5825 6950
320 679 392 758 129
731 675 816 762 llll,
867 671 1701 756 nnanafflotrtttvans.1oattttts
1751 673 1858 751 CAP.
1883 679 1945 755 VI.
2288 693 2362 774 130

319 853 467 926 ludaeos
494 861 532 922 et
552 861 686 942 gentes.
736 845 823 922 Ideo
839 851 926 924 dicit
937 845 1103 924 Christus
1117 847 1217 924 loan'.
1236 850 1312 926 ta:
1337 860 1341 893 ¹
1363 843 1514 918 historia
1531 845 1696 928 miraculi
1711 840 1779 918 boc
1799 860 1959 944 tempore
1981 853 2083 941 facti,
2107 857 2214 930 etiam
2237 863 2361 934 areli.

317 957 456 1033 Sermo,
482 953 745 1048 quemlocutus
767 975 866 1038 sum,
891 954 1063 1026 iudicabit
1085 976 1166 1024 eum
1191 953 1313 1023 novis-
1364 950 1443 1045 quis
1493 950 1608 1020 tribus
1647 951 1868 1039 evangelicae
1909 949 2077 1028 historiae
2117 961 2359 1054 scriptoribus,

317 1060 398 1130 simo
411 1054 493 1126 die.
545 1051 804 1146 Complectitur
817 1049 1086 1127 enimeristus
1101 1068 1138 1127 ει
1151 1057 1313 1141 verbum,
1363 1073 1510 1146 prorsus
1530 1053 1655 1121 eodem
1678 1055 1784 1122 modo
1809 1071 1989 1128 narratur:
2035 1075 2168 1132 certum
2194 1078 2246 1135 est
2267 1078 2359 1136 tem-

319 1156 485 1232 etomnia
500 1155 709 1228 testimonia
723 1157 818 1227 edita
832 1157 878 1226 de
894 1158 1023 1244 verbo,
1049 1180 1139 1251 qnae
1162 1156 1313 1228 conrin-
1362 1177 1430 1245 pus
1451 1175 1666 1242 congruere,
1707 1156 1804 1248 quod
1834 1157 1967 1230 lactum
1991 1163 2098 1235 fuerit
2122 1165 2226 1236 initio
2251 1167 2357 1248 v'eris,

319 1273 393 1334 cunt
405 1279 543 1330 ornnes
556 1256 709 1351 impios,
734 1255 884 1329 ludaeos
899 1271 933 1331 et
948 1272 1080 1349 gentes.
1363 1268 1399 1326 et
1415 1255 1481 1324 sub
1496 1255 1624 1324 festum
1643 1255 1740 1326 illius
1761 1253 1934 1345 Paschae,
1959 1285 2039 1334 cnm
2058 1289 2132 1334 non
2148 1267 2260 1338 multo
2275 1283 2357 1340 ante

362 1419 561 1527 Q¹¹⁰m⁰d⁰
589 1424 743 1522 P⁰l⁶⁸¹l⁸
776 1449 839 1496 ⁰⁰³
862 1419 1018 1516 ‘'edil‘’
1055 1425 1123 1526 θυι.
1146 1450 1174 1522 ἔ
1176 1421 1235 1498 1⁰7
1236 1424 1312 1498 lam
1362 1353 2357 1561 lhllfffsecccluduhllelohialdnllhlchlalllhictllarllhlhlllhnplrlineo

407 1527 521 1600 “13⁰⁸
540 1525 590 1598 “b
604 1525 686 1598 ⁰²3⁰
701 1525 898 1626 ⁰⁶⁶¹⁸P⁸⁹¹¹⁰⁸3
1362 1553 1534 1631 Paschate
1560 1582 1665 1650 supra
1688 1561 1771 1631 satis
1788 1555 1972 1660 perspicue
1990 1568 2124 1640 dictum
2143 1586 2213 1652 est,
2246 1568 2356 1643 Chri-

385 1661 468 1736 llno
486 1662 529 1732 in
543 1662 615 1731 fine
628 1661 740 1744 addit,
766 1683 921 1752 caumrn,
941 1683 1051 1756 qnare
1065 1684 1140 1732 non
1155 1663 1313 1750 credant,
1362 1673 1456 1732 stom
1480 1683 1499 1731 a
1522 1660 1638 1753 primo
1663 1663 1833 1734 miraculo
1856 1665 1948 1738 farto
1972 1669 2010 1738 in
2033 1673 2169 1763 nuptiis
2193 1673 2230 1742 in
2247 1673 2357 1760 Cana,

333 1765 692 1841 atcomrninationem.
744 1760 856 1834 Causa
882 1775 951 1848 est,
977 1763 1063 1856 qnia
1076 1764 1228 1853 gloriam
1243 1759 1312 1834 ltn-
1362 1763 1559 1833 ascendisse
1576 1759 1827 1858 lerosolymam
1851 1768 1896 1836 ad
1917 1769 2065 1856 festum,
2098 1797 2138 1844 ac
2160 1775 2357 1850 indicode·

330 1891 453 1938 manem
485 1879 679 1961 quaerunt.
743 1864 918 1955 Magnum
942 1865 1237 1956 impedimentum
1259 1879 1312 1939 est
1363 1864 1472 1935 scribi
1490 1863 1697 1936 continuam
1715 1861 1899 1938 historiam
1918 1872 2234 1965 eiusdem,‘primo
2251 1901 2358 1968 anuo,

327 1971 392 2040 idei
420 1981 459 2040 et
487 1966 744 2052 confessionis,
793 1967 984 2038 solicitudo
1007 1969 1052 2037 de
1076 1966 1172 2038 victu
1207 1981 1242 2038 et
1268 1971 1312 2040 de
1362 1965 1402 2035 in
1416 1966 1599 2059 prioribus
1614 1967 1773 2062 quinque
1796 1969 1990 2062 capitibus,
2024 1975 2067 2044 de
2090 1978 2206 2048 reditu
2221 1974 2357 2050 Christi

327 2075 403 2152 rita,
432 2071 496 2140 sed
513 2070 630 2140 multo
646 2069 762 2142 maius
788 2081 841 2138 est
864 2070 911 2138 de
931 2069 1044 2157 gloria
1067 2082 1102 2141 et
1127 2069 1310 2161 opinione.
1362 2067 1400 2136 in
1417 2065 1614 2136 Galilaeam
1632 2081 1665 2140 et
1676 2070 1827 2142 transitu
1844 2095 1905 2161 per
1920 2071 2115 2169 Samariam
2131 2092 2164 2148 et
2178 2081 2296 2150 reditu
2311 2083 2357 2152 ad

327 2171 621 2244 Praestantesviri
644 2171 775 2240 nolunt
796 2170 911 2240 videri
934 2171 1092 2240 seditiosi
1115 2186 1148 2241 et
1169 2186 1311 2262 pertnr·
1361 2169 1489 2240 festum
1514 2167 1753 2244 pentecostes:
1794 2175 1854 2242 sed
1880 2175 1919 2244 in
1945 2170 2013 2246 hoc
2037 2179 2151 2268 capite
2183 2204 2275 2252 nova
2300 2205 2357 2252 se·

328 2275 450 2346 hatores
467 2273 636 2364 publicae
652 2272 764 2362 pacis,
789 2284 824 2344 et
837 2271 1023 2343 constituti
1045 2285 1155 2342 status
1179 2275 1218 2342 in
1241 2275 1311 2342 im·
1362 2270 1432 2339 ries
1452 2270 1671 2358 instituitur,
1704 2286 1738 2343 et
1762 2289 1906 2365 apparet
1929 2278 2200 2352 omissumesse
2223 2306 2358 2352 annum

333 2377 440 2469 pariis,
465 2374 633 2445 iudicant
657 2369 847 2445 honestum
870 2396 945 2443 esse
961 2373 1097 2444 'sentire
1111 2397 1192 2444 cum
1207 2398 1309 2465 prae-
1361 2371 1558 2463 integrum,
1585 2372 1710 2468 inquo
1728 2387 1759 2443 et
1777 2372 1940 2447 Christus
1961 2379 2075 2471 coepit
2099 2383 2227 2474 passim
2254 2407 2357 2474 prae·

342 2479 450 2568 ripois,
482 2477 552 2570 qui
575 2475 766 2547 autoritate
786 2476 1020 2560 antecellunt,
1051 2489 1086 2546 et
1110 2476 1311 2548 defensores
1361 2475 1499 2555 dicare,
1534 2477 1739 2565 praesertim
1763 2477 1800 2546 in
1824 2475 2008 2566 Galilaea,
2040 2495 2224 2580 postquam
2249 2483 2357 2556 ioan·-

342 2578 616 2649 esscconcordiae
631 2577 852 2658 communis,
874 2592 909 2649 et
924 2590 976 2648 est
991 2577 1192 2669 plausibilis
1207 2603 1310 2648 men·
1361 2598 1423 2644 nes
1439 2591 1582 2668 captus,
1608 2590 1643 2647 et
1662 2593 1783 2671 postea
1806 2580 2011 2652 interfectus
2037 2597 2107 2664 est,
2140 2609 2219 2656 curn
2238 2581 2358 2661 bacte-

335 2681 493 2752 ts’ostndii
510 2681 609 2771 pacis
624 2691 660 2748 et
672 2680 893 2752 concordiae.
942 2677 1034 2748 Nam
1051 2703 1173 2750 revera
1196 2675 1311 2750 hone·
1361 2701 1429 2748 nus
1444 2679 1560 2769 primo
1579 2701 1643 2748 suo
1659 2703 1754 2750 anno
1774 2682 1849 2751 fere
1863 2682 1910 2750 -in
1930 2679 2058 2754 ludaea
2081 2700 2115 2758 et
2132 2683 2359 2784 lerosolymis

329 2796 404 2852 dom
418 2796 494 2866 est,
518 2805 643 2874 pacem
668 2794 703 2852 et
717 2782 944 2852 concordiam
968 2803 1033 2850 suo
1056 2782 1184 2853 ordine
1207 2782 1311 2870 tueri,
1361 2793 1450 2850 esset
1463 2781 1713 2863 concionatus,
1741 2795 1775 2852 et
1794 2779 1920 2854 loanni
1940 2781 2137 2856 Galilaeam
2153 2792 2305 2864 cesserit.

327 2886 377 2954 sed
413 2907 501 2954 enrn
537 2896 704 2954 taxantur
735 2895 920 2974 potentum
957 2882 1054 2953 idola
1092 2898 1129 2955 et
1163 2906 1311 2966 errores,
1466 2879 1574 2970 Quod
1600 2906 1683 2952 vero
1708 2885 1754 2954 ab
1782 2878 1850 2956 hoc
1888 2887 2002 2976 capite
2044 2890 2187 2960 tertium
2223 2881 2358 2966 Pascha

326 2987 433 3056 rauna
460 2984 639 3078 sapientes
662 2985 761 3077 sequi
784 3007 930 3073 magnas
951 3009 1071 3056 rerum
1096 2987 1312 3057 mutationes
1361 2985 1624 3054 numerandum
1641 2985 1686 3054 sit
1702 2986 1778 3056 cius
1791 2989 1972 3079 temporis,
1998 2987 2241 3084 quoChristus
2257 3017 2359 3080 prae-

325 3087 664 3180 etpertnrbationes.
716 3084 802 3155 ldeo
822 3087 964 3176 fugiunt
980 3089 1233 3179 professionem
1250 3113 1312 3158 ve·
1362 3086 1511 3167 dicavit,
1551 3087 1771 3181 reliquorum
1795 3085 2102 3180 Evangelistarum
2133 3095 2357 3166 narrationes

325 3189 454 3274 ritatis,
486 3188 677 3258 autetiam
705 3189 877 3271 oderunt,
905 3211 973 3258 nec
992 3190 1159 3278 possibile
1181 3202 1235 3260 est
1255 3213 1311 3260 sa·
1364 3187 1542 3268 indicant,
1567 3188 1758 3280 exquibus
1782 3189 1902 3278 colligi
1925 3205 2056 3281 potest,
2091 3191 2260 3264 loannem
2287 3197 2359 3264 cir·

324 3292 502 3382 pientibus
516 3291 594 3359 sine
608 3291 687 3359 luce
710 3289 834 3359 divina
856 3282 953 3360 hunc
971 3290 1136 3362 affectum
1157 3291 1310 3375 vincere,
1363 3288 1452 3357 citer
1475 3287 1659 3357 biennium
1682 3289 1930 3361 concionatum
1962 3317 2048 3362 esse.
2110 3290 2198 3362 Nam
2223 3321 2303 3365 cum
2328 3297 2359 3368 is

323 3395 390 3462 imo
405 3392 535 3462 durius
550 3404 603 3462 est
617 3402 730 3462 morte
738 3442 751 3475 ,
774 3390 897 3460 venire
910 3390 950 3460 in
964 3391 1087 3460 odium
1102 3393 1313 3485 sapientum,
1362 3387 1539 3484 principio
1555 3389 1686 3460 inloto
1704 3390 1854 3461 maxime
1876 3391 1992 3463 vicino
2009 3393 2158 3466 ludaeae
2174 3398 2216 3466 ad
2235 3395 2359 3468 lorda-

323 3511 352 3568 et
364 3495 440 3565 dici
454 3493 740 3579 seditiosum,·et
754 3492 1151 3581 eversoremEcrlesiae,
1175 3508 1209 3566 et
1225 3495 1313 3565 honi
1363 3516 1446 3563 nem
1480 3493 1654 3563 incoasset
1682 3503 1786 3561 strum
1816 3496 2051 3586 baptismum,
2088 3524 2159 3595 quo
2193 3523 2359 3589 magnam

322 3612 439 3669 status.
497 3592 681 3666 Adversus
713 3589 807 3665 hanc
838 3596 1071 3667 tentationem
1109 3597 1314 3669 consolatur
1363 3592 1630 3664 multitudinem
1656 3618 1697 3663 ex
1717 3596 1805 3665 urbe
1828 3594 2037 3693 ierosolyma
2068 3624 2239 3689 egressam
2269 3625 2358 3691 esse,

322 3724 385 3771 nos
397 3696 525 3770 Esaias
540 3698 709 3790 cap.51.:
747 3695 870 3769 Nolite
894 3698 1019 3769 timere
1043 3700 1173 3789 probra
1194 3695 1313 3771 homi·
1363 3697 1488 3767 scribit
1504 3695 1667 3781 Marcus,
1693 3711 1812 3786 postea
1828 3700 1968 3771 secessit
1986 3702 2023 3769 in
2043 3700 2262 3788 Galilaeam‚
2288 3704 2359 3772 cir-

326 3826 426 3881 num,
468 3813 506 3872 et
535 3794 775 3891 blasphemias
806 3821 930 3870 eornm
959 3824 1004 3870 ne
1032 3802 1209 3873 metuatis.
1264 3798 1314 3872 Et
1364 3799 1523 3869 rumiens
1546 3796 1839 3887 ripastordanis,
1867 3816 1901 3873 et
1926 3803 2079 3895 reliquas
2100 3827 2179 3873 oras
2204 3804 2359 3890 accessit,

321 3900 451 3973 Paulus
465 3897 552 3972 huic
568 3899 709 3971 affectui
725 3901 875 3993 opponit
896 3903 1026 3973 multas
1044 3904 1255 3986 sententias,
1279 3918 1315 3977 et
1364 3901 1477 3987 donec
1492 3894 1657 3970 Christus
1681 3900 1786 3971 etiam
1803 3926 1843 3971 ex
1858 3900 2051 3984 Nazareth,
2076 3928 2156 3974 cum
2171 3906 2210 3975 in
2227 3904 2359 3976 viciuia

322 4006 358 4075 iu
373 4001 430 4075 his
455 4027 619 4099 qnoque:
650 4000 733 4073 Non
756 4003 866 4094 pudet
887 4028 943 4073 me
956 3999 1142 4095 Evangelii
1167 4000 1314 4079 Christi.
1364 4014 1453 4073 esset
1475 4002 1520 4070 ad
1536 3998 1771 4071 Betharabam
1790 4000 1872 4099 (seu
1889 4000 2141 4093 Bethabaram)
2165 4008 2358 4093 accederet,

320 4106 561 4181 Comminatio
576 4116 640 4177 est.
690 4102 796 4173 Alius
810 4104 929 4176 veniet
947 4106 986 4175 in
1000 4106 1146 4177 nomine
1162 4129 1246 4191 suo,
1265 4106 1312 4173 il·
1364 4118 1405 4176 ut
1419 4102 1467 4172 ab
1490 4126 1532 4173 eo
1555 4103 1814 4191 baptizaretur,
1841 4108 1970 4177 deinde
1989 4108 2245 4199 aliquantisper
2260 4132 2359 4179 com-

322 4211 393 4281 lom
408 4207 601 4299 accipietis.
652 4202 773 4276 Poena
789 4220 840 4278 est
855 4208 1023 4279 contemti
1037 4206 1222 4297 Evangelii
1238 4230 1313 4277 ma·
1364 4217 1524 4275 moratos
1548 4205 1587 4273 in
1603 4202 1784 4291 Galilaea,
1817 4210 1860 4277 ad
1880 4206 1991 4280 Salim
2010 4210 2157 4293 urbem,
2190 4224 2230 4283 nt
2250 4232 2358 4302 supra

323 4314 374 4383 ior
395 4310 542 4381 caecitas
562 4321 597 4379 et
617 4307 789 4395 amentia,
820 4309 866 4378 ad
888 4306 995 4381 Rom.
1015 4310 1089 4380 lh:
1124 4308 1314 4381 Oculisne
1365 4324 1441 4399 cap.
1463 4307 1498 4377 δ.
1529 4308 1686 4378 narravit
1710 4304 1879 4390 loannes,
1924 4324 1957 4381 et
1987 4310 2217 4401 baptizasset,
2257 4323 2359 4380 ante·

322 4415 485 4497 videant,
506 4422 573 4481 etc.
614 4414 652 4483 2.
664 4404 773 4481 Thes.
789 4412 843 4484 2.:
869 4407 964 4498 Quia
980 4411 1205 4481 dilectionem
1220 4410 1315 4481 veri·
1365 4432 1473 4503 qnam
1493 4409 1539 4479 ab
1557 4406 1699 4478 Herode
1716 4424 1916 4500 caperetur,
1951 4426 1984 4482 et
2007 4412 2216 4506 aliquandiu
2236 4424 2358 4502 postes

322 4515 401 4587 tatis
420 4538 500 4585 non
520 4525 746 4605 receperunt3
780 4511 863 4581 ideo
885 4511 996 4583 mittit
1019 4513 1068 4582 eis
1082 4509 1182 4583 Deus
1197 4514 1314 4584 eliaca·
1365 4510 1595 4582 concionatus
1617 4524 1669 4580 est
1690 4508 1850 4598 Herodi,
1884 4526 1919 4583 et
1942 4534 2045 4604 saepe
2070 4516 2114 4582 ab
2139 4537 2180 4582 eo
2203 4514 2359 4596 auditus,

325 4642 395 4689 cem
408 4615 678 4707 deceptionem,
702 4627 744 4683 ot
761 4626 908 4683 eventus
927 4614 1095 4705 ostendit,
1112 4616 1159 4685 'in
1176 4614 1315 4709 ludaeis
1365 4615 1427 4683 sed
1447 4614 1592 4681 tandem
1616 4612 1654 4679 in
1678 4635 1850 4683 carcerem
1875 4609 2072 4699 coniectus,
2112 4628 2146 4685 et
2170 4614 2210 4683 in
2230 4637 2271 4685 eo
2291 4615 2359 4683 ali-

325 4720 370 4789 ita
387 4730 579 4789 creverunt
597 4715 791 4809 pertinacia
809 4727 844 4785 et
859 4714 970 4801 soror,
996 4731 1037 4788 nt
1052 4717 1195 4787 tandem
1210 4740 1315 4809 pror·
1365 4714 1528 4808 quandiu
1552 4716 1715 4784 detentus
1740 4716 1944 4811 priusquam
1969 4716 2244 4800 interficeretur,
2273 4714 2358 4807 quie

325 4844 379 4891 sus
395 4822 588 4915 perderent
603 4830 712 4889 totam
728 4829 878 4906 gentem.
912 4814 1063 4889 Ponitae
1078 4831 1161 4890 sunt
1178 4831 1214 4890 et
1228 4840 1315 4909 gen·
1365 4813 1507 4888 Christo
1526 4838 1721 4887 err-carcere
1745 4816 1852 4888 mittit
1874 4818 2077 4907 discipulos.
2141 4815 2211 4887 llic
2235 4836 2358 4888 cursus

329 4937 374 4993 tes
399 4932 551 5020 propter
589 4919 850 5009 neglectionem
887 4914 1095 5009 Evangelii,
1140 4932 1316 4991 venerunt
1366 4918 1514 4988 loannis
1539 4941 1613 4986 non
1631 4918 1749 4988 subito
1776 4920 1893 5006 perfici
1920 4920 2055 5008 potuit,
2078 4920 2140 4989 sed
2161 4918 2358 4990 intercessit

329 5026 476 5114 primum
500 5017 688 5105 haeretici,
713 5033 834 5112 postea
849 5014 1097 5113 Mahometoe,
1122 5036 1157 5093 et
1180 5039 1317 5093 errores
1339 5059 1344 5109 t
1366 5017 1682 5111 tempusamplius
1703 5042 1817 5103 anno,
1858 5044 1937 5089 cum
1962 5016 2128 5091 Christus
2153 5022 2295 5090 interim
2317 5018 2357 5087 in

331 5120 538 5199 Pontificum
552 5137 588 5195 et
599 5116 885 5208 Monarborurn,
909 5124 973 5215 qui
984 5120 1180 5195 Ecclesiam
1197 5120 1317 5194 horri·
1368 5118 1499 5191 ludera
1532 5120 1706 5191 incoasset
1731 5120 1991 5207 ministerium,
2025 5135 2059 5191 et
2083 5146 2179 5195 nunc
2200 5120 2356 5211 primum

332 5224 446 5303 hiliter
460 5238 658 5301 vastarum.
1143 5289 1146 5294 .
1366 5222 1498 5293 tradito
1514 5219 1648 5291 loanne
1662 5220 1700 5290 in
1717 5244 1908 5309 carcerem,
1932 5224 1971 5293 in
1990 5222 2149 5293 Galilaea
2167 5222 2358 5293 conciona-

665 5320 670 5337 '
1369 5337 1487 5403 retur,
1524 5336 1558 5393 et
1579 5346 1657 5392 eam
1685 5322 1905 5411 circumiret,
1939 5328 2055 5420 quoad
2091 5326 2197 5397 etiam
2221 5321 2359 5395 Herodi

686 5458 753 5547 ca
779 5468 827 5547 ut
875 5459 956 5547 vl
1370 5426 1547 5524 innotuit,
1575 5424 1666 5495 sicut
1680 5423 1824 5496 Marcus
1841 5450 1916 5519 cap.
1931 5432 1963 5503 l.
1979 5428 2040 5510 ait,
2062 5420 2245 5496 Christum
2260 5436 2359 5517 post·

751 5485 779 5570 p
1370 5550 1478 5618 quam
1503 5525 1653 5597 loannes
1676 5528 1827 5599 traditus
1844 5542 1915 5614 est,
1940 5528 2077 5603 venisse
2091 5528 2131 5597 in
2149 5524 2357 5599 Galilaeam.

424 5630 536 5705 lnitio
551 5626 659 5703 huius
674 5630 799 5721 capitis
814 5627 951 5722 aliquid
967 5626 1011 5696 de
1026 5626 1115 5697 serie
1137 5620 1320 5716 historiae,
1370 5625 1468 5698 Hinc
1484 5626 1554 5699 iam
1572 5626 1731 5719 sequitur
1739 5625 1883 5711 Pascha,
1909 5631 2005 5722 quod
2021 5630 2089 5699 luit
2105 5628 2247 5703 initium
2263 5623 2360 5699 tertii

336 5748 365 5807 ct
383 5736 511 5807 ordine
537 5756 715 5805 annorum
739 5727 1016 5823 praedicationis
1036 5724 1172 5799 Christi
1196 5730 1319 5799 dicen·
1372 5731 1460 5801 anni
1475 5752 1494 5799 a
1510 5728 1773 5820 praedicatione
1788 5726 1946 5817 loannis,
1971 5731 2072 5811 euius
2088 5726 2148 5803 hic
2162 5730 2202 5800 lit
2216 5726 2362 5811 mentio,

334 5838 412 5911 dom
432 5853 497 5912 est.
557 5834 653 5929 Quia
677 5833 773 5907 enim
794 5826 854 5901 hic
877 5830 918 5903 bt
937 5830 1072 5903 mentio
1086 5827 1262 5919 Paschae,
1285 5844 1321 5905 ει
1371 5854 1454 5905 cum
1468 5844 1503 5902 et
1516 5826 1678 5903 Christus
1699 5830 1770 5901 iarn
1787 5830 1861 5902 lere
1882 5833 2134 5927 sesquiannum
2163 5829 2363 5925 praedicas·

382 5944 563 6010 llrsarrrr.
581 5940 687 6008 Orrs.
714 5930 803 6009 Vos.
818 5936 899 6004 XV·
1831 5930 1856 6001 9
