5825 6950
351 739 415 820 tttd
508 735 611 818 Xlll.
661 737 697 811 d.
722 729 1383 814 utttltttarto·dt³tst.1>adtt
1408 729 1477 806 AD
1492 729 1775 835 ,Romanos
1821 735 2200 830 ARGUMENTUM.
2288 755 2364 834 806

288 902 293 1007 p
348 915 444 988 Erant
465 909 589 992 atissa,
611 933 693 987 enm
707 909 813 986 fidem
835 908 1044 1000 intelligunt
1060 919 1200 983 tautum
1222 907 1319 979 uoti·
1371 904 1547 978 mediator
1567 905 1666 981 vetut
1686 907 1954 999 tunbraculusps
1980 917 2195 1010 amplectens
2213 947 2299 1010 nos,
2325 941 2361 1004 el

348 1019 424 1088 ciam
440 1009 635 1100 historiae,
642 1013 822 1099 ¹etiuberrt
841 1007 1004 1082 homiues
1017 1034 1158 1102 semper
1175 1034 1319 1082 manere
1372 1022 1493 1096 tegens
1514 1025 1654 1082 nostras
1677 1013 1817 1100 sordes,
1842 1029 1874 1087 et
1891 1032 2035 1108 propter
2048 1019 2247 1117 ipsumuos
2261 1043 2359 1106 certo

347 1121 379 1188 i„
400 1116 636 1198 dubitatione,
682 1115 767 1209 quia
804 1112 937 1184 Paulos
974 1113 1159 1184 manifeste
1188 1113 1318 1206 inquit,
1370 1109 1496 1200 recipit
1513 1124 1676 1182 aeternus
1694 1127 1803 1203 pater.
1854 1111 1935 1190 Huc
1949 1122 2129 1210 pertinent
2144 1121 2229 1203 haec
2243 1130 2357 1206 dicta:

288 1246 300 1260 ¹·
346 1217 484 1312 Oportet
500 1216 770 1310 promissionem
790 1215 861 1286 lide
875 1213 999 1307 accipi.
1049 1211 1230 1309 Loquitur
1250 1215 1317 1306 igi·
1371 1203 1976 1315 Noniustificabiturincoitapectu
1999 1235 2059 1294 tuo
2079 1227 2198 1300 omnis
2222 1231 2357 1306 vivens.

288 1307 295 1374 ³·
345 1324 447 1396 tordc
461 1320 547 1405 lide,
568 1341 637 1412 qua
654 1332 689 1392 et
705 1333 859 1390 caeteros
874 1315 1043 1387 articulos
1071 1316 1160 1387 fidei
1181 1318 1317 1409 ample-
1370 1307 1531 1404 Item,1.
1549 1309 1625 1387 lob.
1644 1319 1695 1390 1.:
1724 1317 1763 1390 Si
1780 1320 1951 1404 dicimus,
1975 1327 2070 1418 quod
2085 1345 2266 1420 peccalum
2281 1359 2357 1411 ¹¹0¹!

287 1437 291 1475 ¹
345 1424 478 1507 ctimur,
503 1435 538 1494 et
558 1422 771 1492 assentimur
786 1417 1036 1515 promissioni,
1062 1432 1097 1490 et
1116 1419 1315 1504 statuimus,
1368 1409 1562 1506 babemus,
1602 1440 1667 1489 noa
1697 1419 1791 1506 ipsos
1812 1423 2009 1518 decipimus
2032 1442 2099 1502 etc.
2154 1430 2356 1510 Et1.Co.

288 1538 303 1576 a
344 1523 540 1620 promissum
554 1523 765 1596 beneficium
785 1517 926 1591 nobis
941 1513 1121 1603 exbiberi,
1146 1545 1228 1592 cum
1246 1547 1315 1617 qna
1368 1514 1480 1588 rioth.
1498 1517 1554 1590 4.;
1574 1517 1634 1590 Nil
1653 1517 1742 1591 milti
1758 1526 1920 1598 conscias
1945 1549 2043 1615 rum,
2069 1532 2130 1605 sed
2144 1533 2183 1606 io
2198 1529 2266 1610 boc
2280 1561 2356 1613 uon

344 1629 399 1698 ide
419 1637 468 1698 est
493 1625 623 1696 fiducia
648 1625 874 1720 acquiescens
897 1625 936 1693 io
962 1622 1207 1696 misericordia
1231 1649 1317 1716 pro·
1367 1619 1684 1712 iustificatussum.
1734 1621 1783 1700 Et
1798 1621 1912 1703 Exod.
1936 1627 2016 1704 db:
2043 1627 2171 1708 Coram
2194 1652 2229 1715 te
2247 1639 2356 1714 inno·

289 1742 303 1781 a
343 1727 740 1822 mimpmpperfflium,
765 1749 829 1797 “u
851 1725 1317 1822 „equiemminfi110‚„c.
1367 1745 1450 1795 cens
1473 1747 1548 1794 non
1571 1738 1623 1796 est
1646 1725 1829 1827 innocens,
1889 1727 2252 1815 ltem1.Coriut.i.:
2280 1741 2355 1834 Qui

287 1846 302 1885 ⁴²
344 1833 452 1902 cedens
472 1833 516 1900 ad
537 1827 672 1922 Deum,
699 1827 870 1900 invocans
893 1819 928 1900 et
942 1821 1099 1899 clamans
1119 1829 1224 1900 Abba
1245 1827 1314 1899 Pa·
1367 1825 1561 1916 gloriabit,
1587 1827 1627 1896 5¹¹
1639 1823 1797 1900 D⁰¹¹¹3¹¹⁰
1815 1831 2002 1928 glorietur·

290 1946 310 1985 ¹²
344 1945 386 2004 ter
405 1945 466 2003 etc.
526 1929 640 2016 ltem,
672 1930 736 2026 qui
761 1945 881 2002 manet
902 1931 941 2000 in
965 1928 1211 2016 dubitatione,
1240 1953 1314 2001 non
1467 1925 1614 2018 Semper
1638 1929 1748 2018 igitur
1771 1959 1853 2028 vera
1878 1950 1929 2004 est
1954 1927 2040 2008 haec
2061 1941 2276 2034 propositio:
2309 1943 2354 2022 lu

287 2051 312 2089 ,a
343 2031 445 2107 mum
466 2031 786 2105 ,ibimedpmrem
804 2033 1007 2103 empnam
1024 2031 1109 2104 Dei,
1149 2028 1315 2126 Nonigi.
1367 2029 1599 2100 conversione
1615 2045 1649 2102 et
1669 2049 1745 2123 post
1765 2037 2033 2108 conversionem
2056 2041 2095 2111 io
2113 2037 2268 2118 haesita
2284 2048 2354 2120 lide

286 2129 312 2192 ἔνι’·
343 2149 389 2209 tor
399 2137 523 2207 tribuit
540 2136 574 2205 ei
590 2135 751 2208 debitum
767 2130 953 2206 bonorem.
1367 2147 1512 2224 propter
1534 2131 1647 2204 lilium
1668 2134 1906 2233 Dcipersooa
1932 2153 1983 2210 est
2005 2141 2116 2228 iusta,
2137 2145 2175 2216 id
2201 2161 2271 2233 est,
2294 2172 2355 2222 ao-

286 2255 298 2293 a
424 2237 494 2309 sed
517 2239 637 2308 siresa·
651 2239 810 2332 quaestio
835 2233 894 2308 bie
920 2235 1093 2327 agitatur,
1127 2247 1313 2331 postquam
1367 2247 1467 2328 cepta
1493 2233 1573 2306 Deo
1598 2259 1661 2326 per
1685 2237 1986 2328 misericordiam,
2011 2267 2086 2316 non
2109 2261 2354 2345 propterpro·

287 2359 313 2398 o.
342 2334 431 2412 bomo
450 2363 644 2411 conversos
660 2356 730 2426 est,
755 2353 790 2412 et
810 2337 881 2410 iam
895 2362 1040 2411 accensa
1062 2355 1115 2412 est
1132 2341 1170 2411 in
1190 2363 1232 2411 eo
1246 2361 1313 2408 no·
1367 2336 1480 2429 priam
1505 2337 1737 2432 dignitatem,
1767 2341 1841 2416 sola
1866 2342 1948 2414 fide.
2006 2341 2054 2418 Et
2076 2360 2195 2426 tamen
2211 2365 2354 2428 aeterna

286 2439 310 2502 [a
341 2443 414 2514 vitas
432 2441 650 2537 spiritualis,
673 2466 753 2528 seo,
782 2455 820 2513 ut
840 2440 902 2511 alii
916 2443 1135 2536 loquuntur,
1159 2439 1315 2526 dilectio,
1366 2449 1401 2510 ⁰2
1421 2437 1570 2511 ifflffl⁰¹³
1592 2441 1809 2539 '⁰¹5¹³⁸.⁹⁸¹2
1843 2449 2157 2538 900‘1090‘1‘2511
2179 2478 2352 2536 ⁶⁰¹¹Vffl0

341 2545 444 2615 dimus
471 2569 557 2614 eum
581 2545 714 2617 iustum
741 2567 816 2614 esse
845 2556 925 2635 post
951 2547 1219 2616 conversionem
1247 2538 1314 2613 hac
1366 2539 1542 2611 incoatam
1559 2564 1636 2613 csse
1653 2543 1897 2628 dilectionem,
1918 2561 1953 2618 et
1968 2549 2005 2618 in
2022 2552 2204 2626 voluntate
2218 2557 2354 2630 bouum

286 2662 320 2729 pf.
342 2648 477 2719 novitate
499 2671 565 2717 seu
585 2646 796 2733 dilectione,
827 2645 864 2716 id
896 2659 966 2732 est,
999 2671 1186 2740 personam
1216 2667 1315 2716 acce·
1365 2642 1588 2744 propositum
1604 2667 1695 2726 esse,
1714 2660 1749 2718 et
1763 2670 1875 2720 novae
1888 2649 2111 2726 obedientiae
2124 2654 2248 2751 initia,
2271 2660 2354 2734 iux·

286 2739 318 2809 al
342 2763 420 2840 pam
434 2771 508 2819 esse
522 2749 602 2821 Deo
617 2767 652 2818 et
672 2743 859 2818 haeredem
879 2748 973 2819 ritae
987 2765 1153 2821 aeternae
1168 2762 1315 2841 propter
1366 2760 1401 2816 ta
1426 2744 1537 2816 illud:
1570 2744 1644 2833 Qui
1668 2772 1740 2818 nou
1764 2749 1900 2839 diligit,
1923 2767 2043 2827 manet
2067 2757 2106 2826 in
2127 2771 2252 2835 morte.
2303 2759 2353 2836 Et

286 2848 320 2911 ,p
342 2851 568 2938 dangionem,
602 2866 636 2921 et
653 2845 739 2920 haee
754 2847 984 2922 cumularunt
1005 2867 1106 2922 antea
1135 2845 1314 2930 monachi,
1364 2859 1485 2916 tameo
1499 2869 1606 2938 supra
1624 2843 1843 2922 haecomnia
1858 2854 2087 2928 collocandus
2104 2873 2155 2931 est
2169 2862 2354 2954 mediator,

286 2955 485 3023 arriserunt
508 2949 604 3023 banc
631 2953 825 3022 novitatem
850 2975 927 3022 esse
945 2953 1111 3025 meritum
1136 2954 1229 3024 sitae
1252 2976 1313 3023 ae·
1366 2941 1463 3019 boue
1478 2948 1549 3020 fide
1564 2945 1782 3044 apprehendi
1799 2969 1955 3046 oportet,
1981 2973 2017 3029 et
2040 2953 2229 3036 baselides
2249 2990 2352 3059 prae-

286 3071 326 3119 ac:
339 3068 440 3125 ternae
459 3058 505 3125 de
516 3055 715 3145 condigno,
735 3055 773 3125 id
789 3067 862 3143 est,
879 3056 1031 3143 pretium
1056 3055 1312 3148 propterquod
1365 3049 1481 3122 iuml
1495 3051 1533 3122 iu
1551 3053 1903 3130 ⁰¹¹¹111511V⁰⁰⁸15⁰¹100
2341 3123 2346 3133 ·

286 3158 491 3228 llatdebeatnr
504 3157 581 3229 rita
596 3173 756 3240 aeterna,
775 3171 808 3226 et
824 3157 1054 3227 declamitant
1071 3181 1146 3228 non
1162 3181 1237 3227 esse
1253 3177 1313 3256 es·
1468 3149 1618 3246 Semper
1646 3168 1763 3226 autem
1793 3159 1967 3252 obstrepit
2001 3162 2183 3238 invocanti
2208 3170 2352 3262 propria

286 3259 538 3338 ,punuandum
561 3262 699 3329 donum
727 3259 792 3330 [Μ
815 3257 853 3326 5„
883 3259 1084 3344 commu,
1118 3283 1200 3328 eum
1232 3259 1313 3328 ideo
1366 3251 1575 3342 indignitas:
1602 3253 1699 3346 Quid
1715 3259 1824 3358 petis,
1845 3262 1932 3354 quid
1949 3266 2246 3356 expectasaDco,
2271 3297 2352 3346 cum

285 3360 388 3432 ,m
408 3361 608 3446 ,ommim
639 3376 679 3432 m
700 3357 811 3432 hom„
831 3383 873 3430 ρ,
895 3360 1028 3432 iniusso
1044 3363 1104 3432 flas
1119 3361 1253 3442 iussus,
1278 3373 1314 3430 et
1364 3357 1412 3425 ais
1427 3357 1619 3448 indignus,
1646 3361 1791 3432 meritus
1805 3385 1975 3452 poenam,
1999 3380 2035 3438 et
2056 3363 2174 3442 adbuc
2197 3373 2351 3446 circnma

285 3461 404 3537 nltcona
425 3465 569 3535 dileetio
591 3465 638 3535 sit
657 3463 817 3545 iusticia,
851 3464 1093 3535 vociferantur
1117 3465 1312 3537 absurdum
1365 3457 1455 3530 ieras
1472 3474 1586 3531 tecum
1603 3460 1756 3538 multum
1780 3466 1966 3537 sordium?
2015 3465 2149 3543 Contra
2174 3468 2265 3547 banc
2291 3502 2350 3549 co-

285 3589 328 3640 :aa'
343 3586 400 3635 csse
426 3589 552 3656 negare
578 3560 762 3636 bonsioem
792 3582 938 3658 propter
971 3590 1048 3637 eam
1071 3566 1204 3638 insensa
1227 3590 1312 3652 esse,
1363 3562 1570 3653 gitationem
1594 3565 1754 3737 cppotidie
1777 3562 1862 3637 baec
1883 3570 2045 3641 doctriua
2074 3581 2266 3649 exercenda
2287 3596 2351 3669 est,

288 3672 406 3741 niseum
426 3683 542 3740 tameo
566 3684 713 3761 propter
733 3668 937 3739 albedinem
961 3668 1078 3760 paries
1098 3670 1240 3739 dicator
1259 3670 1312 3737 al·
1365 3662 1588 3735 sclasvotem
1639 3668 1790 3755 vangelii
1808 3683 1985 3744 destruam
2009 3689 2043 3745 ‘l
2065 3674 2247 3749 {multllm
2263 3704 2350 3774 ΕΜ,
2408 3666 2425 3683 Ι

343 3766 412 3855 bos,
432 3786 466 3841 et
484 3768 557 3841 bue
581 3771 850 3841 accommodant
872 3766 983 3841 inulta
1009 3770 1114 3842 dicta.
1165 3769 1239 3858 Qui
1257 3771 1312 3839 ls-
1364 3778 1404 3835 ut
1427 3790 1621 3837 curaversns
1644 3772 1687 3837 ad
1711 3766 1825 3841 Deum
1852 3783 1985 3845 statuas
2013 3789 2049 3847 te
2072 3794 2215 3868 propter
2236 3782 2349 3869 lilium

287 3870 381 3949 aar'cit
393 3871 562 3943 iusticiam
582 3874 696 3941 iustos
720 3887 783 3946 est.
832 3874 938 3944 ltem:
962 3870 1044 3941 Non
1064 3872 1246 3944 auditores
1262 3873 1311 3941 le-
1364 3882 1460 3937 certo
1483 3869 1610 3959 recipi,
1633 3884 1668 3939 et
1685 3871 1845 3942 erarrdiri
1860 3898 1922 3967 per
1944 3877 2246 3969 misericordiam,
2269 3908 2350 3977 grs-

286 3972 398 4073 gistis,
424 3979 481 4045 sed
505 3976 658 4045 factores
686 3974 770 4043 iusti
792 3986 887 4044 sonu
945 3972 1055 4045 Item:
1089 3972 1163 4065 Qui
1183 3974 1311 4067 spiritu
1364 3968 1429 4058 tis,
1464 3993 1538 4039 non
1560 3984 1705 4064 propter
1731 3976 1911 4064 propriam
1941 3978 2169 4071 dignitatem,
2202 3986 2293 4061 sicut
2316 4005 2350 4063 et

285 4066 396 4160 ,arilei
409 4090 576 4164 agitatur,
590 4071 629 4147 bi
652 4089 737 4147 snut
753 4077 819 4145 lilii
836 4076 925 4158 Dei,
938 4089 1002 4147 ete.
1363 4069 1495 4141 Daniel
1518 4086 1613 4143 orat:
1646 4070 1787 4147 Exaudi
1816 4100 1881 4147 uos
1903 4074 2078 4165 Domine,
2110 4109 2186 4160 nou
2206 4106 2351 4182 propter

286 4189 345 4263 ομιτ·
425 4180 514 4249 Com
532 4192 654 4249 autem
670 4179 872 4248 accessesit
889 4178 1003 4248 teneri
1025 4176 1226 4268 simplicem
1249 4200 1310 4244 ve-
1364 4170 1539 4245 iusticiam
1555 4188 1731 4263 nostram,
1754 4177 1816 4247 sed
1833 4202 1895 4268 per
1911 4182 2189 4258 miscricordiam
2206 4206 2350 4285 propter

285 4276 462 4372 ,patticam
477 4278 686 4371 Evangelii,
708 4296 743 4352 et
764 4280 953 4349 mediatori
970 4302 1109 4370 semper
1123 4278 1233 4349 tribui
1247 4281 1309 4348 de-
1363 4270 1572 4351 Domioum.
1612 4275 2009 4355 Hanccousolatioocm
2027 4291 2257 4364 necessariam
2275 4318 2350 4367 esse

345 4376 436 4449 bitum
460 4377 655 4467 bonorem,
689 4398 723 4453 et
743 4382 891 4451 retineri
912 4380 1151 4461 conscientiae
1171 4381 1309 4449 firmam
1360 4400 1486 4445 omnes
1505 4378 1554 4467 pii
1568 4380 1787 4469 intelligunt.

291 4496 328 4571 ,p
344 4484 620 4569 consolationem,
644 4496 678 4555 et
699 4498 793 4553 recte
813 4481 1005 4573 gubernari
1019 4484 1126 4553 corda
1151 4483 1189 4551 in
1210 4481 1309 4550 omrai
1465 4478 1537 4551 Sed
1562 4482 1755 4553 adversarii
1777 4482 1947 4573 fingentes
1977 4510 2185 4562 conversum
2215 4492 2347 4569 iustum

285 4576 564 4677 pniovoeatinne,
588 4587 742 4657 domni
765 4599 848 4656 ‚una
863 4584 1046 4665 sossversi,
1070 4588 1250 4677 quomodo
1266 4588 1311 4652 de
1363 4602 1437 4650 esse
1461 4588 1606 4674 propter
1629 4608 1757 4653 novam
1779 4584 2025 4675 dilectionem,
2059 4610 2241 4667 removent
2274 4622 2348 4669 me·

301 4662 329 4774 ¹„
347 4678 460 4755 institis
474 4689 556 4758 linei
570 4688 676 4759 sclam
695 4701 774 4780 post
790 4688 1061 4757 conversionem
1084 4688 1311 4761 sentiendum
1363 4681 1558 4766 diatorem,
1585 4708 1649 4755 nec
1664 4683 1743 4777 plus
1757 4684 1790 4755 ci
1806 4688 1983 4783 tribuunt,
2010 4714 2114 4785 quam
2130 4698 2225 4787 qood
2244 4700 2348 4772 uobis

348 4782 391 4853 sit.
426 4787 511 4861 νη,
525 4791 688 4861 nacarios
704 4810 756 4864 asa
774 4804 810 4859 et
823 4804 1016 4881 perpetuus
1032 4784 1207 4858 Ecclesiae
1222 4812 1310 4857 con-
1365 4783 1467 4853 initia
1494 4783 1636 4857 illarum
1659 4787 1867 4880 qualitatum
1891 4790 2041 4874 meruit,
2080 4815 2143 4865 seu
2173 4798 2270 4891 quod
2302 4801 2367 4881 sit,

285 4904 448 4989 ,prensos
460 4915 520 4981 per
534 4886 730 4980 Prophetas
745 4905 780 4962 et
793 4892 986 4982 Apostolos
1008 4890 1179 4973 traditus,
1204 4888 1310 4959 etiam
1363 4908 1467 4955 causa
1483 4883 1582 4955 illius
1597 4886 1804 4985 minationis
1819 4888 1857 4957 io
1872 4890 1988 4976 nobis,
2014 4909 2132 4984 postea
2151 4923 2230 4969 urm
2246 4924 2348 4993 sepe-

289 5037 324 5093 d!
347 4996 680 5073 postmoversiooem
702 4994 928 5063 statuendum
954 5014 1048 5076 esse,
1088 4992 1215 5061 instem
1237 5013 1312 5061 esse
1364 4986 1479 5068 liunt,
1505 5002 1539 5059 et
1555 4990 1600 5059 de
1616 4988 1691 5059 cius
1706 4991 1973 5079 intercessione,
2000 5009 2034 5065 et
2054 4998 2098 5065 de
2114 4996 2348 5089 imputatione

285 5065 334 5200 id
349 5108 529 5181 personam,
555 5096 590 5166 id
615 5109 686 5179 est,
709 5109 888 5186 arreptam
907 5088 984 5162 Deo
1007 5096 1051 5162 acl
1073 5094 1182 5163 vitam
1198 5107 1310 5162 aeter.
1364 5088 1523 5160 iusticiae
1538 5088 1679 5161 nullum
1694 5092 1841 5163 verbum
1859 5093 1994 5171 dicunt.
2027 5094 2122 5185 Quia
2139 5126 2220 5173 vero
2238 5098 2347 5177 bomo

290 5251 313 5293 α
351 5208 431 5275 nam,
454 5213 594 5291 propter
617 5197 869 5284 mediatorem,
909 5195 984 5264 sola
1007 5195 1093 5279 lide,
1117 5218 1184 5290 per
1204 5194 1310 5262 mise-
1364 5190 1508 5263 intuens
1532 5214 1612 5262 snas
1636 5192 1824 5286 qualitates
1845 5197 1996 5267 multum
2019 5201 2177 5271 wrdinm
2200 5205 2348 5291 invenit,

285 5269 317 5408 fin
351 5289 534 5383 titordiam,
559 5324 632 5368 non
650 5314 797 5391 propter
816 5295 995 5389 propriam
1013 5297 1219 5387 dignitatem
1238 5296 1309 5364 vir·
1365 5316 1438 5361 raon
1455 5294 1570 5363 solum
1599 5294 1876 5365 consolationem
1896 5320 2016 5367 veram
2042 5314 2076 5373 et
2099 5302 2204 5373 fidem
2227 5308 2264 5377 in
2289 5310 2346 5384 ia-

300 5437 336 5503 μμ.
352 5401 466 5480 aarum,
490 5404 698 5493 quatimur„
714 5413 774 5470 sut
791 5420 939 5490 opernm
956 5410 1023 5474 etc.
1365 5396 1549 5465 vocatione
1564 5397 1788 5485 extinguunt,
1810 5399 1871 5466 sed
1889 5398 1994 5473 etiam
2013 5404 2174 5477 dubitare
2190 5408 2328 5485 iubent.

286 5471 293 5513 ⁵
317 5548 325 5564 .
433 5496 503 5569 Etsi
526 5504 719 5573 enimsunt
740 5502 903 5571 incoatae
927 5498 1096 5582 virtutes,
1120 5512 1239 5569 umen
1263 5494 1309 5565 si·
1468 5492 1541 5567 Nec
1561 5496 1642 5591 plns
1659 5498 1782 5569 dicunt
1803 5500 1848 5568 dc
1866 5498 2024 5592 iusticia,
2048 5528 2155 5597 qoam
2173 5526 2345 5601 qcrautum

294 5557 318 5712 it
353 5594 414 5663 mal
432 5598 541 5673 salbus
571 5606 703 5674 multae
730 5604 853 5673 sordes
880 5597 1028 5671 baereat
1060 5600 1100 5669 io
1127 5620 1313 5682 converso,
1364 5594 1466 5669 Plato
1487 5598 1597 5684 dixit,
1633 5599 1718 5671 tuuc
1739 5620 1814 5669 esse
1836 5602 2146 5683 excellentem,scu
2169 5607 2347 5682 beroicam

285 5682 289 5723 ⁹
320 5758 328 5778 ,
354 5712 405 5763 nec
423 5698 507 5771 itlius
519 5702 585 5775 Dei
600 5720 722 5797 postea
736 5702 868 5776 desiuit
891 5723 966 5771 esse
990 5701 1176 5775 mediator.
1227 5696 1313 5769 ldee
1366 5698 1552 5780 virtutem,
1586 5703 1729 5793 quando
1757 5714 1899 5791 pectora
1932 5728 2004 5775 ooo
2034 5719 2171 5778 mutum
2195 5712 2347 5802 diligen·

288 5770 322 5913 ὣς
357 5804 553 5876 usandum
574 5821 647 5892 est,
670 5808 741 5877 lide
762 5828 832 5874 nos
852 5816 1000 5897 propter
1021 5802 1138 5893 ipsum
1166 5800 1314 5894 placere,
1365 5798 1413 5872 tia
1439 5795 1595 5869 humana
1627 5818 1820 5893 reguntur,
1873 5806 1934 5873 sed
1965 5808 2071 5878 etiam
2100 5810 2225 5881 divino
2247 5830 2347 5885 motu

285 5886 309 6034 :c
319 5955 331 6006 t
358 5912 416 5965 oon
434 5924 566 5999 propter
587 5924 745 5981 nostram
771 5903 1001 6009 dignitatem:
1034 5924 1172 5997 semper
1194 5916 1316 5974 manet
1369 5924 1431 5974 seu
1445 5900 1568 5973 alllatu
1583 5906 1848 6075 αιεοιιάυιιὲιιτ..
1888 5902 1929 5978 ld
1946 5930 2027 5979 vere
2043 5900 2190 5995 dicitur,
2213 5927 2348 5987 etron-
