5825 6950
529 668 554 695 κ’
577 688 655 767 848
855 759 859 768 ,
1110 756 1115 764 ,
1166 671 1296 749 Ptttn.
1320 670 1440 749 Mtte.
1467 670 1680 747 SCRIPTA
1702 666 2006 753 moseten
2076 700 2081 710 ·
2231 750 2238 767 ,
2318 702 2326 714 ·
2524 685 2592 761 ιιι

581 863 676 946 niat,
697 882 743 929 an
766 852 930 927 exaudiat
951 846 1134 931 homines,
1159 841 1271 919 habes
1293 861 1327 919 et
1344 848 1431 919 alias
1447 870 1571 919 mean-
1622 869 1704 931 na„
1723 846 1827 919 iustis
1851 847 1952 921 dabit
1971 850 2078 926 bona.
2139 844 2195 923 De
2216 850 2362 925 iniunt,
2384 855 2595 931 mig-„mm

582 980 634 1037 tes
659 961 880 1053 cupiditates.
938 952 1034 1025 Haec
1059 965 1110 1022 est
1132 950 1307 1022 sententia
1335 948 1441 1023 huius
1467 951 1571 1021 dicti:
1623 962 1692 1034 est,
1725 950 1848 1021 deberi
1870 975 2002 1042 poenas
2028 978 2094 1045 pro
2121 952 2279 1043 ipsomm
2308 956 2431 1041 factis,
2468 971 2502 1027 et
2523 985 2596 1050 pto.

584 1065 720 1139 Eadem
737 1062 840 1145 lacis,
866 1058 999 1128 seilicet
1015 1052 1246 1125 interioribus
1269 1053 1381 1123 animi
1405 1054 1573 1124 motibus.
1623 1067 1701 1144 pter
1715 1051 1874 1142 ipsorum
1890 1054 1991 1129 facta.
2042 1053 2097 1129 De
2113 1056 2216 1129 iustis
2230 1080 2272 1130 ex
2285 1053 2483 1147 Evangelio
2496 1064 2598 1133 scien·

585 1168 680 1258 Quia
696 1163 922 1235 notissimum
940 1173 991 1228 est
1015 1157 1226 1247 principales
1247 1178 1368 1227 causes
1392 1156 1572 1225 actionum
1625 1156 1711 1225 dnm
1741 1167 1814 1239 est,
1847 1158 2034 1250 quomodo
2061 1158 2134 1228 sint
2164 1159 2259 1234 iusti.
2332 1158 2381 1231 Ει
2401 1184 2481 1231 eum
2506 1162 2598 1233 fidem

585 1293 659 1341 esse
682 1280 856 1350 mentem,
882 1255 1249 1332 voluntatemetCor.
1298 1256 1445 1328 Accedit
1465 1259 1575 1347 igitur
1628 1270 1815 1347 opporteat
1834 1279 1908 1327 esse
1931 1258 1969 1326 in
1994 1261 2118 1345 nobis,
2143 1255 2484 1350 sicutEvangelium
2501 1266 2601 1354 docet,

586 1370 789 1443 conclusio:
817 1362 928 1454 Ergo,
955 1386 1035 1431 eum
1060 1362 1181 1429 eadem
1198 1358 1325 1439 iacias,
1352 1360 1575 1429 inexcusabi-
1633 1354 1719 1426 baec
1740 1359 1815 1447 ipsa
1839 1361 1973 1430 mentio
1997 1362 2099 1447 fidei,
2131 1387 2222 1455 qnae
2245 1362 2377 1433 nititur
2396 1385 2471 1431 non
2493 1380 2599 1437 nostra

586 1476 631 1546 lis
647 1494 682 1543 es
697 1470 859 1563 quisquis
877 1465 1029 1544 iudicas,
1056 1464 1092 1531 id
1113 1476 1182 1546 est,
1208 1463 1297 1532 alios
1321 1465 1488 1545 damnas,
1513 1487 1572 1530 ex·
1627 1461 1824 1551 dignitate,
1870 1464 1934 1531 scd
1971 1464 2215 1533 misericordia
2255 1466 2430 1555 promissa
2470 1482 2600 1558 propter

587 1576 699 1649 ternis
719 1570 857 1641 delictis
875 1566 1145 1647 contaminatos,
1172 1562 1316 1633 Tenon
1336 1567 1496 1648 damnas,
1512 1562 1574 1657 qui
1628 1564 1878 1647 mediatorem,
1904 1566 2080 1645 ostendit,
2108 1567 2184 1638 dari
2203 1566 2310 1653 vitam
2330 1581 2508 1637 aeternam
2531 1594 2601 1661 pm·

589 1677 740 1749 similem
757 1670 865 1757 habes
879 1668 1085 1738 interiorem
1102 1665 1321 1755 pravitatem.
1627 1678 1706 1753 pter
1728 1665 1842 1735 filium
1868 1666 1951 1739 Dei.
2003 1664 2051 1739 Et
2072 1681 2190 1738 tamen
2213 1668 2297 1761 quia
2317 1668 2406 1738 fides
2428 1670 2537 1741 vinu,
2559 1686 2601 1742 ,q

689 1776 820 1868 Estque
838 1770 923 1841 haee
937 1767 1117 1839 conclusio
1133 1769 1306 1837 accusatio
1320 1767 1500 1851 omnium,
1514 1762 1575 1857 qui
1628 1767 1667 1835 in
1693 1768 1815 1849 uobis,
1848 1768 1904 1837 lex
1927 1792 1992 1841 suo
2017 1793 2116 1839 more
2138 1782 2307 1864 tanquam
2329 1774 2376 1841 de
2400 1785 2518 1843 nostra
2541 1774 2600 1843 vir·

589 1907 626 1954 se
651 1893 794 1970 propter
828 1875 949 1944 civiles
974 1894 1090 1940 mores
1119 1868 1338 1939 arbitrantur
1370 1870 1482 1938 iustos
1504 1889 1577 1935 esse
1628 1883 1703 1939 tute
1725 1869 1896 1962 loquitur.

591 2006 708 2054 coram
727 1981 821 2061 Deo,
848 2000 927 2045 eum
951 1974 1083 2063 sciant,
1110 1985 1244 2040 mentes
1268 1972 1389 2061 plenas
1412 1993 1486 2038 esse
1510 1970 1576 2035 du·
1864 2037 1872 2055 ι
2054 2036 2063 2055 ο
2220 2016 2224 2021 .

590 2085 805 2157 bitationum
831 2091 865 2148 et
890 2099 1070 2161 errorum,
1106 2088 1140 2145 et
1162 2074 1270 2143 eorda
1295 2072 1418 2143 moltis
1442 2070 1579 2141 vitiosis
1640 2033 1685 2112 N
1683 2063 1730 2109 θ’*
1744 2048 1795 2109 ⁶5¹
1811 2064 1905 2109 ‘mm
1922 2048 2082 2135 “mlum
2096 2062 2339 2136 Pemnmm
2356 2036 2464 2139 (ΨΜ
2472 2037 2592 2117 Dwm·

591 2183 846 2279 cupiditatibus
860 2180 994 2248 ardere.
1735 2174 1782 2263 Ut
1797 2170 1865 2245 hoe
1881 2178 1958 2245 loco
1976 2178 2020 2245 ad
2031 2174 2215 2249 Romanos
2231 2176 2509 2269 inquitPaulus:
2534 2178 2598 2249 Neu

694 2284 806 2357 Addit
829 2294 945 2351 autem
968 2276 1100 2349 Paulus
1123 2276 1443 2348 confirmationem:
1479 2272 1580 2344 iudi-
1631 2291 1683 2349 est
1706 2280 1860 2368 acceptio
1892 2300 2125 2369 personarum
2150 2284 2242 2369 apud
2271 2278 2413 2351 Deum:
2453 2281 2499 2350 ita
2524 2294 2553 2351 et
2570 2282 2599 2354 iu

593 2391 687 2461 cium
703 2385 769 2458 Dei
786 2385 980 2453 secundum
999 2381 1182 2451 veritatem
1199 2392 1268 2464 est,
1294 2380 1421 2462 idest,
1448 2378 1582 2447 iudicat
1632 2380 1732 2452 Actis
1758 2380 1948 2468 capite10.
1973 2381 2146 2472 scriptum
2169 2395 2241 2453 est:
2269 2380 2354 2451 Non
2377 2395 2429 2467 εει
2454 2406 2599 2473 personae

594 2490 798 2567 nonsolum
813 2500 994 2556 externam
1008 2485 1169 2555 umbram
1186 2483 1378 2565 actionum,
1402 2482 1462 2549 sed
1482 2502 1582 2547 men·
1633 2495 1796 2571 acceptor
1811 2480 1920 2555 Deus.
1971 2480 2020 2553 Et
2044 2483 2131 2555 alibi
2153 2505 2257 2573 saepe
2278 2485 2456 2573 repetitur
2476 2478 2537 2555 hoc
2556 2486 2599 2553 di·

595 2610 646 2664 tes
663 2607 697 2663 et
715 2592 848 2659 fontem
868 2579 1059 2657 actionum.
1095 2583 1134 2655 st
1149 2584 1186 2652 in
1204 2584 1382 2652 mentibus
1398 2608 1473 2653 non
1491 2581 1584 2651 lucet
1634 2599 1751 2663 ctum,
1784 2598 1824 2653 ut
1847 2582 1973 2655 Esaiae
1998 2581 2060 2655 42.
2096 2586 2140 2654 de
2165 2583 2319 2657 Messio:
2365 2584 2448 2655 Non
2476 2588 2598 2675 aecipite

596 2718 678 2763 vera
692 2696 736 2761 de
753 2689 830 2761 Deo
853 2687 1048 2771 sententia,
1074 2686 1103 2755 si
1129 2686 1328 2755 voluntates
1346 2708 1487 2755 aversae
1501 2695 1584 2753 sont
1634 2708 1821 2777 personam
1841 2700 1906 2755 etc.
1960 2686 2145 2774 Significat
2161 2700 2279 2757 autem
2293 2688 2523 2775 generaliter,
2541 2710 2594 2755 nou

596 2796 735 2882 aDeo,
770 2805 805 2861 et
827 2814 900 2860 sese
924 2790 1004 2881 plus
1027 2801 1165 2872 amant,
1198 2811 1302 2880 quam
1324 2784 1457 2869 Deum,
1492 2800 1585 2854 certe
1633 2790 1792 2878 accipere
1817 2810 2022 2876 personam,
2057 2790 2172 2859 lacere
2199 2788 2378 2857 indicium
2400 2791 2444 2857 ‹ie
2466 2790 2595 2872 re‚sine

596 2924 674 2967 nou
703 2897 948 2982 obtemperant
962 2890 1032 2979 legi
1051 2890 1143 2973 Dei,
1169 2913 1259 2981 quae
1281 2890 1427 2981 inquit-a
1451 2886 1586 2977 Diliges
1635 2890 1843 2959 discrimine
1865 2890 2124 2972 accidentium,
2157 2913 2248 2981 quae
2271 2913 2292 2959 a
2316 2914 2357 2961 re
2384 2891 2496 2961 aliena
2522 2903 2597 2962 eunt

598 2999 793 3073 Dominum
811 2996 928 3065 Deum
949 3007 1051 3063 tuum
1066 3014 1107 3061 cx
1123 3003 1198 3061 toto
1213 2992 1319 3061 corde
1334 3001 1399 3065 etc.
1639 2990 1954 3083 UtTorquatusde
1966 2992 2042 3061 sola
2058 3014 2095 3059 re
2108 2991 2597 3073 iudicateondemuansfiliun

1638 3118 1703 3165 nee
1717 3095 1841 3163 obresit
1856 3116 1930 3163 rem
1948 3107 2093 3185 propter
2113 3094 2377 3183 cognationem.

1734 3193 1869 3267 Usitate
1886 3196 2099 3267 describitur
2113 3196 2270 3286 acceptio
2286 3218 2532 3287 personamm:
2552 3188 2599 3261 tu

702 3294 888 3367 intertexit
911 3298 1052 3365 brevem
1077 3288 1380 3379 adhortationem,
1415 3318 1484 3387 qna
1508 3320 1586 3365 om·
1642 3300 1727 3369 dare
1741 3298 1900 3389 aequalia
1917 3297 2180 3391 inaequalibus,
2209 3297 2266 3365 vel
2279 3299 2481 3390 inaequalia
2496 3318 2597 3388 aequa·

599 3402 838 3476 nesvocatad
859 3395 1133 3489 poenitentiam,
1157 3418 1198 3463 ac
1221 3397 1342 3480 docet,
1367 3395 1589 3492 quareDeus
1639 3402 1747 3474 libus.
1798 3395 1928 3471 Oritur
1950 3415 2068 3471 autem
2091 3401 2284 3484 sententia,
2322 3399 2510 3492 prohibens
2530 3418 2598 3488 ape

598 3507 740 3578 differat
758 3525 908 3594 poenas,
934 3498 1116 3582 videlicet,
1143 3511 1182 3567 ut
1200 3499 1351 3586 spatium
1372 3500 1478 3569 nobis
1503 3524 1589 3570 con·
1640 3497 1905 3596 σωποληψίαν,
1928 3527 1972 3573 ex
1994 3504 2153 3574 lontibus
2177 3502 2354 3575 iusticiae.
2417 3502 2544 3570 iusticia
2560 3511 2597 3566 est

600 3611 701 3677 cedat
726 3608 769 3673 ad
794 3601 1072 3673 conversionem.
1122 3596 1285 3688 Singuli,
1310 3599 1348 3666 in
1375 3625 1589 3695 quocunque
1639 3603 1851 3696 aequalitas,
1872 3606 1931 3672 sed
1952 3606 2326 3676 ordinataseeundum
2342 3599 2597 3675 mensnramali·

601 3713 724 3800 lapsu,
749 3707 801 3775 rei
822 3706 913 3774 liuut
929 3703 1053 3772 mortis
1073 3716 1252 3785 aeternae,
1280 3713 1313 3770 et
1337 3701 1426 3770 iuste
1448 3717 1590 3793 possent
1642 3730 1760 3799 quam.
1812 3702 1862 3776 Ut
1878 3707 1988 3776 ludex
2003 3720 2088 3778 tunc
2103 3720 2155 3776 est
2176 3707 2306 3792 iustus,
2334 3731 2414 3776 eum
2437 3702 2597 3795 aequaliter

602 3809 721 3884 aDeo
744 3807 909 3880 interfici:
943 3808 1003 3874 sed
1028 3805 1199 3872 immensa
1221 3804 1363 3873 bonitas
1385 3801 1473 3885 Dei,
1507 3806 1589 3899 quia
1642 3821 1990 3891 mensuramservat,
2017 3809 2269 3898 punitsoutes,
2293 3805 2596 3878 etdelenditiuuo·

581 3924 677 3985 'non
690 3911 766 3981 vult
780 3923 893 3980 totum
919 3929 1028 3996 genus
1044 3902 1241 3977 humanum
1266 3906 1401 3996 perire,
1428 3909 1591 4004 concedit
1641 3924 1780 3993 centes,
1806 3933 1870 3980 nec
1891 3911 2084 3982 discedite
2110 3933 2276 3980 mensura
2294 3925 2439 4001 propter
2452 3900 2597 3978 aliaatci·

603 4015 756 4106 spatium
779 4012 934 4091 miseris,
958 4023 998 4078 ut
1012 4008 1050 4075 in
1067 4007 1160 4075 viam
1178 4008 1343 4088 redeant,
1370 4009 1467 4078 iuxta
1481 4009 1589 4078 illud:
1641 4007 2051 4082 dentiainhominibus.
2100 4007 2152 4082 Et
2168 4027 2290 4084 contra
2308 4009 2402 4081 hanc
2424 4023 2595 4080 mensuram

594 4116 698 4210 ¹Vivo
717 4137 800 4204 ego,
827 4113 913 4180 dicit
928 4109 1123 4192 Dominus,
1149 4109 1234 4176 nolo
1258 4125 1407 4178 mortem
1430 4124 1588 4201 peceato·
1641 4115 1778 4198 facere,
1811 4114 2043 4206 inaequalitas
2063 4129 2134 4198 est,
2167 4137 2258 4207 quae
2284 4130 2337 4188 est
2367 4114 2490 4186 iniusta
2509 4117 2598 4196 atty-

603 4221 653 4290 ris
670 4230 750 4294 ete„
785 4212 866 4287 Huc
881 4212 1034 4304 pertinet
1048 4209 1216 4301 parabola
1232 4211 1275 4278 de
1290 4210 1370 4293 lieu,
1397 4209 1514 4280 Lucae
1534 4213 1590 4283 18.
1642 4217 1777 4286 raonis.

604 4321 809 4392 Dolendum
827 4329 879 4383 est
894 4326 1031 4392 autem,
1053 4326 1124 4382 tam
1146 4324 1270 4381 tetram
1290 4313 1500 4402 pravitatem
1518 4338 1591 4382 esse
1746 4315 1830 4385 ideo
1854 4339 1936 4387 cum
1959 4317 2108 4405 dicitnr:-
2135 4317 2243 4407 Apud
2266 4316 2382 4389 Deum
2406 4338 2475 4384 non
2497 4321 2540 4378 est
2554 4327 2596 4374 ar·

605 4421 781 4494 humanae
802 4429 971 4498 narraras,
1009 4428 1050 4486 ut
1070 4408 1156 4483 hm
1179 4412 1255 4502 ῐΡὸθ
1280 4437 1401 4496 mora,
1436 4439 1500 4505 pro
1522 4440 1592 4508 qua
1643 4418 1759 4508 c'eptio
1784 4441 2037 4507 personarum,
2070 4420 2242 4489 tribuitur
2263 4421 2296 4490 ci
2318 4423 2395 4490 laus
2416 4410 2556 4486 iusticias
2571 4417 2597 4470 et

605 4523 735 4614 gratias
751 4542 852 4610 agere
871 4519 1037 4595 debebat,
1064 4514 1248 4586 confirmet
1269 4516 1503 4606 multiplicem
1524 4519 1592 4584 im·
1644 4520 1885 4612 aequalitatis,
1912 4521 2013 4590 carius
2029 4517 2113 4590 lraec
2130 4544 2297 4602 mensura
2313 4535 2377 4591 est.
2439 4515 2597 4588 Universa·

607 4626 780 4716 pietatem.
832 4617 964 4690 Levius
980 4618 1075 4686 euim
1095 4631 1222 4686 curant
1239 4613 1400 4686 homines
1419 4619 1591 4689 iudicium
1648 4623 1729 4690 liter
1745 4622 1909 4692 isracitur
1924 4619 2020 4690 Deus
2033 4637 2175 4712 peceato
2192 4623 2229 4688 in
2245 4617 2406 4704 homine,
2430 4633 2463 4688 et
2482 4611 2596 4684 univer-

605 4726 692 4810 Dei,
719 4737 902 4814 propterea
921 4723 1014 4812 quod
1033 4742 1165 4809 poenae
1180 4718 1402 4805 differentur,
1430 4721 1493 4788 etsi
1508 4717 1593 4789 haec
1642 4724 1765 4797 saliter
1781 4724 1905 4814 accipit
1922 4749 2046 4794 omnes
2062 4726 2106 4793 ad
2122 4725 2351 4794 mediatorem
2374 4716 2594 4804 confugientes·

517 4839 523 4850 '
608 4832 683 4920 ipsa
707 4848 805 4894 mora
834 4823 937 4892 valde
960 4821 1078 4891 brevis
1103 4840 1163 4892 est.
1217 4818 1365 4908 insuper
1386 4823 1495 4910 igitur
1518 4845 1594 4890 sce·
1645 4823 1748 4894 Hanc
1777 4847 1980 4894 mensuram
2005 4849 2070 4896 suo
2102 4825 2360 4914 sapientissimo
2382 4837 2417 4892 et
2434 4811 2593 4888 iustissimo

608 4926 888 5022 lerasceleribus
911 4926 1103 4992 adduntur.
1156 4919 1259 4990 Hane
1284 4924 1518 5012 perniciosam
1541 4946 1594 4991 se·
1647 4926 1796 4995 consilio
1818 4928 1951 5008 sanxit,
1978 4942 2012 4996 et
2036 4929 2111 4996 vult
2135 4928 2317 4999 immotam
2341 4947 2421 4998 ease,
2481 4912 2593 4986 tetu-

609 5028 791 5101 curitalem
808 5025 939 5094 Paulus
964 5025 1064 5094 brevi
1083 5023 1226 5116 quidem
1252 5025 1364 5103 dicto,
1392 5027 1452 5093 sed
1476 5039 1595 5093 tamen
1647 5050 1748 5116 gere,
1771 5030 1866 5120 quod
1884 5052 1957 5096 non
1972 5042 2084 5097 servet
2099 5025 2191 5098 hanc
2209 5031 2465 5122 aequalitatem,
2489 5007 2593 5086 esttri-

609 5131 788 5203 atrocibus
811 5127 928 5196 verbis
950 5139 1108 5208 accusat,
1132 5124 1220 5193 dicit
1250 5119 1412 5194 homines
1436 5140 1594 5195 contem·
1648 5133 1757 5199 buere
1773 5129 1804 5196 ei
1820 5126 2150 5225 προσωποληψίαν.
2187 5129 2287 5220 ‚ideo
2303 5146 2336 5201 et
2350 5111 2592 5204 Paulusinquis

609 5258 693 5303 nere
706 5230 901 5299 bonitatem
916 5239 951 5296 et
966 5226 1190 5298 tolerantiam
1205 5221 1286 5300 Dei.
1321 5223 1422 5312 ltem,
1448 5229 1596 5298 sihicu·
1649 5228 1743 5298 Deus
1772 5232 1850 5300 vult
1880 5255 2011 5301 omnes·
2037 5229 2201 5302 homines
2230 5233 2344 5302 salvos
2372 5226 2461 5306 fieri,
2491 5219 2523 5286 id
2546 5219 2592 5285 td·

610 5335 746 5406 mulare
770 5331 873 5400 iram·
1650 5332 1808 5423 aequalis
1830 5347 1881 5402 εει
1902 5335 2089 5417 omatibus,
2115 5337 2212 5406 iuxta
2232 5352 2424 5406 mensuram
2440 5339 2533 5416 quam
2551 5312 2593 5378 in·

1648 5432 1776 5504 stituit.
1841 5430 1889 5504 Et
1914 5438 2010 5528 quod
2043 5439 2087 5504 ad
2112 5436 2224 5526 ipsius
2248 5437 2455 5506 voluntatem
2482 5415 2590 5519 attinet

1633 5533 1727 5612 ‚vult
1748 5525 1918 5606 Omnes
1950 5534 2114 5606 homines
2137 5537 2252 5606 salvos
2274 5539 2401 5615 lacere,
2435 5525 2489 5594 scd
2509 5510 2589 5586 mulo

710 5633 972 5724 Relinquamus
1002 5650 1124 5697 omnes
1162 5628 1364 5718 praestigias
1399 5627 1598 5721 sophisma·
1650 5657 1712 5706 sua
1735 5636 1840 5727 culpa
1857 5639 2015 5710 oblatum
2034 5639 2243 5710 beneficium
2256 5664 2329 5708 non
2345 5628 2507 5718 accipiunt
2518 5627 2573 5722 ειε.Ι

611 5755 706 5819 tum,
734 5748 768 5805 et
785 5752 1013 5822 agnoscamus
1028 5725 1172 5820 phrasin
1191 5729 1290 5818 legis.
1350 5729 1492 5803 Reddet
1514 5733 1597 5800 uni·
1752 5736 1850 5808 Haec
1869 5755 1919 5809 est
1933 5763 2059 5830 magna
2075 5754 2110 5812 et
2124 5742 2316 5810 necessaria
2329 5726 2513 5808 consolatio,
2525 5725 2588 5820 q¹¹ffl

613 5835 849 5933 cuique'iuxta
866 5856 972 5926 opera
986 5853 1060 5916 sua,
1078 5831 1191 5920 idest,
1209 5832 1362 5902 iniustos
1377 5834 1597 5928 afficietpoe·
1652 5839 1690 5908 in
1707 5841 1870 5910 omnium
1888 5837 2075 5912 hominum
2096 5843 2280 5914 mentibus
2303 5857 2420 5930 magua
2441 5838 2487 5896 est
2503 5831 2587 5900 trept-

825 3152 1043 3229 Existimas
1058 3165 1180 3227 oulem
1197 3148 1352 3228 ohomo.

715 5476 722 5486 ³
748 5489 894 5569 Reddet
910 5489 1102 5590 unicuique
1120 5491 1230 5562 iuxta
1247 5515 1356 5590 opero
1381 5517 1464 5568 suu.
