5825 6950
542 667 620 744 aas
974 715 978 724 .
1118 585 1632 734 autumantium
1660 653 1979 745 exacuatas:
2501 675 2565 749 oss

547 841 746 916 doctrinam
766 837 914 922 deiide,
942 846 979 906 et
996 831 1260 917 vociferantur,
1292 826 1456 903 homines
1479 830 1537 902 iu·
1592 847 1627 906 et
1641 831 1745 927 impii
1760 827 1971 907 orationem.
2020 833 2135 920 item,
2166 835 2306 932 qualem
2328 836 2439 908 hdem'
2455 837 2566 920 allerre

547 962 620 1017 stos
643 968 717 1015 esse
738 938 986 1031 magnitudine
1009 935 1260 1015 afflictionum,
1303 948 1337 1004 et
1363 935 1436 1006 suis
1456 936 1539 1030 qui·
1595 935 1672 1027 pios
1702 937 1747 1007 sd
1778 938 2019 1009 invocandum
2044 950 2229 1031 oporteat:
2272 941 2566 1041 namubicunque

547 1050 698 1120 busdam
714 1041 1061 1123 illuminationibus,
1086 1051 1192 1129 atque
1208 1038 1257 1106 ita
1272 1037 1445 1108 abiiciunt
1460 1062 1541 1108 ver·
1594 1039 1781 1131 ignoratur
1795 1042 1956 1112 doctrina
1975 1044 2020 1111 de
2037 1037 2104 1112 bac
2120 1041 2208 1126 fide,
2240 1044 2284 1113 de
2299 1065 2368 1134 qua
2386 1037 2444 1114 hic
2459 1046 2565 1141 loqui-

549 1155 636 1222 bum
652 1165 685 1218 et
700 1148 900 1216 doctrinam
922 1147 967 1212 de
987 1142 1068 1236 ade,
1116 1137 1268 1210 Prorsus
1289 1139 1374 1210 talia
1396 1141 1544 1210 luerunt
1595 1165 1694 1225 mur,
1715 1141 1934 1230 impossibile
1948 1157 1999 1213 cst
2016 1145 2163 1212 existere
2177 1167 2295 1212 veram
2311 1143 2568 1224 invocationem.

551 1253 638 1324 olim
682 1251 915 1320 deliramenta
953 1237 1248 1314 Manichaeorum
1282 1255 1315 1312 et
1347 1238 1545 1313 Euthusia·
1594 1240 1834 1316 Confirmatur
1850 1247 1944 1314 enim
1962 1246 2138 1317 dubitatio
2157 1259 2191 1316 et
2210 1247 2457 1332 incredulitas,
2484 1257 2566 1344 quod

554 1370 698 1425 starum.
733 1349 806 1420 Nee
821 1362 873 1420 est
888 1347 995 1418 unius
1009 1343 1180 1435 temporis
1197 1345 1433 1429 error,facile
1448 1346 1543 1415 enim
1595 1343 1691 1420 Deus
1708 1369 1783 1416 non
1801 1349 1981 1437 exaudiat,
2007 1371 2081 1417 non
2094 1361 2213 1433 curet,
2247 1349 2320 1418 lmo
2336 1348 2500 1423 abiecerit
2522 1355 2570 1424 in.

553 1456 769 1526 delabuntur
785 1446 948 1521 homines
971 1447 1011 1516 in
1034 1446 1121 1514 tales
1142 1446 1430 1537 imaginationes,
1465 1471 1545 1518 cum
1598 1461 1795 1522 vocantem.

553 1558 680 1630 leviter
694 1555 852 1624 sentiunt
866 1555 910 1620 de
925 1550 1034 1620 verbo
1050 1541 1137 1617 Dei.
1309 1575 1314 1580 ’
1698 1549 1772 1620 Nos
1793 1563 1911 1620 autem
1935 1547 2135 1622 Christiani
2158 1553 2336 1622 discamus
2354 1546 2448 1623 hanc
2470 1555 2571 1628 incre-

599 1700 602 1714 ·
658 1656 709 1727 lli
730 1650 980 1732 Enthusiastae
999 1649 1161 1739 fugiendi
1184 1662 1218 1721 et
1240 1650 1426 1722 execrandi
1451 1641 1546 1723 surit.
1597 1651 1782 1722 dulitatem
1798 1668 1979 1742 peccatum
1996 1676 2088 1738 esse,
2102 1669 2137 1726 et
2153 1677 2392 1745 repugnemus
2406 1651 2488 1727 huic
2502 1683 2570 1749 pec-

556 1759 603 1832 Et
617 1759 819 1840 sciendum,
844 1757 939 1848 quod
958 1755 1057 1825 Deus
1075 1776 1151 1822 non
1167 1752 1252 1824 velit
1278 1754 1382 1823 aliter
1404 1753 1547 1843 agnosci
1599 1769 1694 1834 cato,
1720 1767 1756 1825 et
1769 1756 1945 1844 erigamus
1960 1779 2025 1826 nos
2041 1778 2122 1826 vera
2137 1759 2298 1828 doctrina
2311 1759 2357 1826 de
2380 1756 2466 1843 fide,
2490 1784 2571 1831 earn-

557 1878 593 1933 et
609 1855 827 1954 apprehendi
845 1882 943 1928 suam
969 1855 1194 1926 voluntatem¹
1212 1856 1256 1924 de
1279 1869 1421 1944 peccato
1445 1869 1480 1926 et
1505 1857 1548 1924 de
1599 1879 1668 1948 qne
1682 1856 1833 1926 sciamus
1848 1859 1893 1925 ad
1908 1857 2172 1932 invocationem
2186 1849 2401 1928 afferendum
2417 1882 2504 1944 esse,
2518 1865 2572 1933 vi-

558 1965 688 2057 gratia,
722 1961 792 2032 nisi
817 1960 854 2028 in
881 1960 1012 2042 verbo,
1052 1971 1087 2028 et
1107 1959 1205 2049 quod
1229 1955 1383 2048 Spiritus
1407 1971 1550 2028 sanetus
1599 1957 1743 2042 delicet,
1771 1951 2240 2032 uteredamustumvere
2263 1961 2371 2031 nobis
2391 1965 2571 2061 propicium

559 2065 785 2161 perverbum
803 2059 995 2133 sitelllcax.
1047 2056 1151 2128 Hanc
1170 2059 1328 2150 regulam
1355 2073 1550 2145 teneamus,
1600 2082 1692 2140 essu,
1718 2075 1753 2132 et
1770 2061 2080 2152 reciperenostras
2102 2085 2245 2156 preces,
2280 2077 2427 2156 propter
2447 2065 2590 2157 pontili,

559 2183 594 2239 et
613 2180 758 2260 propter
776 2161 867 2233 hanc
883 2177 1015 2232 tautam
1032 2184 1171 2231 causam
1188 2162 1287 2231 omni
1310 2156 1448 2232 honore
1473 2161 1549 2230 affi-
1600 2183 1674 2230 cem
1694 2157 1886 2233 Christum.

560 2273 718 2350 ciamus,
744 2279 778 2336 et
796 2266 1027 2334 defendamus
1043 2263 1281 2334 ministerium
1304 2264 1403 2333 verbi
1429 2264 1550 2352 publi·
2140 2334 2148 2351 ο
2348 2332 2354 2350 .

561 2397 652 2442 cum.
700 2365 745 2440 Et
764 2364 827 2436 has
843 2367 1034 2436 sententias
1050 2388 1188 2458 semper
1205 2360 1396 2436 habeamus
1409 2365 1448 2434 in
1465 2386 1550 2436 con·
1711 2324 1904 2429 Qu⁰m⁰d⁰
1924 2326 2065 2404 mdiu!
2075 2387 2085 2421 2
2110 2359 2145 2406 ⁸¹
2163 2357 2238 2404 ΜΒ
2256 2327 2483 2404 ‘ludibrum-³

561 2486 700 2564 spectu:
728 2469 835 2540 Fides
849 2493 890 2538 ex
910 2469 1035 2538 auditu
1052 2481 1121 2549 est,
1153 2467 1297 2539 auditus
1312 2491 1375 2559 per
1399 2468 1550 2537 verbum
1704 2465 1829 2539 Tertio
1845 2471 1948 2539 docet
1965 2465 2157 2554 hic'locus,
2178 2493 2251 2540 uon
2270 2471 2410 2562 placere
2425 2469 2495 2540 Deo
2508 2475 2569 2542 cul-

561 2575 641 2648 Dei.
697 2573 800 2641 ltem:
828 2569 1019 2660 Quomodo
1036 2569 1182 2638 audient
1200 2569 1277 2637 sine
1306 2569 1554 2661 praedicante?
1602 2583 1660 2642 tus
1678 2569 1860 2641 institutos
1878 2572 1955 2640 sine
1969 2575 2079 2644 verbo
2092 2570 2181 2653 Dei,
2208 2573 2290 2667 quia
2308 2573 2385 2642 sine
2398 2574 2503 2643 verbo
2515 2573 2567 2644 Dei

563 2677 669 2748 laem:
705 2673 823 2763 Quam
849 2672 996 2764 speciosi
1019 2672 1127 2762 pedes
1150 2672 1467 2762 evangelizantium
1491 2694 1554 2772 pa-
1603 2695 1679 2744 non
1696 2674 1973 2764 potestcristere
1989 2675 2084 2748 fides.
2125 2674 2222 2746 'ldeo
2239 2672 2460 2745 hiedicitur:
2487 2673 2564 2764 Quoi

562 2802 652 2850 sem.
1591 2771 1713 2844 'modo
1740 2776 1905 2862 credent,
1937 2775 1967 2845 si
1991 2801 2065 2847 non
2087 2777 2300 2850 audierint?
2333 2776 2499 2848 Continet
2516 2779 2568 2865 igi:

666 2876 831 2950 Secundo
857 2876 956 2946 docet
986 2871 1044 2944 hic
1068 2875 1184 2956 loeus,
1219 2877 1314 2969 quod
1338 2875 1376 2945 in
1409 2875 1555 2946 iuvoca-v
1606 2891 1665 2950 tur
1692 2871 1750 2945 hic
1778 2878 1877 2946 locus
1905 2877 2136 2970 multiplicem
2169 2881 2391 2960 doctrinam,
2423 2880 2572 2964 videlicet,

564 2984 661 3052 tione
685 2980 887 3070 requiratur
907 2979 1011 3062 fides,
1044 2979 1176 3063 idest,
1210 2973 1295 3048 haec
1319 2979 1393 3069 ipsa
1415 2979 1556 3064 fiducia,
1606 2981 1701 3072 quod
1719 2979 1926 3068 contingant
1940 2981 2108 3051 benelleia
2124 2977 2259 3052 Christi
2277 3005 2342 3073 per
2357 2983 2571 3052 ministeriun
2614 3019 2615 3034 ι

566 3108 635 3174 ossa
655 3083 832 3151 credimus
848 3081 952 3150 nobis
965 3079 1096 3149 remitti
1113 3095 1269 3169 peccata,
1302 3096 1334 3152 et
1360 3104 1424 3151 nos
1448 3105 1552 3150 exau·
1607 3081 1717 3150 verbi.
1774 3080 2027 3175 ltem‚quanta
2042 3085 2089 3154 sit
2104 3085 2292 3171 necessitas
2309 3097 2342 3172 et
2357 3085 2502 3174 dignitas
2517 3083 2571 3151 mi·

565 3188 633 3255 diri
654 3177 1000 3274 propterChristum‚
1017 3176 1424 3275 sieutinquitChristus:
1442 3181 1555 3272 Quic-
1607 3183 1756 3253 nisterii.
1810 3181 1916 3269 ltcm,
1942 3208 2030 3278 quae
2045 3188 2091 3256 sit
2105 3209 2187 3256 vera
2208 3185 2408 3271 invocatio,
2433 3187 2489 3279 qui
2510 3186 2571 3256 cul·

566 3289 652 3383 quid
667 3284 838 3379 petieritis
854 3299 986 3375 patrem
1005 3284 1043 3352 in
1058 3284 1204 3354 nomine
1220 3309 1315 3365 meo,
1337 3286 1457 3384 idest,
1481 3308 1555 3354 non
1606 3300 1664 3355 tus
1679 3282 1755 3355 Deo
1771 3285 1941 3375 placeant.

566 3390 752 3460 afferentes
769 3400 917 3455 vestram
933 3385 1232 3475 dignitatem,sed
1249 3389 1430 3456 credentes
1447 3387 1556 3479 recipi
1887 3449 1894 3468 ,
1944 3449 1952 3468 ,
2250 3452 2258 3471 ,
2338 3451 2345 3470 ‚

565 3517 630 3563 vos
645 3505 679 3560 et
693 3490 851 3560 exaudiri
873 3486 1018 3581 propler
1034 3482 1225 3560 Christum.
1278 3488 1331 3560 lta
1352 3503 1384 3560 et
1408 3486 1467 3561 hic
1490 3492 1556 3560 do·
1652 3444 1779 3551 Quam
1796 3475 1949 3549 ⁸9³⁶⁸⁰⁸¹
1964 3448 2071 3550 Ριάιις
2090 3461 2403 3527 “mmmmm
2417 3476 2536 3551 paam·

567 3609 637 3664 cet:
664 3592 856 3681 Quomodo
869 3592 1105 3674 invocabunt,
1130 3592 1168 3661 in
1183 3614 1287 3682 quem
1304 3616 1378 3662 nou
1395 3593 1556 3661 credide·
1709 3590 1822 3661 Addit
1864 3602 1981 3661 autern
2024 3590 2263 3661 dulcissimam
2304 3592 2503 3663 sententiam
2539 3614 2570 3659 cx

465 3779 473 3793 ι
568 3694 677 3767 runt?
709 3695 840 3777 idest,
872 3693 901 3762 si
927 3716 1002 3763 non
1028 3694 1173 3763 credaut
1196 3691 1315 3763 Deum
1337 3718 1412 3763 esse
1434 3693 1556 3786 propi·
1607 3687 1733 3772 Esaia,
1767 3716 1857 3785 quae
1873 3693 2041 3761 describit
2062 3714 2211 3779 reguum
2228 3689 2381 3772 Christi,
2415 3694 2570 3762 etodmo·

567 3799 665 3869 cium
677 3796 782 3888 ipsis,
807 3808 842 3863 et
860 3796 1026 3864 exaudire
1043 3818 1160 3887 preces
1177 3795 1353 3883 ipsorum,
1381 3820 1453 3866 uon
1473 3820 1555 3887 pos·
1608 3808 1669 3865 net
1699 3816 1848 3883 regnum
1870 3795 1960 3863 illud
1984 3794 2309 3865 administrandum
2333 3816 2406 3863 esse
2428 3818 2487 3883 per
2505 3816 2569 3861 ver·

569 3913 652 3971 suut
667 3922 748 3969 sum
766 3898 943 3967 invocare.
994 3894 1143 3969 Constat
1157 3898 1266 3987 igitur
1279 3899 1414 3992 requiri
1440 3898 1478 3965 in
1501 3899 1556 3966 in·
1609 3898 1717 3981 bum,
1744 3898 1936 3989 etquidem
1952 3896 2214 3987 praedicatione
2230 3899 2317 3967 novi
2341 3896 2457 3979 verbi,
2489 3894 2568 3963 scill-

569 4000 761 4072 socatione.
777 4000 894 4069 iidem.
955 3996 1002 4069 Et
1024 3994 1109 4068 haec
1133 3999 1323 4069 discrimen
1345 4002 1430 4071 lacit
1462 4000 1558 4073 iuter
1609 4013 1663 4068 cet
1678 3996 1885 4087 Evangelii,
1912 3998 1951 4065 in
1968 4022 2039 4091 qrro
2056 4000 2336 4069 annunciabitur
2353 4023 2437 4089 pax,
2467 3998 2498 4066 id
2521 4010 2569 4079 est,

569 4101 832 4173 invocationem
849 4100 1009 4191 piorum,
1042 4114 1077 4171 et
1101 4096 1278 4171 ethnicam
1301 4124 1362 4173 sen
1387 4097 1558 4195 hypocri·
1588 4101 1703 4170 ¹salus
1719 4122 1780 4168 seu
1796 4098 1943 4169 salvatio
1958 4102 2132 4171 divinitus
2149 4103 2293 4173 donata.
2346 4100 2472 4193 Estque
2493 4098 2569 4167 anti·

569 4207 687 4275 ticam.
737 4195 883 4275 Ethnici
902 4202 1005 4271 etia'm
1022 4203 1210 4286 invocant,
1234 4205 1293 4271 sed
1312 4228 1390 4274 cum
1408 4199 1473 4273 hac
1490 4204 1558 4274 du-
1609 4197 1715 4273 thesis
1731 4203 1891 4291 opposita
1909 4200 1976 4291 legi
1992 4217 2025 4271 et
2045 4216 2205 4293 peccato,
2235 4216 2269 4273 et
2293 4204 2441 4273 miseriis
2465 4197 2570 4269 huma·
2614 4194 2615 4199 ’

569 4306 762 4389 bitatione,
793 4327 868 4374 nou
882 4306 1032 4374 credunt
1054 4305 1122 4373 sibi
1137 4302 1252 4373 Deum
1279 4293 1351 4377 esse
1372 4306 1558 4396 placatum,
1610 4306 1685 4385 nis,
1712 4304 1813 4397 quasi
1829 4304 1938 4374 dicat:
1967 4302 2073 4375 Tune
2090 4304 2446 4398 tolleturpeceatum,
2472 4300 2571 4371 ettal-

572 4424 606 4480 st
628 4430 749 4502 preces
772 4429 853 4475 suas
876 4405 1025 4496 respici,
1056 4420 1118 4476 sut
1138 4406 1308 4478 exaudiri.
1367 4406 1428 4479 Sic
1450 4408 1556 4479 etiam
1609 4406 1730 4475 lentur
1745 4420 1880 4477 caetera
1895 4407 2007 4486 mala,
2032 4429 2124 4500 quse
2138 4430 2212 4477 non
2231 4408 2347 4497 potuit
2367 4406 2419 4475 lex
2442 4405 2568 4479 auferre,

570 4513 740 4581 invocant
761 4528 903 4587 omues,
944 4508 1005 4600 qui
1030 4531 1103 4576 non
1127 4508 1334 4598 intelligunt
1357 4510 1556 4580 doctrinam
1610 4522 1642 4578 et
1664 4506 1935 4579 afferetur-vcra
1959 4508 2176 4595 consolatio,
2211 4522 2245 4581 et
2264 4509 2411 4580 donatio
2431 4506 2568 4577 iusticias

550 4596 760 4701 'Evangelii
783 4613 828 4679 de
847 4607 1096 4679 iustificatione
1117 4626 1152 4681 et
1173 4612 1253 4683 fide.
1316 4610 1415 4681 Talis
1440 4624 1557 4683 autern
1609 4625 1642 4682 ct
1659 4610 1750 4679 vitae
1767 4625 1938 4685 aeternae.

573 4714 754 4791 invocatio
769 4726 821 4782 est
834 4709 972 4781 inutilis
988 4725 1023 4782 et
1037 4714 1216 4787 damnata.
1710 4710 1816 4801 Quod
1832 4713 1881 4783 ait
1894 4714 2000 4806 pedes
2015 4734 2088 4784 esse
2102 4714 2290 4797 amabiles,
2324 4704 2514 4800 metaphora
2527 4714 2568 4773 est

673 4813 769 4884 Hinc
783 4812 936 4903 intelligi
952 4826 1100 4905 potest,·
1117 4829 1273 4908 quantae
1296 4814 1463 4885 tenebrae
1488 4814 1558 4885 sint
1608 4816 1652 4883 de
1666 4815 1809 4885 nunciis
1823 4828 1858 4887 et
1874 4819 1917 4886 de
1933 4817 2060 4899 verbo,
2085 4817 2192 4911 quasi
2208 4817 2317 4886 dicat:
2350 4810 2566 4883 Ministeriuu

574 4918 739 5007 illorum,
774 4916 836 5009 qui
863 4915 1026 4987 iactitant
1045 4937 1081 4985 se
1102 4940 1178 4985 esse
1198 4919 1362 4990 doctores
1380 4918 1559 4987 bonorum
1608 4940 1670 4987 seu
1686 4918 1855 5001 verbum,
1881 4920 1977 5009 quod
1991 4919 2029 4986 in
2048 4919 2110 4988 illo
2127 4942 2222 4989 novo
2238 4940 2346 5006 regno
2368 4908 2566 5006 praedicabi-

574 5041 742 5112 operum,
765 5031 933 5087 ettamen
955 5031 1163 5087 aversantur
1186 5019 1385 5088 doctrinam
1411 5022 1456 5088 de
1479 5020 1559 5091 lide.
1607 5032 1686 5109 tur,
1720 5020 1851 5088 mirum
1867 5019 1904 5090 iu
1918 5020 2075 5090 'modum
2096 5022 2248 5091 amabile
2272 5022 2355 5100 erit,
2384 5015 2460 5109 quia
2481 5010 2567 5080 aller!

558 5117 842 5197 ,Abelcotenim
858 5118 1045 5212 pr'ae'cipua
1065 5120 1381 5210 operset·propria
1405 5122 1561 5213 piorum,
1608 5144 1662 5191 res
1686 5120 1858 5212 optimas,
1895 5123 2113 5210 agnitionem
2138 5121 2396 5193 misericordiae
2414 5114 2492 5202 Dei,
2520 5111 2567 5177 iu«

573 5222 705 5293 scilicet
719 5221 998 5306 invocationem,
1028 5216 1125 5309 Ergo
1140 5226 1216 5291 riou
1227 5223 1344 5291 solum
1358 5224 1559 5294 illaecere-
1608 5223 1743 5294 sticiam
1763 5223 1921 5294 etvitsm
1945 5237 2134 5295 aeternam.
2188 5221 2478 5315 Oppontraotern
2493 5212 2566 5281 Pro·

559 5324 714 5394 vstreniae
737 5338 772 5395 et
796 5324 975 5395 orstioues
999 5323 1163 5413 publicae
1178 5320 1339 5395 hostiurn
1363 5324 1560 5416 Evangelii,
1608 5321 1711 5417 pheta
1729 5320 1821 5393 hauc
1836 5348 1934 5395 suam
1952 5325 2191 5396 laudationem
2210 5324 2350 5396 indiciis
2364 5316 2491 5389 mundi.
2514 5306 2565 5380 Est

574 5427 633 5495 sed
650 5448 774 5496 onmes
789 5449 911 5497 eorum
930 5424 1086 5513 priestse
1102 5449 1223 5516 preces
1243 5428 1349 5495 etiam
1371 5430 1561 5500 damnatae
1607 5428 1702 5497 enim
1724 5450 1862 5496 summa
1884 5426 2056 5499 acerbitas
2081 5430 2156 5499 odii
2179 5430 2344 5500 adversus
2359 5414 2563 5505 Evangelium

572 5540 673 5610 sunt,
695 5528 827 5597 similes
843 5520 996 5597 ethnicis
1009 5525 1317 5613 invocationibus,
1339 5532 1462 5623 quales
1479 5554 1559 5623 pas-
1607 5542 1642 5598 et
1664 5524 1851 5618 Evangelii
1889 5530 2090 5613 ministros,
2135 5532 2224 5602 sieut
2251 5528 2381 5601 Paulus
2415 5515 2563 5608 significat

573 5629 638 5698 sim
655 5630 824 5701 extentio
845 5628 1031 5719 po'e'matis.
1083 5626 1164 5701 Hoc
1186 5631 1374 5719 diligenter
1394 5632 1558 5702 conside·
1608 5630 1799 5721 Apostolos
1817 5624 1941 5703 haberi
1961 5658 2024 5723 pro
2045 5626 2321 5729 καθαρμάτοις,
2352 5644 2454 5719 qrsare
2473 5635 2560 5726 mulf-

570 5732 723 5799 randum
738 5744 811 5814 est,
842 5744 881 5800 ut
897 5728 1092 5811 diseamus,
1123 5732 1240 5825 qualis
1256 5755 1329 5801 asse
1351 5736 1477 5801 debeat
1500 5734 1560 5801 iu·
1608 5735 1911 5825 dasnequaquam
1930 5731 1995 5805 hos
2008 5739 2131 5825 pedes,
2166 5736 2287 5819 idest,
2317 5724 2457 5798 nuncios
2479 5716 2553 5826 iudi*

570 5832 709 5909 vocatio
727 5855 791 5903 sen
813 5831 950 5923 oratio.¹
993 5830 1109 5919 item,
1135 5835 1225 5928 quid
1240 5834 1381 5905 intersit
1397 5836 1492 5904 inter
1508 5836 1558 5925 pil
1608 5848 1661 5905 cat
1690 5856 1764 5905 esse
1792 5835 1965 5910 salutares
1993 5852 2028 5907 et
2056 5839 2237 5913 amabiles.
2294 5830 2463 5905 Adversus
2488 5815 2557 5887 talu
