5825 6950
281 796 282 829 Ν
349 707 412 790 ns
530 701 632 783 xrn
680 705 717 778 a.
745 687 1108 778 conuentis-nu
1134 693 1188 772 tn
1211 680 1368 770 uersu.
1395 682 1545 763 aanor
1571 683 1640 760 nn
1667 635 1935 764 nonanus.
1985 687 2090 770 car.
2117 697 2163 778 v.
2268 665 2365 778 ¹oco

349 879 421 958 ideo
436 877 605 952 inelosiee
619 855 928 970 intelligatorhoe
943 871 1099 944 dietum:
1124 866 1247 965 Usque
1271 868 1313 936 ad
1370 855 1525 941 Christi,
1553 857 1635 954 ideo
1664 857 1770 928 deca
1793 855 1865 930 iarn
1889 859 2016 958 incipit
2040 865 2263 959 concionari,
2289 863 2363 966 'Qui

345 991 439 1078 legem
462 993 644 1076 peceatum
671 993 749 1051 erat
775 980 816 1048 in
845 978 1004 1056 muodo,
1037 976 1074 1044 id
1105 985 1175 1057 est,
1209 973 1313 1042 etiarn
1370 977 1422 1036 est
1441 957 1596 1058 (iuquit)
1614 960 1727 1034 lorma
1742 961 1870 1034 futuri.

281 1106 282 1125 ¹
342 1113 408 1160 eom
423 1087 489 1156 lata
513 1097 563 1154 est
586 1083 643 1154 lex
658 1080 801 1176 Moysi,
827 1091 949 1150 tamen
968 1077 1100 1149 mansit
1122 1087 1314 1169 peccatum.
1737 1125 1800 1192 m
1828 1124 1982 1196 anm

342 1191 382 1262 lta
396 1186 547 1259 breviter
561 1187 726 1256 admonet
733 1233 745 1269 ,
770 1181 866 1272 Lege
882 1180 1051 1252 nontolli
1073 1193 1256 1270 peccatum
1279 1189 1313 1246 et
1461 1207 1465 1218 ·
1983 1173 1993 1194 ⁸

338 1303 490 1374 mucro,
515 1289 600 1382 quia
627 1287 691 1357 illa
716 1299 860 1356 externa
880 1283 1021 1355 iusticia
1044 1281 1132 1374 legis
1151 1281 1312 1350 nondum
1469 1265 1571 1338 Sicut
1593 1287 1699 1358 snpra
1722 1267 1813 1340 dixit
1836 1270 1881 1340 de
1904 1285 2070 1364 peceato,
2096 1275 2259 1348 decanta
2278 1296 2359 1372 pee-
2414 1285 2419 1296 '

281 1402 282 1427 ³
339 1395 479 1464 liberata
495 1402 660 1483 peceato,
685 1411 754 1459 nee
774 1401 827 1480 cst
848 1385 1004 1457 incoatio
1028 1399 1191 1456 aeternae
1207 1381 1312 1458 vitae,
1366 1367 1454 1455 tati,
1486 1371 1531 1440 de
1562 1371 1819 1460 propagatione
1842 1384 1875 1443 et
1900 1371 2048 1460 ellectu,
2082 1374 2131 1447 ita
2161 1376 2233 1452 iarn
2258 1381 2359 1456 docet

281 1554 282 1583 2
339 1497 386 1566 red
406 1495 578 1588 quaedam
611 1505 754 1563 externa
785 1489 982 1582 corporalis
1011 1485 1213 1576 disciplina.
1263 1477 1312 1553 Et
1365 1471 1557 1563 (legistin,
1584 1472 1765 1558 decanta,
1789 1475 2054 1565 propagatione,
2083 1477 2259 1557 eteffectn
2277 1506 2359 1576 gra-

339 1621 401 1670 cum
415 1595 629 1666 conscientia
643 1594 799 1684 angitur,
821 1605 856 1664 et
871 1590 1010 1686 qrraerit
1027 1585 1310 1658 iustificationern
1366 1575 1455 1663 tiae,
1479 1571 1529 1645 Ut
1544 1574 1688 1660 doceat,
1706 1587 1885 1664 peceatum
1903 1576 1982 1649 tolli
1996 1600 2061 1671 per
2076 1581 2236 1670 gratiam.

339 1701 370 1769 in
390 1699 488 1789 lege,
534 1711 623 1768 tuuc
651 1696 708 1767 lex
742 1690 849 1765 habet
878 1691 1108 1788 praecipuum
1139 1689 1314 1773 effectum,
1465 1672 1662 1765 Coniungit
1684 1688 1802 1746 autern
1822 1676 1971 1766 gratiam
1995 1695 2029 1751 et
2045 1683 2182 1752 donum
2199 1708 2263 1777 per
2277 1707 2359 1778 gea.

335 1813 452 1872 Μή
481 1811 519 1870 ρῑ
549 1786 695 1870 maistin
724 1795 961 1868 namnetensi„
992 1795 1033 1862 in
1064 1804 1237 1876 terrores,
1276 1804 1309 1862 ει
1363 1779 1462 1851 tiam.
1508 1775 1731 1848 Vocabulum
1746 1779 1879 1869 gratiae
1893 1778 2065 1870 significat
2082 1785 2271 1873 gratuitam
2288 1790 2358 1859 mi-

335 1890 610 1994 imperationem.
684 1897 765 1971 Hoc
805 1897 884 1972 vult
923 1895 1078 1982 Paulus,
1129 1886 1211 1966 euru
1251 1888 1310 1964 hic
1363 1879 1605 1981 aericordiam.
1658 1877 1743 1952 ldco
1761 1877 1820 1952 hie
1838 1882 2010 1973 significat
2027 1886 2212 1956 verissime
2231 1889 2357 1962 remia-

334 2007 433 2078 Μὴ,
1218 2017 1223 2030 ·
1363 1983 1499 2053 sionem
1524 1993 1767 2072 peccatorum,
1802 1993 1837 2056 et
1854 1986 2040 2074 gratuitam
2068 1989 2356 2080 acceptationem,
2508 2019 2518 2036 ·

283 2116 289 2237 i
354 2149 710 2252 Sedpeccotumnon
728 2155 939 2250 reputator,
966 2141 1186 2218 ubinamst
1203 2141 1278 2216 lex.
1363 2084 1505 2180 ‘imi'
1523 2077 1795 2182 P⁸²Ch¹i³¹¹¹m·
1839 2085 1985 2158 „⁰⁰⁰¹”
2003 2091 2227 2181 pergratiam
2246 2088 2356 2184 Signi·

1362 2189 1442 2259 ficat
1464 2184 1695 2256 donationem
1718 2185 1876 2277 Spiritus
1894 2189 2027 2274 sancti,
2060 2193 2123 2285 qui
2148 2193 2265 2266 incoat
2289 2219 2356 2267 no-

413 2287 457 2362 ld
474 2303 549 2376 est,
575 2288 650 2362 Ubi
663 2312 741 2365 non
754 2298 808 2357 eat
823 2286 891 2370 lex,
915 2290 992 2352 nan
1007 2279 1213 2371 agnoscitur
1227 2303 1310 2369 pec·
1363 2301 1494 2360 vam-et
1509 2300 1688 2358 aeternam
1707 2289 1817 2361 vitam
1844 2291 1882 2361 in
1904 2283 2053 2380 animii,
2079 2306 2113 2365 et
2138 2295 2264 2368 excitat
2287 2321 2355 2370 no-

284 2438 290 2489 Ι
332 2406 447 2483 utum,
472 2417 553 2463 non
569 2403 763 2464 aemsator·
806 2385 988 2480 Loquitur
1003 2381 1138 2454 Paulus
1151 2383 1198 2452 de
1213 2381 1310 2450 iudi·
1364 2414 1428 2464 vo,
1449 2403 1579 2461 motui,

285 2496 297 2973 ι
333 2498 374 2568 tio
392 2509 534 2566 nostrae
556 2491 804 2566 eonscientiae.
856 2487 944 2559 Lata
966 2499 1017 2558 est
1042 2485 1151 2576 igitur
1166 2484 1243 2574 lex,
1269 2498 1310 2556 ot
1464 2491 1625 2562 Primum
1657 2493 1767 2584 igitur
1794 2493 1933 2565 conlert
1955 2491 2072 2567 Adam
2105 2512 2139 2569 et
2159 2493 2357 2576 Christum.

333 2597 530 2670 nescientia
546 2608 715 2687 agnoscat
730 2601 912 2686 peccatum
928 2602 963 2662 et
978 2601 1162 2660 accusetur
1179 2602 1213 2656 et
1231 2610 1308 2677 per·
1361 2595 1460 2667 Haec
1473 2593 1616 2668 collatio
1633 2595 1736 2665 valde
1754 2595 1909 2668 illustrat
1932 2609 2124 2693 utrumque
2144 2605 2356 2676 membrum.
2377 2610 2382 2618 '

333 2699 480 2782 orant,
515 2700 617 2770 sieut
635 2719 744 2790 supra
768 2690 906 2790 inquit:
940 2690 1010 2763 Per
1038 2691 1149 2780 legem
1174 2690 1309 2779 agnitio
1363 2697 1526 2772 Desierat
1543 2698 1825 2769 auremmotnm
1841 2699 1971 2785 meriti,
1996 2704 2091 2793 quod
2110 2717 2259 2798 uterque
2277 2703 2357 2777 aliia

333 2801 453 2891 putati.
505 2799 638 2872 Postea
651 2812 773 2872 autem
790 2798 835 2866 de
855 2815 940 2866 utus
954 2793 1041 2884 legis
1058 2793 1236 2883 copiosius
1252 2792 1309 2862 ‹li-
1362 2800 1551 2881 meruerit,
1590 2793 1707 2871 Adam
1733 2799 1864 2871 meruit
1885 2799 1965 2871 aliis
1996 2818 2152 2888 reatum,
2191 2801 2357 2881 Christus

334 2917 387 2972 eet:
409 2927 508 2975 nunc
530 2903 632 2974 enim
656 2901 773 2972 obiter
796 2911 938 2970 tantum
963 2909 999 2967 et
1018 2894 1171 2967 velutin
1194 2908 1310 2966 traus-
1363 2903 1495 2974 meruit
1509 2901 1589 2971 aliis
1603 2901 1940 2978 reconciliationem.
1992 2899 2090 2976 nait
2104 2907 2248 2980 collatio
2264 2909 2357 2981 clare

281 3063 282 3070 ,
334 3027 418 3078 naso
433 3006 568 3097 attigit.
623 3001 733 3094 Qtrod
751 2997 1067 3094 autemaequitur,
1236 3030 1240 3036 ·
1364 3000 1493 3076 relellit
1525 3003 1773 3084 adversarios,
1812 3003 1875 3098 qui
1912 3005 2156 3096 imaginantur
2195 3005 2356 3082 homines

281 3155 294 3305 ’,
374 3167 483 3247 Μυη
500 3169 674 3270 κευυυκ
691 3165 740 3244 a
755 3163 881 3241 Μυη
899 3159 1083 3265 υκυυυυ
1096 3159 1248 3239 Μυκη
1362 3105 1963 3297 iiiiiiiiiiiiiiitm
1987 3104 2057 3278 ¹32?
2071 3111 2277 3292 {ilidii
2292 3111 2356 3284 il}

407 3310 486 3382 lioe
500 3311 604 3382 dicto
620 3307 805 3401 superiora
818 3305 928 3375 verba
943 3302 1183 3374 declarantur.
1209 3301 1311 3376 Sicut
1364 3323 1509 3402 propter
1531 3304 1715 3380 Christum
1736 3307 1822 3378 iusti
1845 3321 1938 3381 suut·
1999 3305 2047 3381 Et
2070 3306 2156 3384 haec
2179 3313 2355 3387 sententia

286 3477 294 3514 Ἰ,
334 3427 393 3487 aotc
413 3415 526 3499 dixit,
565 3409 751 3483 Peccatum
778 3408 886 3480 luisse
910 3428 1024 3500 osque
1046 3409 1091 3476 ad
1111 3405 1242 3497 legem,
1270 3430 1310 3478 ac
1362 3434 1465 3506 saepe
1489 3411 1672 3505 repetitur.
1730 3409 1789 3481 De
1812 3403 1880 3481 hoc
1904 3412 2014 3483 modo
2038 3415 2156 3487 meriti
2184 3415 2355 3511 loquitur,

286 3521 294 3626 Ι
335 3538 366 3584 ne
379 3518 447 3607 lege
461 3516 614 3613 quidem
627 3515 737 3586 luisse
754 3512 947 3595 abolitum,
974 3509 1021 3579 ita
1039 3504 1098 3578 hic
1112 3509 1182 3595 ait,
1207 3508 1309 3580 Mor·
1362 3540 1444 3586 cnm
1475 3516 1543 3586 nit:
1584 3514 1701 3583 Adam
1724 3525 1776 3584 est
1806 3512 2005 3607 exemplum
2027 3512 2179 3603 Christi,
2211 3518 2355 3603 scilicet,

289 3649 293 3666 ·
335 3626 386 3687 un
408 3640 576 3711 regnasse
597 3617 643 3687 ab
663 3612 781 3687 Adam
809 3636 923 3709 usque
952 3612 997 3681 ad
1020 3610 1171 3697 Mosen¹
1203 3637 1243 3683 ac
1266 3637 1311 3682 ne
1361 3620 1459 3711 quod
1483 3620 1527 3688 ad
1551 3610 1621 3687 hoc
1643 3616 1788 3696 attinet,
1828 3614 1912 3709 quia
1936 3631 2086 3712 uterque
2111 3618 2192 3691 aliis
2212 3624 2354 3695 meruit.

335 3721 453 3811 quidem
468 3725 553 3813 lege
570 3719 741 3791 abolitam
757 3740 845 3789 esse.
897 3710 1013 3787 Addit
1027 3726 1164 3786 autern:
1362 3720 1453 3791 Nam
1475 3719 1514 3789 in
1538 3718 1728 3790 collatione
1757 3740 1833 3789 non
1862 3740 2003 3793 necesse
2030 3734 2084 3795 est
2108 3722 2229 3797 omnia
2255 3722 2355 3795 siml-

1362 3824 1412 3895 lia
1428 3844 1513 3894 ease.

1464 3922 1550 3994 ldeo
1562 3920 1696 3993 Paulus
1712 3920 1789 4010 ipse
1803 3920 1903 3992 addit
1926 3922 2202 4012 correctionem,
2227 3940 2270 4001 ot
2289 3928 2355 4001 ad-

1362 4040 1505 4097 moneat
1534 4023 1648 4094 multa
1675 4046 1749 4095 esse
1780 4021 1967 4095 dissimilia
1989 4026 2030 4096 in
2054 4022 2120 4099 hae
2151 4029 2356 4122 collatione,

1361 4128 1412 4198 aie
1434 4128 1531 4198 enim
1551 4127 1687 4220 inquit:
1723 4122 1793 4199 Sed
1818 4148 1892 4197 uon
1915 4125 2007 4198 sicut
2031 4130 2220 4217 delictum,
2246 4134 2297 4203 sie
2319 4147 2355 4204 et

417 4230 458 4305 td
472 4246 551 4316 est,
571 4224 692 4303 Etiam
714 4227 870 4299 inianter
893 4227 1002 4299 morti
1025 4224 1205 4296 subiectos
1226 4243 1312 4301 ease,
1362 4231 1516 4315 donum,
1541 4228 1579 4300 it
1596 4240 1667 4313 cn,
1693 4226 1804 4299 muln
1833 4240 1916 4300 cont
1931 4228 2119 4305 dissimilia
2135 4233 2175 4302 in
2192 4230 2259 4305 hac
2281 4234 2356 4305 ent·
2414 4304 2422 4317 ,

284 4411 289 4426 ,
337 4337 450 4407 unani
467 4358 549 4408 non
563 4326 862 4405 habentaetaalia
879 4343 1031 4421 peccata.
1071 4324 1164 4414 Nam
1179 4323 1313 4396 Paulus
1361 4332 1496 4404 latione
1511 4332 1630 4401 delicti
1647 4344 1681 4400 et
1699 4330 1800 4400 doni.

283 4445 289 4512 i
337 4439 448 4509 tonale
477 4448 665 4529 peceatum
696 4445 800 4504 vocat
828 4430 1157 4521 transgressionem·
1232 4424 1312 4495 Hoc
1465 4432 1628 4504 Primum
1649 4452 1704 4501 rea
1728 4430 1989 4504 diversissimae
2008 4448 2111 4521 aaut,
2149 4448 2267 4506 reatus
2292 4459 2357 4509 seu

283 4539 288 4574 ¹
338 4535 399 4609 idco
417 4542 525 4625 dicit,
558 4552 600 4610 nt
620 4537 807 4609 confirmet
836 4535 990 4633 primam
1018 4528 1312 4626 propositionem,
1360 4548 1566 4629 peccatum,
1600 4546 1636 4607 et
1662 4532 1765 4605 venia
1787 4554 1849 4605 seu
1870 4534 2003 4624 gratia,
2034 4560 2133 4609 mors
2155 4549 2297 4609 aeterna
2321 4552 2357 4611 et

283 4645 289 4696 i
338 4632 648 4715 ominemini.
697 4636 856 4710 sienim
878 4635 1036 4706 inientes
1058 4656 1203 4728 quoque
1227 4643 1313 4701 sunl
1362 4640 1434 4710 vita
1457 4644 1612 4708 aete'rna.

282 4753 288 4834 t
338 4743 462 4817 subiecti
481 4743 611 4829 morti,
635 4737 734 4831 Ergo
756 4734 891 4809 hahent
912 4738 1094 4832 quoddam
1116 4746 1311 4827 peceatum.
1464 4738 1632 4813 Secundo
1647 4735 1843 4829 plurimum
1866 4735 2012 4811 interest
2036 4740 2074 4811 in
2096 4739 2205 4811 modo
2224 4756 2356 4836 propa.

282 4881 286 4936 ς
340 4837 416 4929 Quia
429 4870 527 4919 rnocs
541 4845 691 4917 intravit
703 4866 765 4935 per
780 4848 962 4933 peceatum
979 4840 1020 4911 in
1036 4840 1229 4921 mondum,
1247 4832 1312 4904 Eat
1361 4843 1482 4933 gandi.
1547 4838 1750 4913 Abcldam
1782 4846 2000 4929 propagator
2031 4857 2269 4929 animares,
2302 4842 2356 4913 vi-

281 4947 287 4970 ’“
339 4938 429 5033 icitur
439 4950 539 5022 aliud
554 4961 735 5040 peccatum
749 4958 893 5037 praeter
906 4942 1056 5015 actuale.
1361 4946 1454 5015 tiosa
1475 4956 1510 5016 et
1526 4940 1634 5013 morti
1648 4937 1823 5027 obnoxia,
1850 4950 1884 5010 et
1898 4957 2117 5035 propagatur
2130 4942 2357 5035 generatione

1362 5045 1509 5117 carnali.
1562 5040 1721 5116 Eeootra
1739 5036 1917 5113 aChristo
1932 5044 2089 5117 donatur
2102 5046 2357 5119 reconciliatio.

535 5120 616 5225 Qui
641 5137 694 5206 est
709 5132 847 5230 forma
869 5120 1015 5221 fulvii,
1040 5128 1103 5199 ⁶¹0·
1362 5147 1460 5219 llaec
1474 5168 1548 5218 non
1564 5158 1779 5240 propagator
1794 5142 2020 5233 generatione
2035 5148 2188 5236 carnali,
2212 5150 2272 5220 sed
2289 5148 2357 5219 tide

427 5260 609 5336 fluimus
621 5265 855 5336 contionatus
866 5275 918 5333 est
932 5261 980 5329 de
992 5270 1135 5351 peccato
1153 5255 1317 5349 originis,
1363 5248 1550 5343 accipitur.
1583 5246 1685 5321 Sient
1702 5242 1848 5316 loannis
1863 5245 1979 5339 primo
1996 5252 2167 5343 scriptum
2186 5264 2257 5322 est:
2284 5246 2357 5323 De-

346 5360 515 5453 tuodltaee
529 5380 659 5437 natura
669 5363 826 5442 humana
845 5365 891 5437 ait
903 5383 964 5433 rea
977 5374 1012 5432 et
1026 5371 1203 5452 corrupta.
1231 5358 1317 5429 lden
1364 5353 1420 5424 dit
1444 5353 1497 5424 eis
1520 5360 1728 5443 potestatem
1750 5346 1843 5416 lilios
1869 5342 1937 5418 Dei
1956 5346 2054 5438 lieri,
2080 5348 2159 5434 his,
2193 5351 2257 5449 qui
2281 5372 2357 5421 ere·

346 5480 406 5533 acn
423 5482 473 5539 ,η
492 5469 587 5540 imi,
611 5470 690 5560 1030
713 5472 772 5540 „1
797 5465 990 5559 opacitatis,
1026 5462 1118 5557 quia
1137 5460 1212 5551 legi
1241 5484 1317 5531 non
1364 5456 1476 5535 dont,
1502 5466 1569 5527 etc.
1633 5446 1745 5535 ltem,
1780 5445 1881 5523 toan.
1906 5447 1963 5523 a:
1998 5450 2076 5527 ttici
2101 5454 2184 5553 quis
2216 5464 2358 5526 renatus

348 5582 478 5651 praestat
499 5594 619 5642 reram
642 5572 908 5653 obedientiam,
940 5567 1002 5637 sed
1026 5562 1230 5634 manentia
1253 5587 1318 5633 na·
1363 5556 1476 5628 suerit
1490 5567 1557 5627 ele<

349 5674 413 5735 tora
430 5666 602 5759 hominia,
627 5674 831 5767 corruptio,
863 5669 1032 5750 auitas,
1064 5665 1319 5757 concupiscen.
1468 5654 1567 5729 llaee
1589 5648 1849 5725 'dissimilitudo
1879 5654 2145 5745 propagationis
2169 5654 2361 5748 diligenter

281 5819 282 5838 a
350 5763 405 5853 lit,
420 5768 1088 5871 ethoraitaileaimpetuseontralagem
1102 5764 1189 5841 Deis
1214 5760 1320 5857 Opus
1365 5758 1675 5843 observandam,
1700 5748 2134 5850 imilifflmbil’li‘lss·
2157 5756 2221 5855 ‘1¹¹3
2239 5752 2363 5853 pmii*

281 5907 282 5926 ,
352 5879 391 5937 01
415 5872 514 5963 5⁸32„
541 5877 800 5973 ⁸¹5⁸.qu
833 5871 974 5946 impet,
987 5918 1002 5957 ,
1040 5869 1176 5943 emim
1198 5869 1320 5961 ,gutia
1363 5862 1469 5954 gion
1485 5856 1718 5933 deliramenta
1733 5850 1791 5929 hic
1805 5853 2139 5937 comminiscuntur.
2166 5860 2242 5935 alii
2258 5866 2363 5953 prod·

393 5971 559 6055 burra.
584 5982 692 6056 Ona.
729 5984 816 6051 von
837 5978 919 6050 XV.
1691 5956 1744 6033 4⁰

286 3881 294 3988 ,Ι
336 3882 469 3962 Mortem
500 3910 680 3985 regnasse
713 3884 825 3958 etiam
857 3882 897 3956 in
921 3907 1000 3968 eos,
1041 3881 1110 3985 qui
1131 3905 1206 3954 non
1229 3904 1309 3979 pec·

289 3997 293 4048 :
336 4002 480 4065 noscunt
519 3985 723 4065 seeundum
770 3984 1057 4060 similitudinem
1098 3994 1312 4083 transgres-

679 4090 800 4164 sionis
826 4086 943 4164 Adae.
