5825 6950
598 689 699 775 1055
1274 682 1523 763 EPISTOLA
1548 683 1956 767 Nuucuraroutn.
2324 629 2329 649 ¹
2511 716 2588 795 1056

601 865 816 964 prolixiores
849 877 883 937 et
913 859 1147 935 accuratiores
1180 862 1453 933 commentarios
1487 860 1592 931 etiam
1641 858 1819 955 gationem
1841 880 2028 959 quaerunt.
2098 866 2190 959 Quis
2217 897 2301 947 vero
2322 890 2373 950 est
2392 902 2469 954 sana
2491 908 2587 966 mente

598 995 703 1041 snum
719 972 837 1039 lucum
855 982 889 1039 et
902 991 1002 1038 suam
1019 966 1159 1035 laudem
1175 958 1272 1033 haud
1291 963 1399 1033 dubie
1415 964 1509 1053 apud
1533 961 1592 1031 in·
1642 965 1840 1056 praeditus,
1866 969 1924 1038 cui
1939 981 1975 1039 et
1989 972 2113 1063 religio
2130 987 2164 1042 et
2178 989 2319 1047 aeterna
2336 982 2424 1053 salus
2437 1010 2528 1061 curae
2540 1012 2589 1083 est,

599 1073 799 1164 unigenae,
815 1082 849 1139 er
863 1083 955 1141 recte
972 1069 1169 1138 iudicantes
1183 1066 1228 1135 sit
1247 1060 1446 1135 habiturus.
1641 1066 1703 1158 qui
1729 1090 1802 1135 nun
1827 1063 2069 1158 cobortescat,
2110 1076 2285 1165 aspiciens
2316 1076 2399 1153 baec
2420 1100 2586 1176 praesentia

712 1170 866 1243 Talibus
886 1186 919 1242 ct
944 1170 1107 1262 pluribus
1130 1168 1209 1237 aliis
1228 1166 1443 1255 argumentis
1459 1165 1592 1256 impul·
1640 1168 1788 1237 vulnera
1804 1182 1838 1236 et
1853 1171 2007 1259 pericula
2027 1172 2230 1247 Ecclesiae?
2270 1178 2317 1253 Ut
2332 1188 2423 1255 esaim
2436 1185 2519 1260 nibil
2534 1198 2588 1267 iam

602 1298 661 1347 sus
680 1297 779 1359 sum,
805 1286 846 1343 ut
861 1272 1029 1363 neglectis
1053 1293 1175 1340 eorum
1199 1268 1514 1351 incursationibus,
1530 1267 1593 1360 qui
1640 1269 1800 1338 dicamus
1814 1271 1859 1339 de
1875 1266 2130 1347 ltustibusFilii
2149 1279 2225 1366 Dei,
2253 1280 2380 1354 Tuccia
2395 1300 2427 1358 et
2444 1291 2524 1378 aliis,
2542 1303 2591 1391 qni

601 1377 730 1449 alienis
743 1376 886 1467 scriptis
899 1370 967 1443 lruc
978 1371 1111 1441 infelici
1127 1370 1245 1439 seculo
1261 1371 1360 1462 quasi
1369 1360 1592 1466 e‘qpedperiue‘²
1641 1393 1683 1438 ex
1708 1368 1864 1461 professo
1889 1371 2067 1446 Ecclesiae
2088 1380 2223 1451 bellum
2253 1383 2430 1473 inierunt,
2468 1408 2499 1462 et
2517 1402 2591 1468 exci-

599 1504 678 1564 τες,
716 1474 974 1548 obtrectatione
1005 1471 1301 1565 praestantiorum
1338 1472 1593 1563 qualicunque,
1642 1471 1742 1541 dium
1756 1471 1956 1544 minantur:
1988 1479 2025 1547 in
2044 1504 2084 1549 eo
2109 1496 2230 1569 coetu,
2256 1488 2317 1579 qui
2334 1485 2463 1563 Christi
2485 1518 2591 1571 nomen

602 1603 737 1651 nomen
761 1578 878 1647 sibiet
895 1576 1103 1669 applausum
1129 1586 1321 1669 quaerunt,
1346 1568 1415 1642 huc
1435 1588 1594 1663 tempure
1642 1572 1847 1668 profitetur,
1891 1590 1927 1647 et
1956 1580 2100 1651 titulum
2127 1578 2305 1657 Ecclesiae
2327 1592 2435 1679 gerit,
2468 1601 2591 1673 marina

603 1680 703 1753 bunc
719 1680 883 1774 quamvis
898 1678 1143 1769 imperfectum
1170 1676 1503 1746 commentariolum
1528 1697 1595 1763 pu·
1642 1690 1674 1745 et
1694 1676 1936 1765 potentissima
1951 1705 2050 1769 pars,
2074 1683 2206 1755 florens
2223 1690 2413 1779 sapientia,
2439 1697 2592 1785 dignitate,

600 1783 791 1867 blicarem,
828 1782 925 1876 quud
948 1802 1032 1850 sane
1054 1780 1187 1849 iactum
1209 1777 1332 1847 fuisset
1355 1791 1389 1845 et
1411 1775 1594 1867 tempesti-
1641 1778 1791 1867 opibus,
1817 1794 1852 1851 et
1877 1780 1989 1868 gloria
2012 1786 2216 1859 ordinariae
2237 1794 2479 1877 succentoris,
2509 1824 2593 1891 parrae

603 1888 685 1955 vius
702 1895 736 1955 et
757 1884 888 1970 tutius,
914 1895 949 1955 et
970 1881 1095 1955 utilius
1114 1875 1230 1951 adbuc
1244 1876 1323 1971 ipsu
1338 1872 1520 1973 Philippo
1538 1878 1595 1945 vi·
1642 1880 1824 1951 doctrinae
1840 1878 2027 1973 Evangelii
2042 1889 2213 1960 acerrime
2231 1895 2457 1982 adversatur,
2489 1916 2519 1972 et
2532 1928 2591 1975 cun

604 1999 729 2070 vente,
763 1986 864 2055 cuius
888 1982 1083 2078 praesentis
1105 1980 1275 2053 autoritas
1302 1980 1476 2051 efficacius
1497 2002 1594 2049 com·
1643 1980 1690 2051 sit
1712 1982 1848 2071 polluta
1877 1985 2068 2079 multiplici
2092 1990 2277 2079 idolatria,
2316 1999 2405 2068 adeo
2431 2002 2516 2072 ferre
2540 2032 2593 2081 non

604 2089 774 2159 mendace
796 2082 865 2158 boc
889 2087 1059 2185 scriptum
1075 2083 1217 2156 Lectori
1242 2084 1422 2174 potuisset.
1470 2081 1596 2175 Neque
1644 2096 1759 2175 potest
1785 2086 1897 2154 taxari
1922 2108 2024 2178 suam¹
2043 2092 2278 2183 impietatem,
2302 2104 2594 2201 uterquisitasup

605 2213 672 2282 ego
689 2188 833 2283 quidem
858 2186 1092 2259 animadverti
1118 2208 1297 2281 uuquam,
1320 2186 1437 2277 ipsum
1462 2179 1596 2253 abbor—
1642 2184 1831 2277 pliciorum
1849 2189 2071 2263 immanitate
2084 2218 2160 2264 eam
2177 2197 2348 2286 stabilire,
2362 2216 2398 2272 et
2412 2206 2521 2276 delere
2532 2210 2593 2280 lon-

603 2316 683 2363 rere
696 2294 742 2361 ab
755 2289 912 2361 editione
929 2282 1036 2360 buius
1051 2290 1106 2359 sui
1125 2288 1255 2381 operis.
1308 2286 1379 2359 Sed
1400 2286 1483 2379 quia
1500 2280 1592 2355 mibi
1643 2287 1740 2357 ditus
1764 2308 1887 2359 verum
1913 2292 2130 2366 intellectum
2153 2300 2336 2371 doctrinae
2352 2306 2522 2387 coelestis,
2543 2314 2594 2385 ino

603 2416 745 2484 semper
765 2416 844 2485 spes
866 2404 960 2477 erat,
985 2392 1082 2473 fore,
1108 2404 1150 2462 ut
1166 2391 1225 2479 id,
1253 2390 1347 2483 quod
1369 2386 1595 2480 explicationi
1643 2412 1786 2465 omnem
1821 2415 1924 2461 usum
1963 2393 2252 2489 propheticorum
2287 2416 2323 2475 et
2357 2411 2594 2497 apostolicorum

603 2495 779 2566 secundae
809 2490 990 2586 Epistulae
1019 2487 1136 2563 adhuc
1166 2496 1283 2577 deest,
1327 2490 1521 2584 aliquando
1550 2490 1596 2559 ab
1642 2491 1853 2582 scripturum
1872 2494 1939 2586 piis
1954 2520 1995 2565 ex
2014 2500 2179 2572 manibus
2195 2518 2406 2599 extorquere
2421 2526 2561 2586 conetur.

601 2610 726 2669 autore
750 2596 990 2680 adiiceretur,
1032 2593 1157 2664 distuli
1187 2593 1351 2663 consulto
1382 2592 1595 2662 editionem:
1747 2592 1807 2663 Ab
1833 2589 1890 2665 bis
1920 2604 2204 2687 persecutoribus
2233 2610 2412 2691 veritatis,
2446 2612 2527 2681 salso
2548 2618 2592 2685 sili

604 2696 745 2768 Verum
761 2720 861 2782 cum,
885 2710 925 2766 ut
939 2720 1045 2786 supra
1059 2696 1195 2765 dictum
1212 2710 1275 2780 est,
1302 2688 1596 2785 Philippusmihi
1642 2694 1789 2765 titulum
1803 2692 1983 2770 Ecclesiae
2003 2708 2270 2795 arrogantibus,
2294 2714 2474 2802 premitur
2492 2718 2595 2810 reliqua

604 2798 775 2890 privatim
798 2798 987 2889 explicanti
1011 2796 1192 2891 aliquibus
1214 2793 1393 2887 Epistulas
1414 2792 1597 2876 Paulines,
1643 2798 1767 2885 exigna
1790 2800 2004 2889 multitudo,
2037 2830 2129 2897 quae
2152 2832 2273 2879 vocem
2297 2813 2368 2883 Dei
2390 2815 2594 2907 incorruptam

603 2896 700 2971 hanc
728 2901 955 2991 scriptionem
993 2900 1228 2987 instituisset,
1269 2911 1304 2969 et
1337 2893 1425 2968 haec
1456 2899 1595 2989 privata
1645 2898 1890 2991 amplectitur,
1921 2917 1956 2975 et
1977 2906 2174 2995 legitimum
2192 2910 2596 2991 sacramentariorum

606 3002 771 3072 exercitia
794 3014 937 3087 nostra,
964 3002 1055 3071 sieut
1078 3014 1112 3071 et
1137 3001 1297 3089 publicas
1315 3023 1458 3091 operas,
1485 3000 1596 3085 inter·
1645 3002 1795 3084 retinet,
1829 3002 1903 3094 ipsa
1933 3007 2097 3090 inermis,
2130 3010 2329 3101 imbecilla,
2361 3020 2528 3109 dispersa,
2551 3025 2595 3091 sli-

606 3098 1180 3196 turbassetlucspestilis1662.
1207 3126 1335 3193 cogens
1356 3124 1421 3172 nus
1439 3100 1595 3189 Torgam
1645 3104 1729 3175 cubi
1755 3117 1873 3178 tameo
1901 3107 2047 3179 nidulos
2076 3134 2159 3183 suos
2188 3126 2223 3184 et
2251 3118 2456 3191 defensores
2485 3118 2596 3209 babens,

605 3206 789 3290 secedere,
822 3204 906 3275 talia
935 3218 1056 3297 postea
1086 3216 1246 3295 tempora
1276 3216 1309 3273 et
1333 3218 1404 3275 tam
1435 3202 1595 3297 inquieta
1644 3202 1718 3275 Ubi
1736 3219 1770 3278 ct
1785 3204 1852 3276 sub
1868 3208 1997 3301 quibus
2013 3224 2330 3306 tutoscongressus
2353 3221 2393 3291 in
2414 3224 2544 3313 publico
2560 3250 2597 3295 cc·

610 3320 797 3377 consecuta
825 3320 927 3393 sunt,
969 3320 1021 3378 tut
1052 3300 1332 3396 profectionibus
1361 3306 1488 3396 partim
1511 3303 1597 3396 ipse,
1621 3317 1625 3418 J
1646 3306 1780 3392 lebret,
1806 3332 1990 3403 quaecum
2007 3338 2089 3385 vere
2102 3316 2147 3389 sit
2161 3312 2318 3391 Ecclesia
2344 3338 2379 3393 et
2393 3326 2599 3417 pupulusllei,

606 3409 737 3504 partim
765 3410 871 3479 ambo
894 3409 1056 3502 impediti
1075 3408 1226 3489 fuimus,
1257 3420 1297 3478 ut
1322 3407 1598 3479 commentarius
1622 3421 1624 3466 Ι
1649 3409 1686 3476 in
1705 3432 1774 3502 quo
1790 3402 1886 3482 haud
1906 3414 2013 3486 dubie
2027 3416 2130 3488 multi
2145 3432 2229 3492 suut
2243 3426 2382 3513 renati,
2409 3440 2442 3498 et
2455 3429 2598 3501 domicilia

604 3514 651 3581 ab
669 3525 808 3596 autore,
834 3515 919 3581 dum
939 3513 1043 3596 vixit,
1069 3510 1239 3601 compleri
1262 3513 1475 3603 nequiverit.
1528 3508 1597 3580 vi·
1622 3528 1624 3537 ·
1647 3509 1715 3581 Dei
1731 3533 1857 3592 ‚cum
1884 3515 1961 3606 ipsu
1986 3520 2113 3589 victuri
2137 3523 2174 3592 in
2199 3535 2344 3597 aeterna
2371 3533 2600 3616 cousuetudine,

612 3637 692 3683 sum
710 3627 827 3684 tamen
845 3628 897 3683 est
915 3613 1079 3704 plurimis
1094 3611 1313 3696 consultum,
1330 3628 1369 3682 ut
1385 3613 1503 3703 potius
1517 3635 1597 3680 rou·
1648 3625 1767 3684 tamen
1784 3627 1886 3686 tutet
1903 3617 2011 3691 tantis
2034 3622 2304 3698 confusionibus
2319 3641 2356 3700 et
2377 3633 2540 3702 scandalis
2556 3637 2598 3702 da

610 3716 699 3785 tilus
726 3717 867 3800 edatur,
895 3740 1000 3808 quam
1024 3737 1170 3806 prorsus
1194 3714 1465 3805 supprimatur.·
1506 3711 1599 3783 Fore
1622 3712 1625 3754 ⁵
1647 3713 1823 3786 formatur
1845 3730 1940 3792 totus
1967 3734 2104 3805 coetus,
2138 3741 2178 3800 ut
2200 3723 2294 3800 nihil
2319 3732 2485 3804 videatur
2512 3737 2597 3806 minus
2630 3758 2631 3765 ¹

607 3802 705 3887 enirn
730 3816 874 3886 aiebant
904 3813 990 3888 baec
1017 3819 1092 3908 ipsa
1123 3817 1318 3904 fragmenta
1346 3831 1442 3906 grata
1465 3816 1598 3901 multis,
1648 3839 1741 3899 esse,
1767 3841 1873 3911 quam
1891 3823 1985 3914 quod
2003 3825 2197 3916 profitetur.
2630 3908 2631 3917 ,

607 3941 698 4014 quae
720 3919 872 4008 priorem
896 3915 1092 4010 Epistulam
1116 3932 1244 4004 totam,
1278 3928 1311 3988 et
1334 3918 1509 3988 secundae
1530 3919 1597 3987 tria
1750 3915 1841 3989 Nam
1863 3921 1893 3991 si
1916 3925 1962 3994 ad
1985 3925 2151 3999 ducentes
2173 3933 2361 4024 respicias,
2383 3937 2503 4008 'videas
2521 3959 2600 4031 qnos
2630 3942 2631 3989 t

607 4021 723 4112 capita
738 4020 777 4086 in
800 4015 866 4088 bac
883 4020 956 4110 ipsa
975 4022 1147 4092 brevitate
1164 4019 1299 4109 egregie
1317 4017 1505 4094 illustrent.
1648 4023 1731 4090 dam
1756 4022 1810 4091 vel
1834 4023 2050 4112 ambitione,
2074 4031 2131 4100 vel
2155 4037 2417 4122 aemulatione,
2441 4041 2494 4109 vel
2513 4040 2601 4110 curia

713 4119 840 4191 Sciunt
882 4135 999 4192 autem
1042 4121 1303 4210 intelligentes,
1341 4122 1435 4189 inter
1474 4143 1599 4191 omnes
1649 4123 1752 4192 sitate
1775 4124 1973 4196 doctrinam
2001 4125 2246 4225 corrumpere,
2287 4152 2324 4210 et
2356 4141 2444 4211 falsa
2473 4143 2600 4230 dogmata

608 4221 714 4293 Pauli
730 4219 929 4314 Epistulas,
954 4219 1019 4293 has
1046 4247 1135 4317 quac
1160 4226 1203 4291 ad
1220 4217 1428 4292 Corinthius
1450 4224 1600 4314 scriptae
1648 4226 1815 4294 audacter
1829 4248 2010 4318 spargere,
2035 4247 2097 4305 aut
2117 4238 2347 4326 pertinaciter
2363 4244 2474 4329 tueri,
2496 4244 2601 4335 aliquos

609 4338 713 4408 sunt,
746 4347 786 4395 ac
811 4327 1016 4415 praesertim
1041 4325 1215 4415 priorem,
1247 4337 1392 4422 propter
1414 4347 1599 4394 causarum
1650 4349 1723 4395 non
1740 4328 1933 4398 necessaria
1957 4336 2150 4405 certamina
2173 4362 2289 4445 sererg
2310 4357 2347 4415 et
2369 4345 2487 4415 fuvere
2505 4345 2601 4434 impla
2630 4306 2631 4379 l

608 4449 697 4522 qu„
723 4439 865 4512 tractae,
892 4442 927 4498 eg
952 4426 1200 4521 quaestionum
1220 4423 1263 4493 de
1284 4427 1414 4518 quibus
1437 4444 1601 4518 pronun·
1649 4427 1825 4498 rabilibus
1857 4431 1977 4519 odiis,
2018 4433 2172 4532 Aliquos
2197 4442 2411 4533 religionem
2446 4447 2601 4524 inflectere,

614 4529 685 4597 ciat
701 4523 852 4613 Paulus,
875 4530 1102 4614 varietatem,
1130 4527 1352 4596 obscuriores
1368 4551 1457 4613 csse,
1484 4541 1518 4598 et
1542 4552 1601 4599 re·
1649 4530 1779 4620 fingere
1805 4553 1845 4600 ac
1871 4533 2042 4625 refingere
2064 4541 2109 4608 ad
2138 4536 2324 4616 autumet
2348 4547 2545 4641 cupiditates
2563 4546 2601 4613 rel

608 4630 755 4725 quirere
772 4629 947 4700 eruditam
967 4631 1248 4715 enarrationem,
1276 4653 1380 4722 quam
1406 4630 1471 4699 etsi
1487 4630 1601 4699 fatcor
1649 4629 1908 4721 Dominorum,
1935 4637 1991 4707 vel
2012 4653 2196 4727 coetuum,
2221 4669 2378 4740 quorum
2392 4651 2532 4740 gratiam
2544 4649 2602 4740 plu·

607 4757 650 4801 ex
664 4731 819 4800 aliorum
831 4734 1044 4803 doctissimis
1056 4729 1365 4803 lucubrationibus
1378 4732 1470 4802 sumi
1486 4753 1600 4830 posse,
1650 4734 1700 4802 ris
1714 4733 1868 4815 iaciunt,
1895 4761 2002 4832 quam
2018 4743 2168 4832 gloriam
2182 4747 2252 4818 Dei
2268 4761 2303 4819 et
2324 4753 2481 4822 veritatis
2501 4771 2599 4842 propr·

603 4845 728 4904 tamen
746 4833 922 4904 affirmare
936 4834 1063 4920 ausim,
1079 4833 1176 4925 pium
1195 4833 1359 4902 lectorem
1378 4833 1480 4902 etiam
1494 4828 1602 4903 buius
1649 4835 1849 4924 gationem,
1872 4832 2025 4934 Aliquos
2042 4867 2125 4915 vero
2142 4847 2350 4920 uuiversum
2366 4853 2417 4938 id,
2441 4857 2529 4949 quud
2542 4873 2600 4920 cers

605 4935 726 5026 scripti
736 4935 885 5005 lectione
902 4937 945 5005 ad
961 4937 1090 5007 rectius
1105 4929 1466 5024 intelligendasPauli
1477 4936 1599 5026 dispu-
1633 4937 1811 5034 *docendo
1835 4950 2083 5028 extruxerunt,
2117 4971 2257 5019 morum
2281 4953 2442 5041 licentia,
2465 4969 2497 5026 et
2515 4951 2599 5044 turpi·

607 5036 759 5106 tationes
774 5051 809 5106 et
826 5039 1071 5129 responsiones
1085 5033 1253 5106 nonnihil
1270 5036 1431 5107 adiutum
1447 5037 1505 5120 iri,
1517 5051 1552 5107 et
1569 5035 1601 5107 si
1652 5037 1776 5108 tudine
1792 5038 1885 5110 vitae
1900 5064 2023 5118 rursus
2042 5049 2233 5122 destruere.
2271 5050 2321 5124 Hi
2339 5057 2443 5127 naevi
2458 5050 2599 5148 conspecti

606 5130 702 5206 nibil
716 5137 836 5223 aliud,
862 5152 955 5210 certe
979 5142 1034 5209 vel
1061 5137 1270 5211 brevitatem
1293 5133 1401 5208 huius
1417 5161 1602 5207 commen·
1652 5139 1689 5210 in
1711 5139 1839 5210 ordine
1864 5145 2107 5234 profitentium
2124 5151 2323 5224 doctrinam
2340 5157 2599 5240 coelestem,non

607 5237 711 5322 tarii,
737 5261 859 5307 omnes
887 5242 1037 5328 otiosas,
1073 5266 1113 5311 ac
1137 5241 1400 5331 intempestivas
1425 5238 1601 5310 declama·
1650 5253 1798 5333 possunt
1813 5267 1886 5313 uun
1905 5251 2114 5323 contristare
2128 5253 2226 5343 pios,
2253 5269 2289 5329 et
2304 5259 2438 5330 multos
2456 5259 2598 5331 abliun·

611 5339 729 5410 tiones
743 5342 1023 5430 praecidentem,
1047 5343 1281 5436 probaturum
1301 5365 1386 5410 esse.
1649 5343 1733 5435 gelii
1747 5345 1865 5414 studio
1880 5350 2027 5422 reddere
2045 5354 2245 5429 alieniores.

709 5437 827 5530 Quam
845 5458 960 5514 autem
979 5444 1030 5513 sic
1045 5442 1114 5515 boc
1136 5455 1294 5533 tempure
1316 5443 1385 5534 piis
1405 5441 1600 5514 necessaria
1753 5441 1894 5517 Rursus
1910 5451 1941 5518 si
1955 5453 1999 5522 ad
2017 5455 2197 5528 auditores
2213 5459 2335 5531 oculus
2352 5476 2542 5541 convertas,
2560 5455 2598 5524 ri·

610 5555 645 5612 ct
661 5544 760 5614 utilis
775 5543 880 5615 lectio
898 5541 1080 5638 Epistulae
1095 5544 1300 5636 praesertim
1317 5543 1448 5642 prioris
1464 5545 1507 5614 ad
1526 5545 1602 5615 Co·
1652 5545 1753 5616 debis
1774 5547 1957 5637 religionis
1980 5568 2016 5626 et
2034 5555 2209 5631 libertatis
2229 5557 2455 5635 Christianae
2473 5557 2598 5635 foedissi-

610 5639 788 5734 rintbios,
815 5649 1047 5736 experiuntur
1061 5646 1133 5734 illi,
1160 5646 1220 5739 qui
1236 5646 1414 5716 intuentes
1429 5641 1521 5716 banc
1535 5647 1603 5718 tri·
1651 5670 1749 5716 mum
1766 5649 1935 5734 abusum,
1961 5672 2180 5732 contemtum
2195 5675 2230 5733 et
2251 5663 2500 5754 neglectionem
2514 5655 2595 5734 nodi

613 5745 803 5814 minimam
831 5747 955 5818 factem
980 5745 1185 5833 Ecclesiae,
1226 5747 1318 5816 serio
1351 5746 1476 5816 dolore
1502 5773 1600 5819 cum·
1652 5748 1853 5830 ministerii,
1879 5752 2159 5848 disputationum
2174 5763 2436 5854 profanitatem,
2459 5761 2596 5854 direptio·

608 5859 815 5932 moventur,
841 5864 875 5920 et
891 5873 975 5921 suae
998 5847 1194 5923 moestitiae
1217 5871 1258 5918 ex
1280 5849 1389 5920 verbu
1405 5847 1479 5919 Dei
1501 5849 1600 5921 miti·
1650 5869 1733 5919 nem
1768 5852 1947 5926 bonorum
1982 5857 2180 5951 Ecclesiae,
2220 5863 2502 5958 ingratitudinem
2538 5880 2595 5950 ‘fi'
