5825 6950
558 608 608 681 47
1160 590 1286 665 Ptttn
1313 587 1430 663 Muta
1456 582 1667 661 scutata
1694 582 1993 661 uxuutrtca.
2554 590 2600 669 lt

560 782 710 864 tiebant,
731 796 797 845 nee
815 770 1000 865 placabant
1015 766 1105 837 iram
1120 762 1203 851 Dei,
1224 786 1290 833 nec
1303 771 1470 855 poterant
1482 759 1552 830 tol·
1607 758 1740 833 latione
1754 758 1929 847 victimae,
1948 762 2019 833 iam
2034 774 2137 833 antea
2151 757 2407 854 comprehensa
2422 780 2477 835 est
2491 779 2601 853 gesta·

559 888 633 956 lere
649 890 830 975 peccatum
846 888 881 944 et
895 884 1058 943 mortem.
1096 866 1209 938 Erant
1223 864 1333 956 igitur
1347 863 1431 955 agni
1445 861 1555 931 sacri-
1606 862 1676 944 tio,
1698 875 1818 933 tamen
1839 865 2034 957 expeditior
2054 879 2104 935 εει
2122 865 2311 957 expositio:
2344 862 2463 937 Tollit
2481 890 2601 957 pecca-

562 986 762 1063 bcantinm,
790 978 827 1047 id
844 989 914 1061 est,
940 974 985 1045 ab
1002 972 1089 1065 ipsis
1103 968 1222 1053 electi,
1247 966 1323 1062 typi
1340 980 1374 1037 et
1390 964 1554 1055 imaginis
1606 978 1701 1051 tum,
1736 964 1774 1035 id
1803 980 1872 1052 est,
1905 966 2055 1038 sustinet
2088 990 2240 1060 poenam
2270 967 2404 1061 peccati
2432 982 2601 1059 prototo

562 1110 683 1173 causa,
708 1097 749 1155 ut
771 1078 834 1151 alii
855 1080 1150 1159 admonerentur,
1175 1094 1249 1141 non
1270 1082 1311 1140 nt
1331 1064 1399 1137 hae
1423 1081 1553 1137 marta-
1606 1069 1754 1140 mundo.
1802 1066 1879 1138 Etsi
1900 1070 1997 1140 enim
2017 1094 2091 1140 non
2117 1092 2241 1139 omnes
2264 1069 2448 1163 accipiunt
2472 1072 2603 1141 benefi-

562 1194 660 1267 tione
675 1179 1000 1281 placareturlleus:
1035 1174 1103 1249 Sed
1122 1172 1218 1243 solus
1235 1170 1386 1243 Messias
1410 1183 1462 1242 est
1476 1164 1557 1239 Dei
1607 1168 1701 1240 cium
1715 1162 1865 1257 Christi,
1886 1185 2006 1243 tamen
2021 1197 2087 1263 pro
2103 1173 2270 1243 omnibus
2285 1174 2375 1245 sacta
2390 1186 2443 1244 est
2460 1173 2603 1245 victima

562 1314 693 1385 agnus,
717 1284 786 1359 hoc
811 1298 881 1371 est,
907 1276 1140 1351 inenarrabili
1156 1274 1228 1347 Dei
1250 1272 1401 1344 consilio
1420 1270 1552 1343 consti·
1606 1272 1792 1359 sufficiens,
1817 1286 1857 1345 ut
1871 1274 2117 1345 aliasdicitnr:
2148 1272 2226 1366 lpse
2240 1288 2292 1346 est
2307 1274 2524 1366 propiciatio
2541 1300 2602 1366 pro

561 1412 681 1480 tutus,
707 1406 747 1463 ut
762 1389 858 1459 lieret
874 1384 1034 1467 victima,
1059 1380 1155 1451 etad
1179 1372 1247 1449 boe
1263 1389 1486 1448 consecratus
1500 1386 1553 1445 at·
1605 1374 1917 1468 peccatisnostris,
1942 1400 2007 1449 nec
2024 1401 2107 1449 vero
2127 1403 2191 1469 pro
2206 1379 2339 1450 nostris
2353 1391 2518 1463 tantum,
2542 1382 2600 1448 sed

559 1524 629 1597 que
651 1507 799 1575 unctus,
824 1488 973 1577 missus,
997 1508 1037 1555 ac
1057 1484 1211 1551 donatus
1239 1478 1365 1561 nobis,
1389 1478 1434 1549 ad
1461 1470 1554 1547 banc
1606 1478 1711 1549 etiam
1726 1478 1953 1572 propeccatis
1970 1479 2080 1551 totius
2095 1480 2234 1552 mundi.
2262 1477 2404 1552 Deinde
2419 1482 2509 1575 quia
2526 1481 2603 1551 bnis

560 1608 673 1694 ipsam
689 1618 782 1677 rem,
809 1592 917 1662 sensit
933 1588 1021 1657 iram
1037 1579 1128 1669 Det,
1152 1598 1187 1655 ct
1207 1581 1303 1653 solus
1318 1592 1369 1650 εει
1386 1582 1554 1673 placator,
1606 1579 1861 1651 immolationis
1872 1596 1924 1653 est
1940 1582 2089 1675 placatio
2103 1596 2136 1654 et
2150 1582 2328 1663 liberatio,
2353 1584 2603 1675 complectitur

560 1731 600 1779 ac
615 1704 780 1792 impetrat
795 1692 904 1765 deleri
921 1703 1100 1783 peccatum
1117 1701 1152 1758 et
1167 1697 1330 1771 mortem,
1357 1706 1397 1752 ac
1414 1680 1554 1754 restitui
1606 1696 1641 1753 et
1654 1680 1800 1753 alteram
1819 1683 2123 1774 significationem.
2173 1682 2287 1756 Tollit
2307 1702 2446 1774 peccata
2468 1690 2604 1768 misaeli,

559 1806 666 1881 nobis
681 1799 875 1875 iusticiam,
902 1806 937 1864 et
952 1792 1059 1863 vitam
1076 1802 1264 1861 aeternam.
1298 1782 1397 1855 Haec
1410 1782 1553 1859 collatio
1606 1784 1644 1855 id
1665 1799 1735 1867 est,
1761 1786 1885 1861 aufert.
1936 1786 1997 1860 Sic
2019 1802 2053 1858 et
2075 1786 2167 1857 inira
2190 1787 2352 1881 loquitur
2375 1789 2412 1856 in
2436 1790 2601 1883 epistola:

563 1910 699 1981 indicat
720 1922 843 1993 graves
860 1912 895 1969 et
916 1916 1060 1983 magnas
1080 1912 1201 1963 causas
1217 1888 1343 1973 luisse,
1368 1912 1432 1957 cur
1448 1884 1554 1957 loan·
1608 1886 1672 1957 llle
1686 1890 1868 1988 apparuit,
1892 1902 1932 1959 ut
1945 1904 2084 1982 peccata
2100 1902 2220 1961 nostra
2238 1890 2357 1975 tollat,
2383 1892 2420 1959 id
2438 1908 2513 1973 est,
2540 1920 2601 1962 au·

561 2036 624 2085 nes
637 2010 687 2081 sic
702 2008 842 2075 locutus
856 2000 914 2079 sit,
941 2010 976 2069 et
990 1990 1086 2067 hunc
1102 1984 1367 2083 agnumaDeo
1381 1987 1553 2060 constitu·
1606 1988 1707 2061 serat.
1758 1988 1853 2065 Dicit
1879 2004 1997 2061 autem
2028 1993 2178 2078 diserte,
2212 2007 2396 2085 peccatum
2427 1996 2600 2084 singulari

559 2132 650 2198 tum,
673 2116 930 2186 consecratum,
949 2112 1107 2181 unctum,
1133 2094 1345 2165 sentientem
1362 2092 1450 2163 iram
1464 2086 1554 2175 Dei,
1606 2116 1767 2163 numero.
1825 2089 1976 2165 Ebraica
1999 2091 2139 2187 phrasi,
2172 2119 2236 2189 pro
2260 2097 2427 2167 universa
2451 2104 2601 2168 damna-

561 2233 596 2289 et
619 2216 833 2308 placatorem
852 2202 1126 2273 discernendum
1145 2197 1311 2290 putarita
1335 2194 1481 2265 caeteris
1498 2194 1552 2262 vi·
1607 2196 1713 2267 tione.
1746 2194 1861 2267 Tollit
1878 2211 2068 2287 peccatum,
2094 2197 2128 2266 id
2147 2212 2209 2282 est,
2232 2198 2433 2271 universam
2451 2204 2601 2270 damna-

560 2319 697 2399 ctimis,
730 2334 820 2405 quae
841 2306 907 2379 etsi
937 2317 1038 2373 erant
1060 2302 1154 2399 typi,
1190 2314 1306 2370 tamen
1335 2322 1354 2366 a
1379 2294 1456 2366 Deo
1479 2320 1552 2365 non
1606 2298 1759 2383 tionem,
1791 2298 1957 2371 videlicet
1979 2300 2257 2371 inobedientiam
2280 2302 2419 2391 generis
2439 2297 2602 2387 humani,

561 2434 660 2493 erant
675 2412 816 2511 proprie
832 2412 876 2481 ad
893 2403 960 2479 hoc
976 2429 1106 2475 munus
1121 2402 1344 2481 constitutae,
1370 2422 1552 2471 eonsecra-
1606 2413 1741 2471 reatum
1774 2401 1847 2471 irae
1872 2398 1959 2486 Dei,
2000 2416 2170 2485 mortem,
2206 2417 2240 2473 et
2267 2418 2425 2475 aeternas
2452 2431 2597 2495 poenas.

561 2540 635 2608 tae,
661 2526 880 2599 emunctae,
906 2534 971 2579 nee
986 2519 1168 2579 senserant
1184 2505 1271 2575 iram
1289 2499 1370 2589 Dei,
1396 2526 1460 2573 nec
1476 2502 1551 2594 pla·
1606 2500 1708 2573 Hanc
1721 2516 1831 2574 totam
1848 2504 2112 2577 damnationem
2131 2505 2181 2577 ait
2194 2505 2304 2579 deleri
2318 2532 2335 2575 a
2349 2504 2486 2576 Messio.

561 2634 738 2697 caverant,
1709 2600 1886 2677 Enarravi
1918 2622 2100 2702 utcunque
2133 2610 2239 2679 verba
2275 2604 2376 2679 huius
2398 2610 2593 2677 concionis.

664 2720 791 2797 Simile
814 2732 866 2790 est
887 2716 1023 2787 dietum
1043 2710 1186 2791 Esaiae,
1212 2710 1307 2804 quod
1333 2709 1473 2781 videtur
1495 2730 1554 2777 ex·
1608 2707 1682 2778 lam
1707 2731 1847 2779 necesse
1872 2723 1925 2781 est
1948 2710 2103 2779 conferri
2119 2710 2297 2781 victimam
2313 2706 2403 2780 banc
2416 2713 2460 2781 ad
2476 2724 2597 2805 typos.

561 2829 727 2925 pressisse
743 2825 907 2895 Ioannes.
959 2815 1024 2888 Ait
1046 2816 1140 2885 enim
1157 2812 1280 2883 Esaias
1305 2812 1449 2882 diserte:
1476 2809 1555 2880 Do·
1607 2812 1647 2884 Si
1661 2807 1720 2881 hic
1736 2810 1833 2881 solus
1849 2834 1960 2903 agnus
1976 2813 2095 2884 abolet
2119 2826 2279 2913 peccata,
2302 2814 2387 2907 quid
2410 2811 2520 2903 igitur
2537 2840 2601 2883 va-

561 2934 681 3005 minus
697 2926 813 2997 voluit
829 2937 1011 2993 conterere
1027 2941 1119 2989 eum.
1163 2912 1265 2987 ltem:
1291 2912 1458 2985 Vidimus
1474 2937 1554 2983 eum
1608 2914 1728 2986 lebant
1744 2914 1923 2997 victimae,
1949 2918 1993 2983 de
2018 2916 2149 3009 quibus
2174 2917 2228 2985 lex
2252 2917 2500 3016 praeceperat?
2532 2914 2601 2986 llis

561 3053 767 3135 percussum
791 3052 810 3097 a
831 3026 923 3098 Deo.
975 3020 1081 3091 Item:
1108 3016 1285 3091 Dominus
1306 3016 1425 3111 posuit
1449 3016 1487 3086 in
1513 3040 1554 3085 eo
1608 3016 1881 3088 mactationibus
1895 3012 2076 3087 Pharisaei
2091 3019 2263 3110 putabant
2279 3042 2316 3088 se
2331 3020 2461 3089 mereri
2477 3022 2602 3091 remis-

563 3136 768 3231 iniquitates
790 3128 954 3199 omniurn
975 3136 1159 3207 nostrum,
1185 3120 1313 3212 idest,
1338 3116 1437 3190 Deus
1462 3112 1555 3188 hanc
1605 3123 1742 3192 sionem
1766 3134 2007 3211 peccatorum,
2029 3134 2062 3191 et
2083 3119 2159 3190 tieri
2184 3117 2352 3191 haeredes
2370 3121 2464 3192 vitae
2489 3136 2599 3193 aeter·

560 3240 738 3311 victimam
755 3229 954 3313 constituit,
978 3238 1017 3297 et
1032 3222 1205 3294 declaruit
1219 3222 1293 3292 irae
1309 3246 1393 3293 suae
1416 3220 1553 3312 magni·
1607 3250 1684 3294 nae.
1735 3222 1844 3293 Hunc
1859 3247 2017 3292 errorem
2032 3238 2067 3294 et
2081 3217 2138 3292 hic
2155 3224 2306 3295 Ioannes
2320 3238 2428 3303 taxat,
2455 3250 2536 3293 curn
2551 3242 2601 3295 te-

560 3340 722 3415 tudinem
742 3337 911 3407 adversus
928 3340 1120 3419 peccatum,
1140 3327 1235 3419 quod
1252 3325 1320 3395 alia
1337 3322 1436 3395 nulla
1450 3322 1554 3395 victi·
1605 3340 1719 3398 statur
1735 3339 1915 3416 peccatum
1932 3348 2006 3394 non
2022 3324 2165 3413 auferri,
2181 3326 2251 3396 nisi
2270 3351 2333 3419 per
2346 3322 2445 3396 hasne
2459 3351 2600 3418 agnum.

560 3468 618 3516 ma
633 3438 766 3534 placari
783 3434 898 3528 potuit
918 3430 988 3502 nisi
1006 3442 1118 3501 morte
1134 3426 1221 3508 lilii,
1246 3428 1334 3498 etin
1351 3422 1448 3498 hune
1464 3426 1554 3497 effu·
1606 3430 1688 3501 Non
1712 3428 1821 3518 igitur
1837 3442 1973 3521 poterat
1990 3429 2141 3515 auferri,
2166 3454 2231 3523 per
2254 3429 2415 3501 victimas
2438 3446 2599 3510 caeteras.

561 3547 618 3620 dit
631 3547 719 3614 iram
736 3541 906 3610 adversus
921 3545 1112 3626 peccatum.
1146 3528 1217 3600 Hic
1232 3530 1328 3601 solus
1342 3553 1464 3600 revera
1479 3529 1556 3614 scit,
1607 3546 1641 3604 et
1657 3526 1936 3632 reprehenderat
1953 3535 2105 3602 eundem
2119 3556 2276 3602 errorem
2292 3545 2395 3602 antea
2407 3529 2533 3604 Esaias
2546 3537 2604 3606 in·

560 3662 693 3745 quanta
709 3641 824 3712 cessit
840 3649 1042 3732 peccatum,
1067 3631 1189 3704 eticae
1210 3631 1352 3703 divinae
1374 3631 1556 3722 magnitu·
1607 3636 1751 3729 quiens:
1788 3631 1884 3721 Quia
1911 3648 2020 3726 ponet
2048 3634 2205 3704 animam
2230 3659 2330 3705 suam
2354 3629 2513 3708 hostiam
2542 3664 2607 3730 pro

560 3752 681 3822 «linem
707 3741 893 3838 perspexit.
950 3735 1013 3809 Est
1035 3758 1117 3826 ergo
1138 3733 1280 3806 victima
1305 3731 1394 3818 Dei,
1427 3736 1463 3804 id
1492 3749 1556 3814 est,
1608 3751 1771 3828 peccato,
1798 3737 1934 3807 videbit
1950 3761 2071 3806 semen
2090 3739 2319 3827 longaevum,
2345 3739 2469 3820 idest,
2499 3735 2612 3812 huius

560 3853 715 3926 sentiens
740 3849 828 3917 iram
852 3841 921 3916 Dei
944 3853 977 3910 et
999 3841 1141 3932 placans
1156 3835 1281 3910 Deum.
1333 3834 1556 3926 Haecapiis
1607 3840 1715 3910 unius
1731 3863 1826 3908 mors
1842 3863 1923 3910 vere
1943 3839 2098 3931 placabit
2114 3841 2203 3910 iram
2220 3838 2304 3924 Dei,
2329 3855 2364 3910 et
2380 3835 2440 3910 hie
2454 3849 2612 3915 resusci-

559 3955 749 4038 diligenter
772 3945 957 4037 cogitanda
983 3955 1084 4026 sont,
1111 3939 1319 4030 magnitudo
1344 3935 1473 4008 harum
1497 3963 1555 4008 re·
1608 3958 1718 4020 latras,
1743 3943 1902 4013 restituet
1925 3942 2029 4012 nobis
2050 3942 2160 4014 vitam
2180 3955 2370 4014 aeternam.
2423 3943 2557 4034 Quare
2582 3967 2615 4019 et

561 4083 641 4130 rum
659 4054 775 4123 verbis
792 4045 960 4142 explicari
978 4069 1051 4114 non
1069 4057 1191 4134 potest.
1237 4041 1302 4112 Est
1319 4042 1357 4111 in
1374 4043 1459 4133 ipsis
1476 4067 1555 4112 ver·
1609 4043 1735 4116 Esaiae
1756 4060 1790 4114 et
1813 4043 1994 4134 Baptistae
2013 4047 2203 4116 conciones
2225 4059 2420 4130 testantur,
2446 4049 2491 4116 in
2516 4075 2616 4122 noso

561 4161 616 4231 liis
632 4154 758 4230 Esaiae
781 4154 819 4221 in
844 4173 907 4222 sua
928 4149 1049 4240 lingua
1066 4145 1257 4236 singularis
1271 4140 1468 4237 emphasis,
1493 4145 1554 4216 sed
1607 4162 1816 4220 testamento
1851 4148 1932 4216 illas
1970 4147 2205 4235 mactationes
2236 4147 2413 4219 Leviticae
2446 4175 2620 4224 cessuras

559 4285 665 4358 pergo
684 4261 728 4330 ad
750 4271 897 4327 caetera.
1607 4273 1701 4339 esse,
1725 4246 1884 4322 exhibita
1901 4273 1984 4322 vera
2006 4249 2176 4346 victima}

1708 4353 1779 4424 Sed
1801 4348 1861 4423 bic
1882 4356 1986 4423 etiam
2008 4354 2170 4423 doctrina
2193 4355 2239 4424 de
2261 4353 2331 4424 fide
2361 4359 2526 4429 tenenda
2557 4379 2623 4447 est,

1608 4458 1790 4550 quommlo
1810 4455 1871 4525 fiat
1894 4455 2084 4547 applicatio
2108 4455 2271 4526 sacrificii
2291 4451 2444 4542 Christi,
2474 4464 2622 4534 seilicet

661 4569 770 4662 Apud
788 4561 934 4637 Esaiam
947 4563 1025 4654 'duo
1043 4561 1152 4632 verba
1169 4573 1268 4630 sunt:
1296 4555 1422 4627 tollere
1444 4570 1479 4627 et
1497 4579 1557 4648 ge-
1607 4560 1688 4629 lide.
1725 4556 1780 4631 De
1796 4553 1861 4628 hac
1875 4558 2112 4647 applicatione
2128 4558 2221 4628 inira
2237 4555 2396 4651 Baptista
2411 4567 2627 4639 conciona-

559 4691 673 4754 stare,
703 4692 794 4764 quae
816 4664 912 4738 baud
938 4665 1047 4736 dubie
1071 4661 1239 4756 expressit
1262 4657 1430 4731 loannes:
1464 4656 1557 4730 Vere
1608 4676 1669 4733 tur
1699 4684 1776 4751 cap.
1802 4660 1856 4732 8:
1892 4658 1967 4750 Qui
1993 4661 2105 4732 credit
2131 4661 2169 4729 in
2194 4661 2328 4744 lilium,
2362 4657 2468 4733 habet
2499 4671 2625 4742 vitam

561 4781 752 4868 languores
766 4783 906 4841 nostros
923 4769 998 4860 ipse
1013 4767 1116 4850 tulit,
1140 4779 1174 4836 et
1190 4775 1331 4864 peecata
1345 4776 1467 4833 nostra
1484 4760 1558 4852 ipse
1609 4778 1807 4850 aeternam3
1827 4763 1889 4856 qui
1905 4787 1979 4832 non
1995 4765 2108 4834 credit
2121 4763 2215 4842 lilio,
2239 4782 2314 4834 non
2331 4765 2467 4835 videbit
2485 4771 2626 4849 vitam.

560 4875 727 4974 portavit.
782 4870 891 4942 ltem:
919 4868 1130 4964 iniquitates
1153 4890 1276 4938 eorum
1298 4863 1373 4956 ipse
1388 4863 1557 4957 portavit,
1608 4868 1670 4936 sed
1694 4863 1979 4936 manetiraDei
2003 4889 2225 4958 supereum.
2284 4863 2352 4937 Est
2369 4882 2489 4938 autem
2514 4875 2631 4960 fides,

560 4998 593 5057 et
610 4999 750 5052 rursus:
778 4971 924 5044 Peccata
948 4973 1144 5043 multorum
1165 4967 1258 5040 tulit.
1311 4964 1384 5038 Nee
1406 4967 1557 5037 dubium
1609 4969 1757 5054 fidncia,
1781 4993 1850 5062 qua
1867 4967 2057 5039 statuimus
2070 4965 2186 5038 Deum
2205 4969 2309 5038 nobis
2333 4969 2512 5058 placatum
2544 5003 2630 5052 esse

559 5099 612 5158 est
637 5084 749 5154 altero
772 5077 882 5146 verbo
907 5075 1095 5164 significari
1123 5069 1373 5166 gestationem,
1404 5083 1445 5139 ut
1466 5091 1558 5140 onus
1609 5085 1756 5164 propter
1769 5068 1975 5160 Christum,
2000 5086 2042 5142 ut
2057 5069 2310 5143 diciturllom.
2325 5067 2379 5144 (az
2413 5071 2484 5144 Per
2501 5102 2630 5168 quem

560 5187 665 5260 nobis
680 5179 885 5276 impositum
902 5177 1065 5266 gerimus.
1101 5173 1152 5246 lta
1169 5165 1439 5268 inquitEsaias‚
1459 5169 1559 5242 Mes·
1609 5195 1786 5246 accessum
1809 5168 1982 5243 habemus
2007 5173 2076 5242 lide
2101 5173 2140 5242 in
2168 5168 2260 5244 hanc
2286 5174 2447 5264 gratiam.
2512 5177 2631 5256 Hm

561 5293 650 5361 siam
674 5287 849 5358 sustinere
870 5293 905 5349 et
928 5279 1085 5370 perferre
1105 5301 1256 5368 poenas,
1282 5299 1370 5370 quas
1391 5299 1457 5366 pro
1476 5297 1558 5366 pec·
1608 5275 1738 5348 fiducia
1759 5299 1834 5347 non
1857 5274 1987 5345 nititur
2015 5289 2136 5346 nostra
2161 5277 2354 5366 dignitate,
2387 5301 2449 5350 seu
2473 5291 2631 5360 nostris

563 5407 768 5482 calogerus
786 5379 1268 5454 humanumserredebebat·
1308 5375 1432 5451 Altero
1448 5379 1559 5446 verbo
1610 5379 1821 5463 virtutibus,
1853 5379 1914 5447 sed
1938 5378 2016 5469 ipso
2044 5378 2240 5450 mediatore
2262 5376 2339 5450 filio
2361 5377 2442 5454 Dei.
2504 5380 2631 5464 Han<

561 5509 745 5586 utrunque
766 5484 1000 5576 significatur,
1025 5483 1145 5554 levare
1166 5494 1200 5550 et
1221 5479 1377 5566 auferre,
1402 5503 1469 5550 ner
1490 5482 1559 5549 dn·
1610 5481 1808 5552 doctrinam
1834 5483 1879 5548 de
1900 5479 2138 5572 applicatione
2159 5505 2223 5573 per
2238 5481 2363 5566 fidem,
2389 5507 2539 5557 necesse
2571 5513 2631 5566 ess

563 5599 662 5668 bium
681 5587 889 5663 estGraeeis
903 5587 938 5658 id
956 5586 1116 5669 verbum,
1142 5605 1214 5678 qun
1231 5577 1415 5655 hicutitur
1430 5598 1559 5654 utrnn·
1581 5606 1584 5615 ’
1609 5579 1669 5654 bic
1684 5583 1881 5674 cennplecti,
1900 5583 1985 5674 quia
1999 5585 2205 5666 adversarii,
2224 5583 2288 5654 etsi
2306 5579 2529 5657 hocdietum
2551 5600 2631 5666 ad.

562 5723 631 5795 qne
661 5695 878 5782 significare,
911 5687 1087 5779 suscipere
1118 5685 1327 5776 gestandum
1351 5699 1384 5756 et
1410 5686 1559 5755 auferre.
1580 5726 1585 5791 Ι
1607 5685 1773 5756 mittunt:
1801 5679 1928 5755 hicest
1943 5699 2151 5776 agnusue,
2166 5700 2413 5779 tamenpostea
2428 5693 2631 5781 sepeliunt

566 5800 853 5891 Complectamnr
872 5806 906 5864 et
922 5813 989 5862 nos
1005 5806 1197 5884 utramque.
1248 5783 1339 5858 Nam
1355 5788 1419 5860 etsi
1435 5787 1558 5879 appel·
1579 5793 1584 5850 ι
1610 5787 1724 5860 filium
1739 5783 1829 5878 Dei,
1851 5801 1885 5858 et
1901 5787 2044 5874 dieunt,
2069 5788 2308 5860 dubitandum
2323 5813 2411 5876 esse,
2431 5815 2476 5862 an
2497 5795 2631 5874 simu,

774 4423 855 4526 Qui
870 4419 972 4496 tollit
995 4429 1181 4522 peccatum
1197 4415 1340 4492 mandi.
