5825 6950
546 680 626 761 eos
886 640 891 649 ’
1008 658 1016 666 ’
1127 682 1279 768 euru
1301 680 1419 759 saun
1451 676 1664 757 scatere
1696 676 1998 762 uxreurtca
2143 674 2149 682 '
2515 694 2583 769 svo

558 876 630 935 est:
663 860 857 956 Postquam
878 882 943 954 ego
958 884 979 933 a
992 872 1093 955 patre
1106 856 1335 932 confirmatus
1358 876 1461 946 sum,
1494 856 1551 927 vi-
1602 856 1696 930 cedit
1711 861 1757 929 de
1771 859 1992 953 principatu,
2018 880 2096 932 non
2109 863 2226 933 studet
2238 862 2398 949 laedere,
2423 877 2489 937 aut
2513 890 2587 957 pre·

558 964 679 1038 cissim
712 977 814 1058 pater
844 986 925 1034 mea
956 964 1125 1050 victoria,
1162 985 1241 1033 mea
1274 962 1552 1056 praedieatione,
1595 970 1718 1051 πῶτε,
1750 978 1865 1037 errata
1882 964 2036 1074 collegae
2052 986 2177 1035 sanare
2197 965 2312 1057 eupit,
2347 966 2430 1037 ideo
2454 968 2587 1058 placide

556 1092 636 1141 mea
666 1066 873 1138 obedientia
910 1067 1111 1139 celebratur
1140 1078 1175 1137 et
1203 1065 1464 1157 celebrabitur,
1517 1078 1552 1138 et
1604 1081 1639 1139 et
1667 1080 1827 1139 amanter
1858 1068 2038 1143 admonet.
2097 1065 2197 1137 llaec
2225 1068 2412 1157 diligentia
2442 1094 2526 1140 cum
2550 1072 2588 1143 sit

558 1184 706 1264 propter
728 1164 823 1241 hanc
844 1170 1087 1242 obedientiam
1115 1166 1224 1260 paulo
1245 1180 1326 1262 post
1346 1190 1471 1240 rursus
1495 1190 1553 1239 me
1605 1169 1852 1241 dillicultatum
1869 1169 1993 1262 plena,
2016 1168 2121 1241 toties
2138 1169 2335 1241 inculcatur
2352 1184 2589 1263 praeceptum,

560 1287 662 1366 pater
692 1295 786 1343 nova
816 1271 931 1364 gloria
958 1272 998 1340 in
1027 1270 1286 1363 resurrectione
1309 1272 1471 1362 ornabit,
1513 1292 1553 1343 ac
1604 1286 1645 1343 ut
1657 1293 1834 1343 memores
1850 1272 1948 1348 vocis
1959 1267 2095 1344 Christi
2109 1270 2222 1363 magis
2238 1272 2421 1344 frenemus
2443 1274 2589 1345 affectus

561 1400 647 1446 mox
660 1375 842 1448 delabitur
855 1398 972 1447 sermo
986 1396 1110 1444 rursus
1123 1373 1169 1443 ad
1185 1374 1401 1467 passionem:
1427 1370 1552 1443 Filioli
1605 1386 1763 1459 nostros,
1801 1386 1837 1445 et
1854 1397 2037 1446 caveamus
2059 1398 2105 1445 ne
2134 1374 2350 1458 ambitione,
2390 1376 2589 1462 iracundia,

561 1500 636 1547 non
665 1478 732 1549 diu
756 1476 942 1549 vobiscum
965 1499 1042 1548 ero.
1106 1472 1158 1548 Et
1178 1500 1263 1547 mox
1287 1477 1388 1558 addit
1409 1500 1555 1567 praece-
1605 1476 1797 1566 cupiditate
1824 1476 2019 1564 vindictae,
2056 1475 2327 1564 malevolentia,
2359 1476 2498 1559 livore,
2535 1492 2590 1552 aut

562 1593 664 1668 ptum
680 1580 834 1651 maxime
849 1578 1105 1667 necessarium,
1130 1590 1165 1649 et
1178 1600 1284 1673 saepe
1297 1579 1492 1673 repetitum
1511 1578 1553 1653 iu
1605 1577 1683 1647 aliis
1700 1576 1811 1647 animi
1823 1578 1957 1649 morbis
1971 1574 2341 1651 turbemusEcclesiae
2352 1579 2590 1657 concordiam.
2638 1631 2639 1669 l

562 1675 630 1753 hac
647 1682 831 1754 concione.
1604 1677 1702 1751 Haec
1714 1680 1801 1753 satis
1814 1680 1861 1752 sit
1874 1681 2029 1752 breviter
2042 1682 2088 1751 de
2102 1675 2373 1774 hoc-praecepto
2399 1682 2590 1769 monuisse,

766 1849 1004 1929 Mandatum
1165 1848 1214 1925 a,
1228 1850 1342 1931 vobis·
1604 1784 2590 1980 ttltsttlhttlttdtfflltlt‘adtl

663 1984 813 2059 Certum
836 1999 889 2058 est
915 1988 1124 2059 mandatum
1149 1988 1195 2057 de
1216 1985 1400 2078 diligendo
1415 1984 1495 2058 Deo
1513 1996 1553 2058 ¹et
1604 1986 1674 2086 ipsi
1689 1988 1736 2057 de
1750 1982 1817 2058 hac
1833 2000 2008 2081 postrema
2021 1982 2160 2059 Christi
2174 1987 2348 2058 concione
2368 2012 2474 2079 saepe
2499 1990 2590 2078 cogi·

565 2091 730 2184 proximo
744 2104 931 2161 aeternum
946 2103 981 2162 et
996 2090 1221 2161 immutabile
1232 2110 1324 2177 esse,
1353 2090 1436 2184 quia
1460 2112 1554 2158 sem-
1603 2100 1739 2177 tantes,
1763 2090 2006 2182 diligentiores
2020 2092 2132 2163 simus
2145 2090 2187 2159 in
2203 2091 2394 2162 concordia
2408 2088 2558 2168 tuenda.

563 2216 627 2285 per
647 2194 696 2267 ita
718 2193 842 2266 statuit
866 2216 966 2265 mens
991 2192 1135 2278 divina,
1168 2204 1203 2263 et
1225 2186 1320 2262 hanc
1340 2190 1551 2263 sententiam

530 2309 533 2312 ’
564 2294 684 2366 statim
701 2295 746 2365 ab
759 2294 867 2364 initio
880 2294 1070 2377 revelavit,
1095 2294 1272 2386 impressit
1288 2288 1467 2363 humanae
1486 2316 1551 2363 na-

564 2410 687 2485 turae,
712 2405 751 2467 el
762 2398 876 2467 vocali
892 2399 1004 2466 verbo
1019 2396 1183 2467 tradidit:
1208 2395 1333 2487 Dilige
1348 2396 1552 2487 proximum
1592 2438 1606 2465 .
1704 2390 1883 2467 inseritur
1894 2394 2092 2469 admonitio
2109 2398 2153 2465 de
2165 2395 2409 2467 imbecillitate
2424 2390 2588 2484 humum,

563 2497 655 2569 sieut
671 2499 837 2589 teipsum.
887 2496 985 2568 Haec
1001 2499 1146 2567 sumita
1170 2499 1265 2583 sint,
1294 2511 1330 2570 et
1348 2498 1406 2568 lex
1426 2498 1471 2567 de
1494 2496 1552 2567 di·
1603 2507 1639 2568 et
1665 2492 1940 2588 reprehenditur
1971 2500 2080 2569 stulta
2113 2498 2345 2583 confidentia,
2382 2495 2512 2571 Petrus
2532 2524 2586 2571 so-

563 2600 716 2670 lectioue
732 2602 837 2671 toties
850 2600 897 2671 sit
912 2600 1062 2690 repetita
1077 2600 1114 2668 in
1129 2596 1341 2693 Prophetis,
1363 2624 1427 2670 cur
1440 2593 1551 2670 Chri·
1603 2598 1717 2670 suniat
1731 2621 1868 2689 pugnas
1882 2612 1915 2671 et
1932 2600 2215 2685 dimicationem,
2240 2615 2325 2672 etse
2348 2602 2456 2674 morti
2479 2604 2582 2671 cond-

563 2716 638 2771 stus
660 2718 762 2772 vocat
785 2726 920 2773 novum
940 2702 1177 2771 mandatum?
1212 2702 1345 2773 usitate
1364 2702 1554 2794 responsio
1603 2704 1729 2772 denter
1742 2702 1865 2787 offert,
1891 2706 1951 2773 sed
1971 2696 2137 2773 Christus
2151 2715 2246 2774 taxat
2259 2702 2524 2785 confidentiam,
2542 2726 2581 2773 ac

549 2818 614 2873 est
631 2805 750 2874 vocari
765 2828 919 2889 novum,
931 2828 1007 2873 non
1026 2818 1175 2895 propter
1185 2818 1345 2895 tempus,
1358 2828 1429 2897 quo
1446 2826 1552 2895 prae·
1601 2803 1773 2895 praedicit
1785 2804 1862 2875 eius
1875 2802 2029 2897 lapsum.
2077 2804 2271 2876 Discamus
2283 2826 2367 2895 ergo
2384 2828 2458 2877 non
2475 2806 2583 2875 conli-

561 2906 633 2996 cipi
664 2906 800 2999 coepit,
836 2907 899 2976 sed
920 2919 1107 3003 propterea
1129 2906 1226 2999 quod
1249 2930 1328 2976 uon
1348 2905 1553 2997 impleatur,
1579 2908 1687 2976 ,dere
1700 2906 1843 2999 propria
1858 2906 2020 2992 iusticia,
2050 2907 2108 3003 vel
2124 2907 2331 2996 vigilantis,
2363 2908 2422 2976 vel
2447 2907 2584 2999 sapien·

561 3007 632 3077 nisi
661 3008 748 3077 novi
776 3008 981 3078 testamenti
1001 3010 1117 3093 dono,
1147 3007 1281 3079 seilicet
1301 3010 1388 3078 dato
1410 3006 1552 3100 Spiritu
1602 3008 1666 3079 tia:
1697 3032 1782 3077 nam
1802 3004 1958 3079 humana
1982 3019 2108 3079 ustura
2132 3032 2199 3100 per
2217 3032 2292 3081 sese
2315 3022 2367 3078 est
2388 3009 2585 3094 imbecillis,

560 3122 701 3193 sancto,
733 3134 803 3180 nec
822 3106 1047 3201 reprehendo
1070 3104 1166 3179 hanc
1185 3110 1411 3183 sententiam.
1460 3106 1553 3181 Cae-
1600 3110 1911 3185 etfacilelabitur.
1956 3106 2099 3181 Deinde
2110 3111 2326 3181 accerrimae
2337 3125 2422 3182 sunt
2438 3112 2585 3181 insidiae

561 3224 679 3281 terum
695 3214 778 3282 satis
794 3226 939 3312 apparet
954 3206 1138 3281 Christum
1162 3206 1232 3283 hoc
1253 3214 1464 3283 mandatum
1483 3236 1549 3282 vo-
1600 3212 1753 3298 diaboli,
1772 3190 1836 3305 qui
1852 3210 1963 3283 variis
1976 3212 2092 3281 modis
2108 3213 2322 3283 imbecillem
2337 3216 2583 3284 naturamim·

560 3336 641 3383 csre
655 3334 812 3399 novum,
841 3315 942 3409 quasi
960 3314 1079 3400 dicat,
1108 3336 1184 3384 non
1208 3312 1377 3398 usitatum
1399 3316 1553 3401 mundo,
1600 3314 1720 3405 pellit,
1753 3315 1845 3386 sicut
1863 3314 1986 3385 Lucae
2008 3318 2073 3387 22·
2092 3316 2212 3408 inquit
2232 3310 2416 3387 Christus:
2450 3314 2587 3399 Sinon,

558 3416 681 3501 idest,
703 3440 782 3488 non
798 3418 884 3512 quia
898 3417 1010 3508 legem
1028 3416 1141 3510 ipsam
1155 3416 1411 3491 sciantomnes
1429 3412 1551 3488 homi·
1599 3414 1745 3501 Simon,
1780 3439 1861 3490 ecce
1874 3415 2026 3490 Satanas
2046 3417 2216 3509 expetivit
2237 3438 2319 3503 vos,
2354 3431 2394 3488 ut
2416 3418 2587 3490 cribraret
2641 3477 2642 3516 3

558 3520 646 3603 nes,
677 3521 739 3588 sed
761 3521 847 3612 quia
869 3545 976 3591 nemo
995 3519 1142 3608 ignarus
1163 3516 1376 3610 Evangelii,
1413 3530 1450 3590 et
1472 3543 1549 3590 non
1598 3541 1661 3589 vos
1677 3533 1847 3613 tanquam
1862 3520 2036 3592 triticum.
2084 3517 2165 3610 Ego
2178 3533 2295 3590 autem
2313 3521 2435 3609 rogavi
2449 3545 2518 3614 pro
2542 3536 2585 3602 te,
2641 3571 2642 3598 1

486 3695 497 3720 ,
559 3615 699 3690 habens
711 3622 875 3692 timorem
891 3619 1028 3708 Dei,et
1042 3622 1147 3691 fidem
1162 3621 1204 3690 in
1217 3616 1427 3707 Christum,
1443 3644 1551 3712 prae-
1598 3643 1645 3691 ne
1659 3622 1798 3695 deficiat
1814 3621 1901 3692 fides
1916 3635 1996 3704 tua,
2019 3634 2053 3692 et
2067 3635 2109 3692 tu
2122 3645 2315 3692 conversas
2329 3621 2499 3694 confirma
2516 3625 2586 3693 ira·
2641 3615 2642 3650 ³

558 3734 629 3793 stet
653 3717 747 3794 hanc
768 3723 883 3813 legem
905 3726 950 3793 de
973 3723 1168 3822 dilectione
1188 3737 1224 3794 et
1245 3725 1368 3796 studio
1384 3724 1551 3815 publicae
1597 3737 1668 3794 tres
1681 3737 1772 3796 tuos.
1819 3721 2058 3795 Haec·concio
2074 3725 2206 3794 multas
2218 3725 2442 3816 gravissimas
2459 3738 2494 3796 et
2508 3747 2585 3795 am-

558 3826 791 3908 concordiae,
808 3840 842 3897 et
855 3825 1046 3919 praecipue
1059 3827 1293 3898 concinnatur
1301 3822 1464 3899 Christus
1481 3849 1551 3918 gu·
1596 3825 1772 3918 plissimas
1792 3827 1987 3899 sententias
2010 3827 2182 3901 continet.
2238 3825 2302 3898 Ait
2323 3828 2508 3898 diabolum
2530 3828 2586 3896 in-

556 3927 823 4002 hernatoribus.
870 3929 1235 4012 Discessurusenim,
1258 3930 1365 4000 valde
1383 3929 1549 4000 solicitus
1596 3927 1719 4000 sidiari
1738 3926 1934 4017 Ecclesiae,
1973 3941 2015 4000 ut
2044 3953 2120 4000 eam
2154 3928 2334 4020 dispergat
2361 3943 2396 4000 et
2427 3929 2586 4020 dissipet.

557 4041 610 4098 est
639 4030 685 4098 de
713 4031 905 4100 concordia
925 4029 1103 4099 Ecclesiae
1130 4045 1166 4102 et
1196 4031 1419 4116 docentium,
1460 4032 1547 4103 ideo
1594 4027 1691 4100 Hui'c
1706 4031 1926 4102 tristissimae
1940 4031 2020 4102 voci
2034 4033 2136 4103 addit
2157 4031 2455 4117 consolationem,
2488 4035 2584 4125 quod

557 4151 663 4219 saepe
676 4129 832 4202 inculcat
849 4127 918 4202 hoc
935 4143 1185 4223 praeceptum,
1207 4147 1243 4203 et
1260 4134 1467 4204 ardentibus
1491 4135 1561 4216 als
1596 4155 1659 4224 pro
1681 4133 1786 4203 nobis
1808 4147 1903 4221 oret,
1924 4157 1971 4204 ne
1986 4132 2072 4205 lides
2087 4147 2208 4204 nostra
2228 4135 2464 4222 extinguatur.
2515 4132 2585 4202 Po-

540 4231 712 4303 ‘sectibus
736 4233 910 4325 signfficat
933 4257 1037 4304 suam
1058 4235 1324 4306 solicitudinem
1351 4237 1396 4306 de
1424 4249 1547 4328 poste·
1596 4251 1729 4307 stremo
1745 4231 1849 4306 etiam
1866 4251 2008 4317 monet,
2039 4249 2080 4306 ut
2095 4236 2376 4306 nosconlirmati
2391 4249 2516 4306 nostro
2532 4249 2586 4305 te·

555 4333 675 4409 ritate.
1247 4416 1252 4427 ι
1594 4339 1763 4408 stimonio
1785 4337 1892 4410 etiam
1914 4339 2007 4409 alios
2026 4337 2290 4408 confirmemus.
2339 4335 2438 4408 Haec
2457 4338 2584 4409 concio

660 4435 756 4509 Tota
785 4439 915 4507 mundi
946 4435 1095 4511 historia
1120 4441 1275 4511 ostendit
1297 4463 1413 4512 raram
1434 4441 1549 4512 luisse
1595 4456 1772 4512 tuucnon
1794 4442 1905 4513 subiit
1927 4440 2089 4512 animum
2102 4439 2218 4524 Petri,
2252 4454 2460 4530 occupatum
2487 4441 2584 4529 cogi·

556 4539 835 4626 gubernatorum
867 4542 1113 4626 concordiam,
1146 4557 1180 4613 et
1207 4543 1365 4613 facilime
1386 4544 1546 4614 exitialis
1595 4545 1729 4614 tatione
1763 4545 1809 4612 de
1842 4543 1986 4634 praeliis
2019 4556 2054 4615 et
2088 4565 2197 4632 regno
2226 4544 2412 4612 mundano
2433 4538 2581 4615 Christi.

555 4641 706 4712 dissidia
729 4643 829 4715 inter
848 4667 911 4715 eos
927 4658 1050 4715 exorta
1072 4665 1167 4726 esse,
1196 4658 1237 4714 ut
1259 4646 1368 4736 igitur
1393 4669 1549 4718 concor·
1594 4643 1664 4718 Sed
1681 4659 1799 4737 postea
1820 4669 1903 4716 curn
1928 4645 2091 4736 inlapsu
2115 4647 2206 4715 dicta
2228 4641 2362 4716 Christi
2383 4645 2579 4734 colligeret,

551 4742 653 4831 ,diam
677 4757 849 4816 tueantur
865 4747 1050 4837 Apostoli,
1083 4746 1255 4838 praecipit
1274 4751 1319 4818 de
1341 4747 1548 4836 dilectione,
1594 4747 1760 4838 cogitavit
1789 4771 1897 4843 quam
1920 4748 2115 4820 necessaria
2139 4749 2183 4820 sit
2204 4745 2431 4840 reprehensio
2452 4742 2580 4818 huma-

484 4878 489 4889 ·
555 4844 639 4934 qnia
653 4846 731 4916 sine
747 4847 937 4920 dilectione
952 4850 1060 4920 facile
1068 4852 1319 4920 accenduntur
1337 4851 1547 4924 certamina.
1595 4873 1662 4921 nae
1677 4851 1934 4933 confidentiae,
1965 4875 2075 4946 wem
2097 4849 2216 4921 duleis
2234 4849 2449 4936 consolatio,
2482 4849 2581 4944 quod

556 4942 700 5017 invidet
716 4945 804 5018 Saul
817 4953 989 5022 crescenti
1000 4949 1153 5036 Davidi,
1174 4964 1207 5020 et
1222 4975 1262 5020 se
1274 4953 1456 5023 obscurari
1475 4955 1547 5024 do-
1593 4975 1658 5044 prn
1674 4974 1711 5023 se
1727 4955 1954 5046 deprecatum
1969 4977 2046 5023 esse
2059 4953 2148 5022 dixit
2161 4947 2341 5026 Christus.

553 5045 614 5116 let.
665 5047 881 5151 Nonpotpst
898 5053 991 5121 ferre
1007 5051 1203 5143 Pompeius
1224 5068 1438 5125 crescentem
1453 5053 1547 5127 Cae·
1582 5059 1586 5068 '
1693 5042 1791 5126 lnlra
1810 5071 1926 5126 autem
1949 5057 1994 5126 de
2016 5057 2118 5146 lapsu
2133 5053 2234 5125 Petri
2253 5051 2429 5148 copiosius
2451 5051 2577 5125 dicen-

555 5148 647 5219 saris
660 5153 875 5241 potentiam,
903 5155 1044 5224 assidue
1058 5156 1224 5224 rixantur
1239 5157 1334 5227 inter
1357 5155 1545 5229 schristi·
1591 5158 1677 5229 dum
1701 5171 1774 5241 est,
1803 5172 1838 5229 et
1861 5153 1948 5230 huic
1966 5157 2129 5250 exemplo
2150 5156 2306 5227 aliorum
2327 5155 2575 5226 excellentium

554 5251 618 5320 des
633 5267 670 5324 et
682 5249 952 5326 Themistocles.
1003 5253 1102 5326 Haec
1118 5257 1211 5326 fiunt
1225 5256 1431 5338 interillos,
1449 5284 1541 5352 quo·
1590 5261 1751 5331 virorum
1762 5259 1886 5356 lapsus
1898 5261 2099 5346 addantur,
2121 5271 2162 5331 ut
2178 5258 2397 5329 securitatem
2414 5268 2448 5327 et
2463 5255 2575 5336 conli-

554 5354 767 5426 rumanimi
780 5371 864 5428 sunt
879 5357 956 5428 sine
970 5373 1093 5428 mutua
1108 5359 1321 5447 dilectione,
1350 5363 1411 5430 sed
1426 5385 1542 5434 unus-
1589 5363 1749 5434 dentiam
1762 5375 1918 5434 metuere
1939 5365 2134 5445 discamus,
2163 5361 2255 5431 sicut
2276 5359 2409 5430 multae
2430 5370 2575 5428 senten-

548 5455 711 5559 =utrisque
722 5481 801 5530 sese
811 5461 959 5552 plurimi
973 5460 1165 5544 fieri'sult,
1194 5475 1228 5532 et
1241 5463 1441 5534 occasiones
1456 5488 1542 5555 pre·
1588 5465 1658 5536 tiae
1673 5480 1842 5550 monent,
1868 5465 1901 5540 1.
1917 5461 2081 5538 Corinth.
2100 5463 2165 5536 10.
2195 5461 2289 5550 :Qui
2308 5459 2452 5528 videtur
2470 5473 2574 5542 stare,

552 5559 676 5628 mendi
689 5560 781 5632 alios
790 5577 929 5654 captat,
956 5585 1036 5632 non
1055 5576 1222 5633 amanter
1240 5567 1432 5652 admonet,
1460 5590 1539 5638 non
1588 5568 1706 5638 videat
1729 5591 1778 5636 ne
1795 5570 1912 5639 cadat.
1955 5564 2088 5640 Matth.
2108 5569 2170 5638 te
2185 5561 2235 5634 sit
2250 5556 2433 5633 Christus:
2456 5559 2573 5654 Spiri-

549 5675 651 5732 senat
681 5665 830 5734 alterius
853 5665 1096 5737 incommoda.
1153 5663 1204 5736 Ae
1224 5681 1368 5738 econtra
1390 5671 1539 5740 dilectio·
1586 5681 1662 5740 tum
1677 5669 1908 5740 immundum
1920 5672 2041 5740 redire
2053 5665 2238 5739 adiunctis
2248 5663 2328 5734 aliis
2350 5675 2504 5752 septem,
2534 5664 2571 5732 in

550 5763 706 5850 primum
721 5768 858 5857 gloriae
869 5767 940 5839 Dei
954 5767 1084 5851 servit,
1115 5762 1213 5838 hanc
1223 5771 1300 5840 vult
1319 5773 1477 5860 conspici
1500 5785 1534 5842 et
1586 5773 1731 5842 domum
1753 5771 1927 5858 otiosam,
1953 5774 1991 5843 id
2016 5786 2087 5856 est,
2116 5787 2296 5848 securam,
2325 5787 2401 5834 non
2424 5788 2570 5858 expave-

549 5865 728 5938 celebrari.
785 5867 929 5942 Deinde
946 5893 1026 5941 sese
1040 5870 1183 5952 abiicit,
1216 5887 1251 5942 et
1276 5873 1435 5945 libenter
1453 5874 1538 5944 aliis
1585 5889 1740 5948 scentem
1761 5876 1944 5968 agnitione
1964 5874 2035 5948 irae
2056 5869 2144 5964 Dei,
2172 5892 2247 5939 nnn
2271 5879 2449 5960 petentem
2472 5867 2571 5938 auxi·

1881 2250 2154 2353 Noncantubit
2169 2252 2314 2355 gallus.
