5825 6950
2153 408 2652 417 ,ἡ

380 678 449 761 ess
630 672 732 751 ιιιιι.
784 676 819 751 s.
844 664 1147 751 ιιιιιιιιιιιιο
1168 667 1332 749 ιιιιιι
1351 663 1509 752 esum
1533 662 1605 743 ao
1625 661 1891 751 nouenos.
1949 666 2057 754 ιιι.
2083 672 2152 756 ιιι.
2271 633 2399 797 ἰιι

381 879 454 936 vars
470 854 689 928 rolsmttttem
707 848 776 927 Dei
793 872 885 935 esse,
921 859 962 921 ut
976 870 1043 919 nos
1064 848 1365 939 proptermedta-
1415 841 1512 920 enim
1536 842 1695 937 quaeris!
1715 842 1764 919 Si
1790 864 1876 926 lton
1896 847 2042 938 prodest
2063 849 2186 925 lexad
2210 850 2401 953 iustitiam,

380 978 482 1033 torem
500 956 609 1047 recipi
627 956 830 1038 credamus,
857 972 1062 1047 quanquam
1082 973 1206 1020 sumus
1224 949 1364 1041 indigui
1415 970 1479 1019 cur
1493 947 1573 1019 data
1590 946 1664 1015 est?
1714 942 1818 1019 Certe
1833 946 2082 1037 legumlatores
2096 952 2178 1026 ideo
2195 978 2402 1050 proponunt

380 1078 410 1133 et
429 1061 557 1155 polluti
576 1056 737 1149 peccatis.
789 1054 867 1131 Hac
884 1051 1364 1135 ooscousolatiouesusteu·
1414 1048 1529 1137 leges,
1555 1060 1596 1118 ut
1620 1046 1723 1119 Cives
1744 1049 1875 1124 faciant
1898 1052 2083 1139 meliores,
2109 1062 2404 1154 eteosquiobe·

380 1181 502 1247 temus,
527 1176 562 1233 rt
579 1157 671 1231 hauc
687 1160 792 1229 fidem
811 1160 848 1232 iu
866 1178 947 1229 vcra
963 1154 1187 1250 poenitentia
1205 1167 1240 1226 et
1259 1154 1363 1226 invo.
1414 1151 1538 1227 diunt.
1563 1149 1753 1221 nominant
1775 1152 1907 1239 iustos,
1930 1156 1968 1225 id
1992 1168 2062 1242 est,
2084 1162 2297 1251 approbant.

379 1267 509 1338 mione
533 1279 769 1341 mrtem
1517 1248 1614 1323 Huic
1643 1251 1844 1347 quaestioni
1869 1259 2082 1346 respondet:
2125 1257 2229 1348 leno,
2268 1266 2400 1359 inquit,

1414 1354 1469 1427 lex
1495 1354 1618 1430 divina
1641 1369 1753 1443 extat,
1779 1370 1819 1429 ut
1840 1355 1887 1427 sit
1905 1360 2148 1432 testimonium
2169 1364 2294 1439 iudicii
2316 1368 2399 1457 Dei,

1413 1471 1615 1530 monstrans
1638 1482 1728 1551 quae
1748 1458 1822 1529 siut
1849 1475 1988 1549 peccata
2011 1463 2049 1533 in
2069 1485 2197 1553 genere
2227 1463 2398 1548 humano.

515 1645 520 1654 Ι
1412 1554 1510 1632 Haec
1527 1559 1700 1649 sapientia
1724 1560 1909 1634 dissimilis
1934 1576 1986 1633 est
2008 1564 2173 1655 politicae
2193 1572 2398 1662 sapientiae,

474 1664 667 1739 Manifesta
691 1662 903 1733 asseveratio
927 1674 996 1748 est,
1040 1682 1147 1751 opera
1177 1656 1263 1747 legis
1286 1680 1361 1728 uon
1412 1661 1496 1755 quia
1511 1686 1636 1733 verum
1651 1675 1704 1735 est
1717 1662 1756 1731 in
1770 1662 1930 1755 imperiis
1945 1666 2051 1737 condi
2066 1667 2175 1755 leges,
2190 1694 2264 1743 non
2278 1676 2399 1750 solutu

376 1768 500 1841 mereri
522 1766 767 1839 remissionem
790 1776 1036 1855 peccatorum,
1066 1785 1130 1831 nec
1154 1776 1299 1851 propter
1320 1785 1359 1831 ea
1411 1777 1453 1849 nt
1478 1777 1676 1836 monstrent
1699 1778 1859 1855 peccata,
1896 1768 1956 1837 sed
1980 1781 2021 1837 ut
2043 1770 2192 1858 tollant,
2232 1776 2398 1851 videlicet

292 1869 296 1878 ’
374 1868 536 1947 homines
560 1870 761 1940 insternere
782 1867 902 1939 coram
919 1863 1015 1953 Deo,
1041 1864 1077 1933 id
1102 1876 1171 1948 est,
1200 1877 1360 1955 acceptos
1411 1878 1554 1938 externa
1589 1868 1733 1943 scelera.
1785 1865 1856 1941 Sed
1882 1867 1940 1938 lar
1960 1870 2083 1941 divina
2112 1870 2279 1962 prohibet
2302 1879 2397 1951 inte-

370 1979 414 2047 sd
436 1975 546 2043 vitem
563 1985 755 2043 aeternam.
795 1966 1124 2039 Eluseruntautem
1142 1961 1358 2038 bocdictum
1410 1966 1542 2037 riorem
1571 1968 1847 2045 immunditiem.
1897 1968 2001 2041 Hanc
2031 1973 2166 2046 iudicat
2195 1990 2231 2047 et
2256 1998 2398 2053 accusat

367 2076 562 2149 aliialiter.
603 2070 713 2143 Multi
734 2070 917 2154 dixerunt,
935 2068 1087 2140 Paulum
1103 2068 1203 2161 loqui
1220 2081 1356 2139 tantum
1410 2094 1528 2141 coram
1545 2068 1645 2162 Deo,
1671 2096 1745 2141 nou
1768 2071 1873 2144 tollit.
1931 2073 2012 2142 ldeo
2033 2070 2396 2156 haecPaulinadicta

364 2170 1213 2261 deceremoniismou'demoralibusoperihus.
1244 2166 1357 2239 Nemo
1408 2195 1632 2267 nequaquam
1669 2174 1848 2247 miscenda
1884 2188 1967 2245 suut
1994 2177 2157 2264 politicae
2189 2184 2394 2278 sapientiae.

365 2278 620 2353 iustificabitur
644 2299 684 2349 er
716 2274 885 2367 operibus
920 2274 1006 2364 legis
1031 2272 1165 2343 scilicet
1203 2295 1358 2341 ceremo-
1408 2268 1531 2365 Longe
1555 2276 1622 2345 alia
1647 2270 1780 2345 resbic
1803 2276 1937 2361 agitne,
1972 2278 2124 2363 scilicet,
2166 2282 2225 2356 An
2252 2284 2395 2364 irallei

364 2381 535 2455 uialibns.
587 2378 658 2453 Sed
683 2372 771 2452 haec
793 2376 905 2448 elusio
925 2378 1011 2447 falsa
1029 2389 1098 2460 est,
1124 2372 1207 2467 quia
1225 2372 1357 2445 Paulus
1380 2418 1385 2519 Ι
1408 2376 1539 2446 nostris
1555 2376 1739 2467 operibus,
1764 2402 1825 2447 seu
1844 2378 1917 2467 lege
1935 2379 2090 2455 tollatur.

363 2492 409 2557 de
425 2484 597 2555 omnibus
613 2480 773 2573 partibus
787 2478 875 2569 legis
890 2478 1069 2571 loquitur,
1086 2490 1125 2548 ut
1138 2476 1231 2547 infra
1248 2477 1357 2547 sumit
1407 2468 1419 2479 ’
1511 2476 1704 2549 Sciendum
1719 2491 1769 2548 est
1785 2494 1902 2549 autem
1918 2492 1988 2550 tres
2003 2502 2074 2551 esse
2092 2482 2178 2575 legis
2193 2508 2289 2573 usus,
2305 2515 2394 2585 quos

293 1444 296 1449 '
377 1424 566 1527 Propterea
589 1417 693 1530 qnod
711 1445 758 1495 ex
784 1418 954 1520 operibns
974 1416 1069 1516 Iegis
1085 1442 1157 1491 uon
1182 1416 1362 1515 ιἰιιιῇῐιιιΙ

293 1531 297 1538 ’
705 1534 767 1597 tter
783 1522 904 1595 omnis
930 1547 1028 1599 caro.

284 2642 304 2686 ι,
364 2584 719 2679 exemplumexlege
736 2582 879 2652 morali:
906 2576 988 2651 Nun
1006 2579 1244 2672 concupisces.
1279 2577 1355 2649 lmo
1406 2580 1533 2651 usitate
1550 2580 1601 2650 sic
1619 2582 1854 2651 discernimus
1878 2582 1922 2654 ad
1949 2586 2318 2661 cosrssnosselaciendos
2337 2592 2393 2663 in-

285 2746 286 2749 ,
364 2690 435 2783 legi
453 2686 583 2761 morali
599 2685 746 2755 usinimc
764 2681 985 2755 satisfaciunt
1001 2676 1176 2754 homines.
1338 2726 1341 2731 -
1406 2678 1537 2777 ¹isiores.
1617 2742 1622 2749 .

298 2847 301 2856 ,
468 2790 547 2863 Atii
570 2789 620 2859 sic
643 2786 812 2869 eludunt,
852 2786 978 2861 dieunt
1000 2776 1246 2879 synecdochen
1270 2804 1356 2869 esse,
1398 2876 1403 2883 ἡ
1506 2781 1648 2855 Primus
1672 2808 1756 2855 naus
1779 2798 1830 2853 est
1856 2784 2022 2884 politicus
2042 2808 2102 2854 sen
2128 2792 2392 2884 paedagogicne,

299 2925 304 2944 ·
364 2903 612 2989 qoaeaccueet
628 2890 820 2981 plurimos,
846 2911 921 2957 nun
944 2911 1078 2959 omnes.
1131 2884 1237 2953 Pauci
1261 2897 1356 2970 snut,
1406 2886 1469 2981 qni
1493 2901 1545 2959 est
1572 2886 1704 2957 noticia
1718 2886 1825 2975 legis,
1867 2910 2070 2977 regensseu
2096 2906 2191 2961 metu
2217 2918 2279 2964 seu
2302 2924 2391 2989 qua-

362 2994 553 3090 inquiuut,
579 2992 664 3087 quia
686 2992 789 3082 pauci
812 2990 1058 3079 obtemperant
1083 2986 1163 3075 legi.
1219 2984 1354 3057 luteres
1404 2988 1575 3087 licunquc
1593 2988 1854 3059 adsuefactione
1869 3001 2013 3060 externa
2025 2992 2209 3078 membra,
2225 3000 2390 3071 utactio·-

282 3152 286 3165 ι
361 3116 487 3171 tamen
509 3095 623 3189 aliqui
645 3092 729 3163 iusti
752 3104 854 3175 snut,
887 3105 926 3163 ut
950 3088 1169 3181 Pomponius
1195 3084 1352 3168 Atticus,
1404 3113 1467 3159 nes
1483 3105 1647 3163 externae
1667 3113 1741 3161 uon
1765 3105 1924 3181 pugnent
1945 3115 2025 3161 cum
2050 3090 2139 3180 lege:
2174 3099 2312 3190 utquie
2331 3125 2391 3170 co.

363 3200 519 3283 Fabius,
557 3195 702 3288 Scipio,
739 3194 823 3287 quia
849 3194 1201 3282 legi·obtemperaut.'
1249 3186 1352 3261 Hauc
1403 3192 1491 3281 gitat
1511 3192 1599 3263 civis
1621 3205 1867 3285 pracceptum,
1907 3188 1989 3261 Non
2014 3195 2171 3274 occides,
2205 3212 2241 3268 et
2266 3204 2391 3275 metuit

294 3333 298 3342 ·
360 3292 608 3397 synecdochen
634 3298 816 3389 perspicue
838 3296 968 3365 refutat
990 3294 1063 3385 ipse
1082 3292 1234 3371 Paulus,
1269 3292 1352 3383 quie
1403 3316 1573 3386 poenam,
1603 3288 1670 3364 hae
1691 3295 1903 3383 cogitatione
1926 3295 1994 3365 ciet
2018 3318 2165 3378 nervos,
2199 3314 2238 3369 ut
2262 3314 2390 3376 mansu

359 3410 492 3478 diserte
524 3425 599 3477 uon
628 3401 744 3494 solum
779 3419 946 3490 personas
976 3410 1136 3487 accusat,
1174 3395 1233 3463 sed
1265 3393 1352 3484 ipsis
1402 3396 2388 3489 reprimant,ueinterlicientinimicum,etiamsiodit,

291 3570 297 3597 ,
359 3507 532 3601 operibus
551 3498 705 3576 detrabit
727 3499 922 3584 iusticiam,
953 3502 1054 3590 quasi
1079 3500 1189 3567 dicat:
1218 3492 1271 3564 De
1295 3487 1351 3565 bis
1401 3496 1505 3569 Hanc
1521 3497 1747 3591 disciplinam
1768 3520 1830 3568 sen
1844 3497 2078 3568 locomotisae
2093 3502 2387 3587 gubernationem

293 3630 297 3643 .
361 3612 449 3701 ipsis
472 3607 621 3702 loquor,
654 3604 715 3698 qui
741 3601 878 3679 iaciunt
898 3625 1005 3691 opera
1029 3601 1137 3692 legis,
1170 3593 1235 3668 ltus
1260 3621 1350 3689 nego
1401 3601 1632 3674 necessariam
1647 3624 1721 3672 esse
1734 3599 1840 3671 etiam
1858 3602 1896 3669 in
1914 3623 1986 3669 uon
2003 3603 2153 3688 renatis,
2175 3625 2278 3696 saepe
2297 3608 2388 3680 dict-¹

362 3713 476 3784 5⁰⁸¹⁰⁸
492 3733 566 3779 ⁰⁸⁵²
589 3719 732 3800 ιιῐιιιιῑθ1
749 3700 836 3774 hm
857 3727 977 3794 0pere.
1400 3725 1500 3791 mus,
1526 3715 1562 3774 ἰι
1578 3699 1734 3772 humana
1750 3702 1914 3773 voluntas
1932 3703 2052 3797 aliquo
2068 3711 2173 3773 modo
2189 3707 2385 3782 libertatem

467 3811 694 3903 C⁰lllss³¹¹l⁰¹
717 3829 799 3896 “3⁰
828 3805 932 3876 ¹⁰¹1ss
956 3802 1124 3896 repetitae
1146 3803 1351 3898 sententiae,
1400 3801 1509 3877 babet
1532 3805 1650 3874 ciendi
1670 3825 1817 3888 uersos,
1857 3817 1897 3874 ut
1922 3819 2089 3875 moveant
2108 3820 2169 3876 aut
2191 3811 2386 3898 reprimant

362 3941 451 4014 quae
473 3915 570 3986 idem
584 3931 742 4002 expresse
758 3907 956 3990 affirmant,
984 3929 1056 3976 non
1081 3905 1207 3972 mereri
1233 3899 1350 3972 Ιιιιιιιὶ-
1400 3909 1638 3990 ιιιιιιιιιιι,ἰιι
1655 3901 1742 3975 haee
1757 3907 1797 3973 in
1814 3908 1977 3976 doctrina
2001 3903 2142 4001 physica
2166 3912 2384 4004 copiose-de.

363 4044 427 4090 nes
456 4015 701 4089 remissionem
730 4024 951 4101 peccatorum
988 4007 1140 4100 propriis
1172 4007 1351 4098 operibns,
1399 4011 1592 4082 clarautnr.
1643 4003 1804 4080 Achilles
1830 4021 1942 4098 potest
1966 4011 2141 4101 imperare
2163 4016 2303 4099 nervis,
2344 4031 2384 4088 ut

362 4145 425 4192 nee
448 4121 561 4192 iustos
582 4140 655 4188 esse
678 4125 821 4205 propter
844 4107 936 4180 hane
957 4109 1239 4204 qualemcunque
1264 4108 1350 4196 legis
1401 4133 1527 4182 manue
1549 4113 1741 4180 recondant
1764 4110 1921 4198 gladium
1945 4111 1982 4180 in
2009 4113 2184 4203 vaginam.
2236 4111 2384 4190 Etiam

364 4219 647 4296 observationem
663 4239 780 4287 coram
798 4210 896 4297 Deo,
917 4225 951 4282 et
966 4224 1170 4282 constanter
1184 4209 1349 4280 reiician·
1396 4213 1585 4303 disciplina
1601 4227 1652 4282 est
1669 4211 1834 4302 cogitatio
1851 4213 1889 4279 in
1907 4227 2024 4283 mente
2041 4230 2074 4285 et
2095 4218 2261 4303 cerebro,
2292 4243 2382 4314 qnae

365 4342 420 4398 tur
436 4323 572 4412 Pelagii
589 4335 625 4390 et
646 4311 902 4390 monachorum
920 4314 1027 4382 falsae
1043 4313 1242 4403 opiniones,
1258 4337 1348 4404 quae
1397 4315 1518 4383 nervis
1542 4315 1712 4404 imperat,
1750 4327 1789 4384 ut
1814 4327 1955 4384 externa
1984 4319 2141 4385 membre
2171 4319 2222 4388 sic
2252 4317 2379 4395 cican't.

285 4473 287 4483 ‚
363 4427 561 4500 doctrinam
594 4419 772 4494 Ecclesiae
806 4429 1060 4507 corruperunt,
1102 4428 1137 4484 et
1170 4414 1346 4484 fistxerunt
1397 4415 1472 4486 Nec
1500 4429 1551 4488 ιιι
1574 4417 1712 4487 iusticia
1743 4416 1880 4497 cordis,
1922 4440 1987 4486 uec
2010 4431 2062 4490 est
2087 4419 2247 4509 impletio
2274 4417 2381 4510 legis,

365 4525 527 4600 homines
570 4521 698 4596 mereri
730 4519 975 4589 remissionem
1013 4529 1262 4606 peccatorum,
1314 4531 1348 4585 et
1397 4518 1456 4588 sed
1482 4519 1603 4602 litera,
1629 4517 1813 4606 videlicet,
1839 4519 2005 4606 cogitatio
2026 4520 2126 4612 qm}
2149 4520 2242 4610 pic„
2266 4521 2303 4591 5„
2321 4545 2378 4592 ce,

364 4633 474 4704 iustos
495 4649 570 4700 esse
592 4621 658 4696 hac
677 4620 882 4712 disciplina,
908 4641 970 4690 seu
996 4619 1235 4712 qualicunque
1262 4617 1347 4708 legis
1397 4622 1523 4703 cebro,
1546 4619 1598 4688 sic
1613 4641 1735 4708 regens
1750 4631 1892 4688 externa
1914 4620 2083 4694 membra,
2132 4617 2239 4692 clm
2258 4637 2377 4696 ,utem

364 4731 591 4827 ἱιιιΡΙθῑῙῡῐιι,
616 4749 722 4822 11118111
738 4722 877 4792 efficere
896 4715 1058 4790 homines
1077 4732 1232 4810 possunt.
1292 4763 1295 4768 -
1395 4722 1643 4804 adfirmamus,
1669 4715 1761 4790 hanc
1774 4719 1999 4809 disciplinam
2020 4743 2087 4792 nec
2109 4725 2237 4794 mereri
2253 4727 2378 4798 remis·

457 4830 600 4904 Diserte
614 4842 731 4902 autem
746 4825 849 4897 addit
862 4821 995 4894 Paulus
1008 4817 1094 4894 baec
1112 4821 1234 4890 verba:
1262 4809 1347 4890 Co..
1396 4825 1531 4894 sionem
1548 4835 1784 4914 peccatorum,
1798 4844 1863 4892 uec
1878 4819 2055 4892 iusticiam
2068 4847 2186 4896 coram
2202 4823 2279 4898 Deo
2292 4839 2377 4900 essa

363 4961 454 5008 rum
480 4930 599 5014 Deo,
624 4941 823 5002 utmoneat
843 4949 879 4996 se
903 4926 947 4994 de
970 4917 1214 4996 iudicioDei
1235 4919 1346 5012 loqui,
1396 4923 1482 4997 Iden
1502 4939 1620 4996 autem
1640 4922 1792 4994 dicimus
1812 4943 1887 5000 a„
1917 4924 2168 4998 neemiam,
2205 4928 2290 5020 quja
2310 4937 2376 5001 nb

364 5065 434 5112 nou
461 5041 508 5108 de
530 5031 689 5105 humano
720 5026 865 5100 iudicio.
923 5023 1006 5096 Non
1039 5026 1178 5095 tollitur
1202 5023 1253 5092 ira
1277 5019 1344 5092 Dei
1395 5049 1490 5098 cesse
1510 5025 1660 5100 estDeo
1679 5024 1843 5109 obedire,
1882 5023 1946 5118 qui
1974 5038 2011 5096 et
2030 5021 2122 5098 hauc
2147 5027 2374 5118 disciplinam

366 5141 494 5214 nostris
518 5136 702 5228 operibus,
732 5153 797 5200 nec
820 5143 975 5200 meretur
996 5127 1238 5198 remissionem
1266 5147 1345 5214 peo-
1394 5127 1564 5198 omnibus
1587 5125 1767 5218 praeripit.
1806 5123 1946 5196 Deinde
1971 5131 2165 5199 naamam,
2187 5145 2238 5202 ,η
2256 5134 2301 5202 ,d
2319 5133 2375 5204 vj,

366 5259 521 5314 catorum
545 5235 629 5309 haec
653 5246 772 5304 nostra
796 5229 955 5314 iusticia,
996 5253 1061 5300 ncc
1090 5227 1256 5300 satisfacit
1277 5225 1345 5314 legi
1394 5231 1520 5300 taudes
1549 5249 1682 5320 poenas
1710 5229 1911 5318 corporales
1940 5227 1980 5296 iu
2009 5223 2074 5298 bac
2099 5233 2180 5304 vita,
2230 5231 2300 5303 Sed
2327 5237 2375 5304 aa

364 5341 447 5432 Dei,
471 5343 562 5414 sicut
579 5353 614 5410 ct
634 5335 796 5417 Psalmus
820 5332 954 5426 inquit:
988 5328 1070 5404 Nou
1095 5327 1346 5402 iustificabitur
1393 5325 1464 5402 hoe
1486 5355 1555 5400 usu
1579 5328 1712 5401 Paulus
1739 5329 1780 5398 in
1809 5323 1874 5400 bac
1902 5325 2061 5421 Epistola
2093 5355 2166 5402 stou
2200 5333 2371 5428 loquitur.

367 5446 616 5536 1111101181»ᾱῦ
640 5432 1001 5513 luoomnlsvlveus.
1395 5431 1495 5503 Alibi
1525 5427 1621 5502 bunc
1649 5453 1753 5502 usum
1789 5429 1953 5516 indicat,
1998 5452 2080 5502 cnon
2108 5437 2186 5510 ait:
2220 5433 2293 5506 Lex
2320 5451 2372 5508 est

797 5597 806 5620 .
951 5596 989 5618 ..
1171 5595 1179 5614 .
1395 5534 1488 5603 bona
1508 5532 1663 5621 legitime
1695 5532 1821 5604 utenti.
1877 5528 1926 5605 Et
1943 5547 2027 5603 suut
2052 5530 2139 5606 baec
2160 5535 2248 5609 alibi
2269 5561 2373 5629 saepe

511 5601 585 5680 Per
607 5601 720 5701 legem
744 5621 840 5671 essem
862 5605 1010 5696 agustau
1039 5606 1187 5696 peccate,
1284 5686 1289 5700 Ι
1394 5635 1572 5726 copim
1594 5634 1780 5708 dedum
2000 5694 2018 5718 „
2320 5699 2325 5708 .
2356 5666 2360 5677 Ι

462 5741 664 5836 occupatio
690 5753 743 5812 est
760 5735 918 5811 breviter
936 5734 1069 5804 inserta
1090 5733 1136 5804 de
1159 5755 1225 5804 usu
1249 5731 1346 5822 legis,
1478 5734 1665 5808 Secundus
1677 5757 1761 5809 usus
1776 5747 1828 5807 est
1845 5732 2020 5816 ludiciusn
2032 5737 2228 5826 spirituale,
2240 5743 2292 5810 ιιι·
2300 5763 2373 5833 qao

371 5857 409 5922 cte
438 5874 511 5946 quo
543 5859 662 5942 postea
687 5865 764 5936 cap.
791 5837 828 5910 t.
862 5835 1003 5935 copiose
1033 5833 1135 5938 ‹licet5
1204 5829 1346 5908 Poterat
1395 5837 1513 5932 inquit
1525 5835 1673 5921 Paulus:
1695 5834 1978 6008 Lerspiritqqli:
1991 5851 2054 5924 aas,
2070 5839 2107 5914 id
2125 5853 2192 5926 an,-
2201 5843 2374 5916 smum
