5825 6950
342 835 641 923 liuscompositos,
666 805 929 914 observandum
944 858 1008 932 est,
1033 871 1080 918 ne
1093 847 1145 940 pii
1157 871 1326 920 movean-

342 953 390 1008 tur
407 937 525 1028 specis
546 953 584 1009 et
605 943 799 1016 autoritate
816 946 943 1016 talium
966 943 1251 1044 hypocritarum,
1283 966 1324 1026 ut

342 1040 378 1110 ab
389 1033 588 1129 Evangelio
602 1044 779 1119 deficiant.

704 1297 845 1412 caput
887 1303 944 1391 X.

286 1536 287 1539 ,
382 1459 508 1546 amen,
557 1485 668 1536 omen
707 1460 790 1540 dico
826 1467 946 1557 vobo,
996 1471 1064 1572 qui
1098 1471 1217 1548 sistrol
1254 1499 1320 1575 par

422 1563 580 1653 ostium,
605 1576 671 1643 alc.

421 1715 550 1810 Longa
574 1719 706 1792 concio
718 1736 770 1795 est
785 1726 830 1794 de
847 1721 1055 1798 Pastorilms
1070 1728 1177 1802 bonis
1194 1743 1227 1802 et
1242 1759 1318 1804 ma-

342 1821 388 1904 lis,
411 1819 450 1888 in
476 1845 549 1914 qua
567 1821 672 1894 initio
688 1829 887 1898 monendus
905 1843 956 1900 est
974 1831 1102 1918 lector,
1128 1847 1167 1903 ut
1184 1835 1316 1908 discer-

337 1938 386 1992 aa
400 1916 583 1994 Christum
601 1925 647 1995 ab
664 1929 831 1999 omnibus
849 1933 1145 2021 gubernatoribus
1162 1940 1316 2026 caeteris,

337 2019 568 2116 aProphetis,
589 2027 813 2117 doctoribus,
839 2047 872 2103 et
887 2037 1184 2126 gubernatoribus
1199 2065 1315 2134 popu·

338 2125 458 2212 lorum,
482 2151 525 2198 ac
541 2130 586 2197 de
602 2153 644 2201 eo
661 2131 868 2206 discrimine
882 2152 1002 2226 postea
1018 2141 1186 2215 dicemus.
1238 2142 1311 2214 lui-

339 2229 380 2298 tio
398 2252 477 2299 vcro
498 2233 651 2320 gradus,
674 2235 805 2328 quibus
830 2237 1003 2312 differunt
1019 2235 1168 2313 humani
1183 2247 1313 2334 guber-

344 2345 479 2412 natores,
516 2336 786 2411 recensebimus.
850 2339 939 2410 Nam
964 2339 1128 2417 Christus
1151 2341 1211 2418 hic
1230 2371 1312 2440 gra·

327 2481 336 2498 .
351 2433 506 2518 desistit,
534 2447 575 2506 ut
590 2436 679 2507 lacta
696 2441 886 2514 collatione
902 2467 1000 2514 suam
1018 2447 1309 2537 gubernationem

349 2535 431 2603 uobis
439 2537 547 2626 uagis
561 2539 729 2615 declaret.

423 2651 511 2726 Tres
533 2670 616 2728 sunt
641 2663 770 2750 gradus
793 2665 996 2760 principum
1017 2693 1078 2740 seu
1094 2672 1310 2763 gubernato-

336 2777 411 2826 rum.
459 2756 575 2828 Primi
593 2779 678 2836 sunt
693 2779 866 2856 pastores,
890 2771 953 2864 qui
968 2785 1061 2844 recte
1078 2775 1213 2848 faciunt
1228 2779 1308 2847 ofli-

334 2857 412 2926 cium
430 2881 555 2944 snum,
583 2875 617 2934 et
637 2889 693 2936 res
707 2884 836 2958 gerunt
851 2875 1062 2944 necessarias
1080 2892 1114 2947 et
1127 2879 1309 2968 salutares,

330 2981 385 3027 nec
409 2961 623 3053 franguntur
643 2983 758 3052 metu,
790 2984 831 3043 ut
853 2976 1018 3048 deserant
1038 3001 1141 3048 suum
1165 3005 1308 3068 munus,

326 3065 376 3130 sed
397 3080 602 3138 constanter
624 3073 785 3143 serviunt
805 3077 952 3148 utilitati
974 3081 1160 3171 publicae,
1189 3083 1306 3174 potius

323 3187 418 3256 quam
449 3187 545 3238 suae.
597 3170 706 3243 Tales
734 3175 880 3250 luerunt
900 3177 1038 3251 Romae
1062 3183 1211 3256 llorcnte
1230 3183 1307 3257 Re-

318 3267 398 3356 pnb.
427 3265 618 3359 Camillus,
662 3273 812 3368 Fabius,
846 3277 986 3372 Scipio,
1019 3295 1053 3354 et
1080 3286 1143 3354 alii
1174 3287 1306 3358 virtute

317 3384 540 3456 praestantes.
608 3374 716 3448 Tales
749 3375 903 3452 Athenis
936 3383 1083 3458 fuerunt
1109 3385 1304 3471 Miltiades,

316 3471 505 3557 Aristides,
530 3472 679 3565 Cimon,
703 3477 831 3554 Conon
847 3500 881 3557 et
897 3488 1002 3577 pauci
1016 3489 1089 3559 alii.

411 3588 581 3665 Secundo
606 3600 718 3688 gradu
739 3618 966 3676 recensentur
986 3610 1215 3697 mercenarii,
1240 3612 1304 3706 qui

314 3692 539 3765 mediocriter
569 3698 704 3770 iaciunt
734 3704 891 3777 officium
919 3730 1044 3795 suum,
1076 3713 1229 3799 sedita,
1263 3728 1303 3787 ut

315 3814 392 3865 suae
419 3798 571 3871 utilitati
601 3802 712 3893 magis
741 3809 947 3896 consulant,
991 3838 1097 3907 quam
1129 3816 1301 3908 publicae.

312 3891 430 3983 Quare
448 3898 489 3969 in
504 3902 671 3992 periculis
686 3906 876 3998 languent,
903 3925 1036 4001 tacent,
1058 3914 1223 4007 lugiunt,
1249 3933 1302 3992 ta-

311 3996 359 4067 les
379 3998 530 4073 luerunt
552 4002 690 4077 Rornae
712 4006 901 4099 Scaevola,
925 4013 1118 4104 Lucullus,
1141 4016 1301 4093 Horten-

310 4098 402 4182 sius,
431 4101 578 4177 Servius
601 4104 787 4201 Sulpitius.
835 4111 991 4189 Athenis
1003 4117 1148 4215 Lysias,
1170 4118 1300 4195 Dema·

309 4201 387 4289 des,
420 4200 637 4295 Aeschines,
669 4226 704 4285 et
732 4212 771 4285 in
796 4217 964 4291 omnibus
985 4223 1076 4293 aulis
1097 4249 1137 4295 ac
1158 4227 1301 4319 oppidis

307 4304 433 4377 talium
454 4332 603 4401 magnus
621 4336 791 4388 numerus
808 4334 880 4404 est,
906 4322 968 4416 qui
986 4326 1212 4397 mediocriter
1225 4354 1299 4399 scr-

306 4406 430 4496 riunt,
459 4414 521 4482 sed
550 4413 590 4483 in
613 4414 782 4506 periculis
803 4423 1005 4495 anteferunt
1025 4450 1125 4499 suam
1149 4432 1298 4503 salutem

306 4515 489 4583 communi
510 4518 729 4604 necessitati,
756 4522 895 4597 abdunt
915 4549 972 4609 se,
998 4543 1137 4613 tacent,
1162 4548 1222 4604 aut
1241 4536 1299 4602 in·

305 4606 452 4685 flectunt
466 4617 660 4690 sententias
674 4624 719 4692 ad
737 4639 922 4716 potentum
937 4631 1155 4715 voluntates,
1180 4651 1220 4706 ut
1235 4634 1298 4708 Ci-

307 4734 384 4783 tero
399 4740 499 4789 nunc
513 4718 676 4793 llorentis
690 4721 874 4820 Pompeii,
897 4755 997 4805 nunc
1012 4736 1193 4827 regnantis
1208 4735 1296 4810 Cae·

307 4815 390 4887 saris
405 4820 694 4897 benevolentiam
711 4846 921 4923 aucupatur.

406 4934 533 5012 Tertio
556 4944 670 5037 gradu
691 4959 775 5019 suot
795 4949 893 5022 sures
914 4966 949 5025 et
971 4952 1146 5044 latrones,
1171 4957 1208 5029 id
1232 4975 1296 5049 cst,

314 5033 542 5132 sycophantae
571 5058 605 5117 et
628 5048 793 5141 tyranni,
826 5052 890 5146 qui
914 5078 960 5125 ne
983 5060 1127 5130 student
1149 5061 1293 5153 quidem

314 5154 397 5213 recte
430 5142 566 5230 facere,
613 5150 673 5219 sed
711 5172 797 5224 suae
827 5155 990 5231 utilitatis
1018 5183 1121 5231 causa
1151 5162 1294 5236 fraudes

313 5252 464 5329 amant,
488 5261 551 5317 sot
565 5248 601 5318 vi
615 5268 840 5341 grassantur,
859 5269 902 5330 ut
912 5256 1052 5334 Romae
1066 5261 1294 5353 Saturninus,

311 5336 471 5433 Glaucia,
503 5348 656 5438 Rullus,
686 5366 722 5425 et
744 5356 880 5451 similes
902 5364 1195 5456 tribuniplebis,
1228 5370 1292 5463 qui

305 5448 760 5543 montepessulana,
784 5474 820 5533 et
833 5463 941 5535 motis
953 5466 1191 5541 seditionibus
1204 5496 1292 5541 con·

310 5566 486 5625 tosserunt
501 5552 683 5649 Rempub.
732 5560 809 5631 Alii
827 5566 939 5637 armis
957 5586 1155 5661 rapuerunt
1171 5574 1291 5645 domi·

311 5653 501 5737 nationem,
531 5670 573 5729 ut
595 5656 754 5749 Marius,
784 5658 968 5740 Antonius
996 5683 1031 5741 et
1049 5672 1126 5749 alii.
1193 5669 1290 5747 Atti·

751 665 831 747 xu.
882 666 1184 750 armanno
1209 644 1262 750 ut
1286 673 1470 752 avano.
1495 673 1709 756 toruus.
1767 682 1872 760 car.
1898 683 1943 758 x.

2290 635 2373 768 m.

1348 875 1353 950 ξ
1374 853 1463 945 init,
1488 869 1523 928 at
1543 853 1713 926 omnibus
1733 857 1906 928 aetatibus
1928 858 2069 932 suntin
2088 858 2264 952 imperiis,
2289 877 2366 936 turo

1347 957 1481 1035 {astuti
1515 952 1697 1042 homines,
1732 960 1796 1053 qui
1815 957 1996 1032 Simonias
2023 963 2166 1034 fraudes
2193 981 2365 1054 exercent,

1373 1074 1450 1130 tum
1466 1061 1633 1147 violenti,
1659 1061 1723 1155 qui
1738 1062 1960 1134 manifestius
1976 1079 2191 1156 grassantur.

1397 1184 1402 1192 ⁹
1476 1195 1532 1270 Ad
1549 1196 1641 1270 hanc
1654 1200 1842 1293 imaginem
1860 1203 2087 1294 politicorum
2103 1205 2364 1276 virorum'cou-

1242 1284 1250 1299 ⁶
1371 1303 1526 1374 feramus
1542 1303 1715 1375 doctores.
1766 1301 1859 1376 Boni
1880 1319 2035 1398 pastores
2049 1304 2364 1400 lueruntProphe-

1371 1419 1426 1475 tae
1452 1419 1486 1478 et
1508 1403 1694 1496 Apostoli,
1727 1421 1760 1476 et
1785 1407 1889 1479 multi
1912 1409 1975 1480 alii
1997 1411 2168 1482 salutares
2190 1411 2363 1498 doctores,

1370 1501 1605 1594 Athanasius,
1644 1499 1817 1589 Bosilius,
1856 1511 2088 1595 Ambrosius,
2128 1508 2362 1604 Augustinus.

1369 1607 1460 1680 Nam
1483 1625 1515 1684 et
1537 1625 1630 1683 recte
1651 1613 1814 1684 lecerunt
1834 1613 1989 1684 alliciunt
2017 1637 2141 1701 suum,
2174 1639 2239 1686 nec
2259 1617 2363 1685 dese-

1370 1727 1520 1785 ruerunt
1541 1738 1641 1784 suam
1660 1715 1843 1794 militiam,
1868 1717 1971 1787 fracti
1988 1731 2095 1792 meto.
2145 1712 2285 1788 Deinde
2297 1717 2360 1812 alii

1368 1817 1578 1886 mercenarii
1609 1817 1748 1908 semper
1774 1819 2054 1892 innumerabiles
2085 1821 2248 1900 luerunt,
2297 1819 2359 1913 qni

1368 1918 1596 1992 mediocriter
1607 1921 2019 2016 servierunttranqoillis
2032 1921 2262 2012 temporibus.
2287 1921 2359 1994 Sed

1367 2043 1451 2091 suae
1476 2022 1623 2094 utilitati
1645 2023 1757 2113 magis
1778 2045 1883 2117 quam
1905 2023 2069 2114 publicae
2092 2024 2360 2110 consuluerunt,

1366 2148 1432 2193 nec
1455 2138 1593 2196 tantum
1621 2127 1761 2197 roboris
1782 2121 2005 2210 habuerunt,
2032 2139 2071 2198 ut
2092 2125 2212 2220 impiis
2231 2129 2357 2198 docto·

1366 2226 1466 2296 ribus
1481 2249 1517 2296 sc
1532 2243 1774 2321 opponerent,
1799 2244 1839 2301 ut
1855 2225 1966 2299 Osius
1980 2223 2183 2322 Hispanus,
2209 2229 2272 2321 qui
2288 2227 2358 2296 im-

1365 2328 1425 2419 pio
1457 2329 1597 2402 decreto
1622 2329 1836 2426 Syrmiensis
1858 2329 2018 2427 Synodi,
2049 2332 2144 2424 quod
2169 2354 2244 2401 non
2271 2353 2356 2422 pro-

1364 2431 1492 2516 babat,
1519 2435 1671 2526 quadam
1696 2447 1814 2504 tamen
1837 2433 1946 2503 animi
1969 2432 2212 2504 imbecillitate
2234 2455 2356 2502 assen-

1363 2535 1420 2604 sit.
1488 2533 1534 2605 Et
1563 2535 1679 2604 simile
1702 2535 1872 2630 quiddam
1899 2537 1942 2605 dc
1964 2559 2028 2605 suo
2052 2550 2151 2628 patre
2175 2533 2354 2626 Episcopo

1362 2650 1482 2707 narrat
1501 2637 1753 2712 Nazianzenus.
1806 2636 1952 2708 Talium
1971 2633 2040 2707 hoc
2056 2653 2214 2729 tempore
2228 2637 2355 2728 ingens

1361 2752 1412 2808 est
1431 2739 1644 2822 multitudo,
1670 2743 1730 2835 qui
1748 2741 1975 2812 mediocriter
1988 2742 2131 2811 docent:
2159 2743 2218 2810 sed
2234 2754 2355 2811 tamen

1360 2855 1458 2912 metu
1473 2856 1706 2937 tyrannorum
1723 2845 1895 2938 quaedam
1913 2844 2159 2928 dissimulant,
2186 2867 2250 2912 nec
2266 2861 2354 2934 pure

1360 2941 1587 3020 confitentur.
1640 2941 1764 3016 Tertio
1790 2945 1900 3036 gradu
1923 2960 2006 3017 sunt
2028 2947 2124 3016 sures
2138 2960 2172 3017 ct
2188 2945 2355 3031 latrones,

1360 3047 1397 3115 id
1435 3061 1504 3127 est,
1543 3043 1730 3132 haeretici,
1770 3049 1831 3143 qui
1861 3063 1983 3119 serunt
2011 3048 2098 3118 falsa
2128 3049 2291 3136 dogmata
2319 3059 2353 3118 et

1354 3149 1576 3240 ‘corruptelas
1606 3173 1707 3219 verae
1730 3150 1930 3235 doctrinae,
1967 3163 2002 3220 et
2025 3149 2201 3244 tyrannici
2226 3146 2352 3219 Ponti·

1357 3250 1438 3320 fices
1461 3263 1492 3339 et
1511 3249 1712 3342 Principes,
1740 3250 1801 3346 qui
1823 3253 1857 3320 vi
1881 3252 2079 3350 defendunt
2100 3265 2133 3321 et
2153 3249 2351 3332 stabiliunt,

1356 3364 1396 3422 ut
1419 3348 1547 3433 Arius,
1582 3347 1768 3425 Mahomet
1805 3366 1839 3423 et
1874 3352 1935 3422 alii
1962 3353 2086 3434 multi,
2113 3364 2147 3424 et
2169 3349 2239 3422 hoc
2260 3367 2352 3422 tem-

1355 3478 1442 3546 pore
1459 3457 1639 3537 doctores,
1665 3453 1856 3531 Pontifices
1872 3471 1906 3528 et
1921 3454 2121 3549 Principes,
2149 3457 2211 3551 qui
2227 3457 2351 3527 delen·
2418 3542 2423 3557 .

1357 3558 1447 3627 clnnt
1476 3560 1593 3629 varios
1626 3560 1805 3631 idolorum
1829 3560 1945 3632 cultus
1973 3560 2011 3631 in
2035 3558 2226 3654 Ecclesia,
2260 3555 2349 3627 itero

1356 3657 1632 3761 Anabaptistae,
1651 3676 1716 3739 etc.
1740 3647 1743 3665 ⁸

1457 3778 1525 3850 His
1541 3782 1711 3879 gradibus
1727 3784 1978 3868 consideratis,
2003 3780 2128 3851 concio
2145 3782 2183 3851 in
2200 3793 2296 3853 testu
2311 3780 2350 3851 lit

1355 3880 1560 3958 dilucidior.
1621 3882 1695 3954 lam
1719 3886 1890 3981 debonis
1915 3884 2114 3975 pastoribus
2134 3878 2203 3955 hoc
2223 3882 2349 3952 dicen-

1354 3984 1455 4056 dum.
1507 3982 1602 4055 Boni
1626 4001 1781 4079 pastores
1805 4002 1888 4059 sunt
1912 3982 2111 4079 Prophetae
2134 4000 2166 4059 et
2183 3982 2348 4079 Apostoli

1354 4109 1373 4155 a
1392 4084 1469 4156 Deo
1487 4088 1605 4174 missi,
1632 4102 1667 4161 et
1683 4113 1806 4160 omues
1820 4090 1887 4161 rite
1900 4088 2033 4176 vocati,
2058 4102 2092 4160 et
2106 4103 2198 4161 recte
2213 4103 2247 4161 et
2262 4111 2349 4157 con-

1353 4201 1489 4260 stanter
1512 4190 1680 4262 lacicntcs
1699 4192 1857 4265 officium
1879 4216 2001 4263 suum:
2034 4192 2097 4262 etsi
2125 4205 2241 4262 autem
2267 4189 2348 4261 talis
2440 4274 2442 4281 Ι

1353 4304 1405 4362 est
1422 4306 1456 4363 et
1473 4286 1656 4377 Christus,
1680 4306 1800 4365 tamen
1816 4320 1920 4389 supra
1937 4289 2134 4386 Prophetas
2149 4294 2346 4386 ctAposto-

1352 4392 1406 4463 los
1428 4394 1659 4466 collocandos
1680 4412 1741 4468 est.
1794 4396 1885 4469 Nam
1909 4421 1984 4467 non
2008 4396 2122 4467 solum
2145 4409 2197 4467 est
2215 4407 2347 4486 pastor,

1352 4519 1394 4565 eo
1418 4498 1516 4590 qood
1541 4500 1684 4583 doceat,
1711 4512 1750 4571 ut
1766 4500 1912 4583 caetori,
1935 4515 1969 4571 et
1984 4514 2129 4569 externo
2147 4491 2345 4566 ministerio

1350 4597 1542 4689 iungatur,
1567 4602 1626 4669 sed
1652 4602 1758 4673 etiam
1779 4616 1832 4673 est
1848 4614 1985 4695 pastor,
2013 4602 2095 4694 quia
2114 4597 2265 4669 vivificat
2281 4620 2344 4668 sua

1349 4702 1528 4793 potentia,
1553 4717 1586 4772 et
1607 4704 1666 4772 dat
1682 4701 1857 4796 Spiritum
1879 4717 2056 4786 sanctum,
2083 4726 2146 4795 per
2169 4700 2284 4794 ipsum
2299 4722 2341 4768 ex

1349 4802 1430 4872 sinn
1455 4804 1565 4895 patris
1589 4804 1724 4897 prolata
1747 4821 1798 4877 est
1820 4803 2007 4901 promissio
2030 4804 2180 4895 gratiae,
2215 4816 2250 4873 et
2270 4815 2343 4873 tra-

1348 4904 1420 4975 dita
1439 4901 1628 4999 Prophetis
1651 4922 1685 4977 et
1702 4907 1895 5002 Apostolis.
1948 4904 2027 4997 lpse
2050 4920 2101 4978 est
2117 4904 2258 4977 victima
2277 4928 2342 4997 pro

1347 5006 1453 5077 nobis
1484 5006 1626 5101 placans
1657 5008 1850 5095 iram'llei,
1883 5012 1957 5103 ipse
1981 5025 2034 5084 cst
2055 5013 2158 5081 dator
2180 5006 2341 5079 iusticias

1346 5122 1380 5181 et
1399 5107 1493 5181 vitae
1507 5126 1680 5187 aeternae.
2103 5118 2107 5129 '

1506 5310 1588 5415 Qui
1606 5341 1682 5389 non
1706 5314 1825 5389 intrat
1846 5317 2087 5417 peraridum,
2114 5324 2177 5389 alc.

1447 5468 1559 5543 initio
1575 5472 1701 5560 eapitis
1714 5470 1884 5543 recitatur
1896 5471 2023 5563 imago,
2047 5474 2208 5566 adquam
2218 5480 2338 5563 postea

1342 5571 1383 5641 in
1406 5570 1700 5665 interpretatione
1721 5574 1862 5645 confert
1882 5596 1939 5665 se,
1965 5588 2000 5645 et
2022 5598 2042 5643 a
2066 5597 2104 5644 se
2126 5572 2252 5642 missos
2273 5572 2339 5641 do·

1342 5686 1480 5759 ctores,
1513 5688 1550 5749 et
1576 5674 1727 5768 opponit
1747 5676 1985 5747 mercenarios
2006 5689 2042 5748 et
2063 5677 2172 5747 iures.
2224 5670 2337 5743 Porro

309 5770 370 5825 tam
387 5752 568 5851 ilarrrpob.
587 5762 734 5835 hsudes
754 5780 791 5839 et
803 5770 972 5859 perfidiae
983 5769 1184 5847 Alcibiadis
1197 5801 1289 5870 pens
1311 5770 1316 5848 l
1340 5776 1418 5865 ipse
1448 5790 1564 5850 textus
1589 5780 1689 5852 addit
1712 5776 1861 5867 imagini
1882 5776 2233 5869 interpretationem,
2266 5798 2336 5869 qua
2381 5820 2385 5827 ·

307 5850 457 5935 ltoditns
471 5874 696 5954 annerum,
720 5880 824 5941 autea
839 5871 877 5942 vi
891 5872 1106 5951 aPisistrato
1120 5902 1288 5973 oppressa

1340 5878 1500 5951 conteuti
1520 5881 1650 5969 simus,
1674 5894 1709 5955 et
1729 5902 1905 5953 summam
1927 5879 2073 5952 recitavi
2096 5901 2203 5973 supra
2219 5876 2335 5949 inilia
