5825 6950
1246 408 1270 445 N

278 814 279 817 Ἴ
338 725 396 798 nr
473 713 569 792 lllll.
620 719 657 790 2.
691 709 1056 788 COMMENTAllll
1084 699 1585 836 transumuntur
1611 703 1877 789 ROMANOS.
1926 710 2035 791 CAP.
2060 713 2164 792 Xlll.
2257 717 2332 794 ttt

333 896 386 985 ipsi
399 896 499 963 instas
515 889 607 978 leges
623 888 797 970 condant,
832 905 915 975 ergo
929 885 1008 957 vuit
1029 886 1134 958 etiam
1156 905 1223 957 uos
1244 884 1289 956 it-
1339 881 1446 974 petit:
1471 877 1519 956 Ut
1535 897 1715 956 teneamus
1731 899 1862 958 certam
1881 888 2099 978 doctrinam,
2115 911 2206 986 quae
2224 913 2332 984 opera
2465 913 2469 922 ·

331 999 365 1068 lis
377 995 500 1084 legibus
520 989 695 1060 subiectos
715 1011 799 1059 esse.
853 988 925 1060 Sed
946 985 1154 1060 pastoribus
1177 989 1289 1062 tradi·
1339 983 1413 1055 sint
1442 989 1646 1058 necessaria.
1711 985 1860 1060 Necesse
1888 1004 1940 1062 est
1970 993 2066 1062 enirn
2099 993 2331 1066 conscientias

328 1101 504 1170 ducenum
517 1093 685 1177 verbnm,
709 1108 777 1160 nee
792 1089 950 1161 vultuos
972 1091 1121 1189 iusuper
1141 1114 1216 1162 esse
1237 1093 1288 1160 le-
1338 1079 1472 1157 lrabere
1491 1093 1640 1160 verbum
1663 1103 1816 1178 eertum,
1844 1090 1953 1163 'etiam
1976 1097 2020 1164 de
2041 1095 2227 1188 operibus,
2257 1120 2329 1192 quo

327 1201 501 1290 gislatores,
531 1209 594 1269 sut
608 1193 805 1282 sliasleges
823 1193 974 1274 addere,
1005 1189 1110 1283 Ergo*
1125 1195 1287 1287 requirit,
1338 1202 1526 1278 regantur,
1553 1216 1598 1262 nc
1614 1191 1747 1281 fingant
1765 1195 1880 1266 cultus
1895 1196 1971 1268 sine
1986 1200 2154 1270 mandato
2166 1197 2254 1282 Dei.
2283 1201 2329 1271 ds

327 1319 355 1372 ut
369 1302 416 1369 illi
432 1298 538 1368 serbo
554 1295 685 1367 tradito
702 1295 812 1364 simus
827 1294 995 1380 subiecti,
1020 1318 1096 1366 non
1112 1298 1216 1365 novis
1235 1297 1287 1366 le-
1337 1293 1470 1384 quibus
1486 1293 1604 1385 iuquit
1618 1289 1794 1367 Christus:
1828 1291 1975 1370 Frustra
1999 1301 2123 1374 colunt
2143 1322 2201 1374 me
2224 1323 2327 1373 man·

280 1408 283 1417 '
326 1407 474 1496 pinques
487 1399 555 1492 ipsi
567 1400 717 1490 iusuper
731 1398 886 1467 odditnri
901 1409 998 1473 suut.
1019 1479 1023 1487 ,
1050 1396 1102 1470 lta
1117 1394 1286 1470 differen·
1338 1394 1432 1466 datis
1451 1389 1652 1466 hominum.
2433 1401 2437 1408 '

280 1518 286 1563 t
326 1509 360 1576 tis
373 1518 575 1596 potestatum
588 1499 725 1594 aliquid
741 1498 833 1569 lueis
848 1500 950 1569 addit
964 1494 1050 1569 huic
1070 1498 1283 1594 quaestioni.
1440 1493 1544 1568 Hanc
1559 1498 1768 1570 sententiam
1784 1502 1996 1597 detorquent
2011 1508 2180 1578 nonnulli
2202 1521 2327 1580 eontra

324 1606 499 1678 Ssdtsmeu
516 1606 692 1676 tutiorest
709 1601 899 1672 nitialtcra
923 1601 1081 1684 ratione,
1109 1601 1283 1686 uidelicet,
1336 1596 1537 1668 doctrinam
1561 1601 1718 1688 deiide,
1752 1604 1834 1697 quia
1858 1599 1918 1676 hic
1935 1599 2067 1680 Paulus¹
2088 1611 2229 1704 iuquit,
2260 1607 2327 1682 Di·

324 1711 396 1802 quod
419 1708 579 1778 doctrina
602 1704 795 1797 apostolica
820 1704 992 1795 postulat,
1023 1715 1067 1774 ut
1090 1707 1284 1775 sentiamus
1335 1699 1487 1770 lectione
1501 1701 1611 1793 legem
1629 1703 1781 1796 impleri.
1831 1703 1934 1778 Unde
1950 1710 2000 1780 sic
2015 1727 2326 1802 argumentantur:

322 1811 524 1880 violationem
554 1809 674 1898 legum
701 1805 862 1876 civilium
892 1829 967 1877 esse
988 1804 1138 1876 mortale
1159 1829 1283 1904 pecca·
1334 1800 1501 1895 Impletio
1516 1801 1603 1894 legis
1628 1803 1808 1879 iustificat:
1842 1807 1994 1880 Dilectio
2018 1828 2070 1885 est
2092 1815 2253 1906 impletio
2274 1816 2326 1885 le-

280 1902 287 2001 l
322 1926 387 1988 tuor.
433 1907 590 1981 Econtra
612 1933 697 1980 vero
720 1908 948 1978 violationem
971 1908 1282 1980 ecclesiasticarum
1334 1903 1406 1994 gis,
1433 1899 1529 1994 Ergo
1554 1907 1696 1978 dilectio
1723 1909 1899 1982 iustificat.
1952 1911 2166 2008 Respondeo
2190 1919 2326 1988 brevis.

323 2013 546 2100 traditionum,
559 2026 656 2083 extra
670 2032 788 2082 casum
807 2010 968 2084 scandali
979 2025 1014 2083 et
1028 2012 1282 2097 contumacias,
1334 2003 1423 2076 sime
1441 2007 1485 2076 ad
1501 2007 1692 2082 minorem:
1722 2009 1849 2082 Minor
1863 2028 1915 2086 est
1931 2040 2012 2086 vera
2028 2020 2072 2087 de
2096 2021 2247 2112 perlecta
2268 2021 2326 2089 di·

278 2128 283 2164 ·
321 2139 456 2187 souerse
472 2129 658 2215 peccatum
673 2113 835 2183 mortale.
1337 2107 1509 2195 lectione,
1546 2114 1607 2182 sed
1629 2135 1703 2183 non
1725 2117 1768 2184 de
1791 2117 1872 2199 tali,
1913 2120 2051 2212 qualem
2074 2117 2326 2192 ullihomines

278 2233 287 2297 Γ,
394 2215 507 2288 Antea
534 2217 624 2287 diait
646 2215 685 2286 in
704 2237 833 2305 genere
855 2215 901 2285 de
921 2214 1146 2301 obedientia,
1185 2235 1281 2286 nune
1332 2224 1522 2299 praestant.
1582 2205 1714 2286 Paulus
1745 2232 1838 2288 recte
1871 2233 1905 2288 et
1937 2222 2081 2313 proprie
2098 2223 2259 2318 loquitur
2279 2226 2324 2294 de

320 2321 451 2391 nominat
482 2321 526 2390 in
556 2320 672 2412 specis
692 2318 865 2410 quaedam
888 2318 1024 2398 officia,
1057 2341 1099 2390 ae
1122 2319 1279 2410 primum
1334 2313 1413 2384 idea
1440 2336 1501 2384 seu
1517 2316 1560 2383 de
1575 2317 1706 2406 specie,
1739 2321 1835 2410 quod
1859 2321 2002 2393 dilectio
2027 2324 2173 2416 impleat
2198 2326 2323 2418 legem,

278 2435 285 2449 “
319 2424 439 2508 tributa,
471 2435 551 2516 quo·
571 2421 720 2491 nomine
744 2420 992 2510 complectitur
1012 2423 1153 2504 omnia,
1190 2443 1279 2512 qnae
1331 2415 1369 2482 id
1395 2430 1465 2499 est,
1497 2411 1631 2488 sithoc
1656 2421 1790 2510 ipsum,
1822 2423 1918 2516 quod
1946 2424 2003 2495 lex
2032 2425 2193 2520 requirit.
2251 2425 2324 2498 Sed

279 2566 284 2577 .
318 2525 462 2594 repam.-
491 2523 760 2613 magstratibus
786 2524 829 2590 ..d
854 2520 1094 2592 defensionem
1118 2523 1279 2613 discipli.
1332 2508 1418 2586 hinc
1432 2541 1506 2586 non
1522 2521 1683 2613 sequitur
1699 2537 1817 2592 nostra
1836 2527 2026 2597 dilectione
2042 2529 2153 2619 legem
2169 2528 2323 2622 impleri,

317 2627 532 2718 oaeetpacis‚
558 2625 690 2696 scilicet
704 2646 848 2714 operas,
873 2624 1060 2708 militiam,
1082 2626 1276 2716 stipendia.
1333 2618 1414 2711 quia
1431 2635 1550 2690 nostra
1568 2623 1711 2694 dilectio
1738 2639 1788 2695 est
1811 2627 1996 2701 immunda
2017 2643 2052 2702 et
2075 2631 2201 2724 procul
2223 2632 2323 2704 abest

318 2723 419 2822 lstque
432 2729 568 2800 iterum
582 2723 730 2816 repetita
747 2727 824 2795 laus
836 2725 964 2810 officii,
987 2726 1071 2818 qnia
1085 2741 1188 2798 vocat
1210 2727 1279 2796 mi·
1330 2721 1594 2815 aperiectione.

317 2831 413 2900 nistros
433 2829 514 2902 Dei.
581 2826 750 2899 Testatur
779 2828 890 2917 igitur
916 2829 1138 2900 functionem
1166 2831 1279 2919 magi·
1432 2820 1524 2894 Cum
1545 2825 1652 2915 igitur
1674 2846 1779 2900 nemo
1801 2829 1911 2922 possit
1934 2848 2111 2927 praestare
2132 2838 2320 2928 perlectam

278 2954 279 2963 ¹
318 2945 500 3003 stratoresse
521 2929 778 3019 lronomopns,
809 2930 893 3023 quia
907 2925 1072 3000 diabolus
1093 2943 1147 3003 est
1166 2927 1279 3002 hostis
1330 2923 1556 2998 dilectionem
1572 2943 1632 2998 aut
1646 2927 1909 3019 impletionem,
1944 2961 2033 3028 opus
2048 2954 2100 3011 est
2123 2937 2227 3008 nobis
2251 2940 2320 3009 alia

320 3032 376 3118 liei,
401 3059 475 3105 nou
490 3047 548 3103 est
561 3033 744 3116 minister,
776 3046 811 3101 et
832 3044 970 3123 peccata
990 3057 1064 3101 non
1089 3048 1172 3103 sunt
1194 3034 1278 3103 luu-
1330 3026 1487 3114 iusticia,
1529 3029 1695 3100 videlicet
1718 3031 1786 3100 fide
1811 3031 2099 3126 apprehendente
2121 3041 2321 3110 misericor·

325 3137 379 3218 dio,
399 3161 465 3230 qua
481 3133 564 3206 Deo
584 3135 828 3219 ministratur,
861 3136 921 3202 sed
946 3133 1135 3205 offendunt
1150 3133 1278 3222 Deum,
1329 3127 1424 3198 diam
1455 3133 1663 3222 promissam
1696 3149 1841 3225 propter
1863 3133 2057 3216 Christum.
2115 3139 2214 3210 llaec
2233 3143 2321 3212 fides

328 3237 514 3329 sdissipant
536 3235 755 3320 (unctiones,
788 3235 918 3327 quibus
940 3232 1016 3306 Deo
1041 3237 1275 3308 ministratur.
1329 3245 1380 3299 θεῖ
1411 3231 1569 3322 ῐωρΙοίῖο
1599 3233 1705 3324 legis.
1741 3237 1874 3308 scilicet
1904 3240 2132 3332 imputative,
2162 3238 2230 3314 lroc
2257 3258 2320 3331 est,

323 3333 413 3433 litque
433 3337 502 3413 ltoc
523 3353 774 3430 argumentum
799 3337 991 3421 illustrius,
1030 3361 1111 3408 cum
1131 3341 1278 3410 additur
1328 3327 1521 3407 Credentes
1545 3352 1756 3428 reputantur
1779 3340 1880 3428 iusti,
1917 3343 2066 3437 perinde
2090 3369 2131 3414 ac
2154 3344 2185 3414 si
2207 3345 2319 3438 legem

321 3442 549 3516 urrunstsntia
578 3461 685 3533 supra
714 3440 850 3533 posita,
889 3439 1072 3521 videlicet,
1105 3444 1203 3535 quod
1229 3445 1276 3514 sit
1328 3431 1541 3525 implessent.
1608 3433 1747 3535 Deinde
1774 3445 1926 3517 addatur
1954 3446 2060 3520 etiam
2093 3443 2180 3541 hoc,
2221 3449 2318 3542 qnod

287 3544 521 3626 joiuisterium
555 3544 731 3614 divinitus
758 3544 977 3615 ordinatum.
1038 3542 1272 3616 Manifestum
1326 3534 1412 3607 tides
1438 3538 1556 3613 incoet
1577 3538 1820 3634 impletionem
1844 3546 1931 3637 legis
1954 3548 1992 3617 in
2014 3550 2138 3634 nobit.
2177 3546 2319 3621 ²²¹¹ssssss

320 3648 462 3734 etenim,
484 3659 673 3741 peccatum
688 3668 762 3715 non
778 3666 852 3715 esse
868 3666 943 3713 rem
958 3644 1160 3715 ordinatam
1180 3648 1275 3716 divi.
1327 3638 1484 3713 incoatio
1501 3643 1614 3736 placet
1630 3657 1836 3737 propterea,
1870 3652 1953 3743 quia
1970 3675 2091 3721 sumus
2106 3650 2145 3721 in
2162 3648 2319 3729 Christo.

319 3746 401 3834 rius,
429 3754 490 3821 sed
507 3749 633 3843 potius
649 3747 917 3838 dissipationem
941 3746 1179 3821 ordinationis
1195 3746 1276 3824 Dei.

387 3850 515 3924 Addita
532 3864 586 3923 est
600 3850 706 3921 etiam
723 3846 782 3919 hic
797 3848 971 3942 particula
988 3849 1199 3939 insignis‘de
1217 3852 1274 3920 di-

286 3946 443 4039 :irutta,
477 3976 574 4049 quse
593 3953 789 4045 requiritur
810 3953 849 4020 in
879 3952 1152 4039 magistratibus.
1210 3954 1274 4024 Ait
1428 3940 1543 4022 Addit
1559 3944 1876 4026 exhortationem
1895 3954 2157 4028 circumstantia
2180 3970 2317 4048 tempo·

278 4061 282 4070 '
318 4050 383 4121 uiro
396 4054 543 4128 Paulus:
566 4050 972 4134 Adhocsuntassidui,
997 4054 1123 4140 idest,
1145 4056 1190 4125 sd
1204 4056 1275 4123 mi·
1325 4046 1375 4115 ris
1399 4064 1572 4138 sumtam,
1602 4054 1766 4127 videlicet
1789 4056 1834 4125 ab
1860 4058 2064 4145 occasione,
2098 4082 2196 4131 nunc
2216 4054 2317 4129 esbi-

318 4150 464 4229 sisterinsn
485 4156 584 4240 Dei,
623 4150 780 4242 horest,
810 4157 854 4225 ad
879 4157 1271 4251 propagationemveri
1325 4147 1399 4221 bita
1415 4166 1467 4223 est
1481 4152 1595 4241 salus,
1620 4150 1854 4247 Evangelium
1873 4159 2066 4231 revelatum
2082 4172 2143 4233 est.
2195 4160 2316 4253 Quare

318 4254 413 4339 ultus,
451 4274 486 4332 et
513 4260 561 4330 ad
589 4258 831 4328 defensionem
857 4258 1067 4349 discipliuae
1095 4273 1129 4330 et
1160 4256 1268 4350 pacis,
1326 4276 1399 4321 uon
1424 4277 1656 4346 aspernemur
1680 4272 1819 4329 tantum
1840 4285 1990 4346 munus,
2027 4266 2089 4333 sed
2113 4261 2215 4333 avide
2240 4288 2315 4333 arn·
2404 4336 2407 4358 ¹
2551 4320 2553 4327 .

317 4374 379 4443 pse
399 4376 480 4434 suut
510 4360 683 4431 beneficia
714 4360 849 4433 divina.
913 4356 964 4431 Et
991 4360 1182 4432 assiduitas
1219 4376 1273 4433 est
1325 4353 1521 4444 plectamur
1547 4373 1653 4454 atque
1681 4363 1899 4433 obediamus.
1966 4360 2019 4433 lta
2046 4387 2149 4457 saepe
2179 4364 2314 4433 aliasa

317 4476 408 4545 magua
437 4462 592 4535 intentio
625 4461 757 4541 animi,
798 4484 872 4531 nou
902 4460 1116 4533 remittentis
1137 4485 1273 4547 curam,
1325 4466 1483 4547 tempore
1511 4475 1777 4552 argumentatur
1810 4466 1844 4533 2.
1871 4462 1952 4538 Cor.
1973 4467 2031 4539 ll.
2053 4460 2139 4535 Ebr.
2161 4466 2198 4537 d.
2225 4462 2315 4535 Tale

278 4591 279 4595 =
317 4552 498 4643 vigilantiam
532 4576 569 4635 et
603 4564 782 4654 laborem,
822 4565 914 4633 sient
951 4564 1175 4635 verissimum
1207 4580 1272 4649 est,
1324 4571 1464 4649 tempus
1493 4576 1563 4647 est,
1607 4566 1893 4662 quandocunque
1922 4564 2019 4637 Deus
2055 4568 2165 4638 donat
2193 4590 2312 4638 reram

278 4669 282 4683 '
317 4656 677 4751 narrentanas,
709 4667 767 4734 cni
797 4666 896 4736 nulla
920 4658 1077 4735 humana
1098 4668 1271 4757 sapientia
1325 4654 1437 4727 lucem
1468 4658 1674 4755 Evangelii.
1723 4690 1814 4761 quae
1844 4680 2031 4761 postquam
2061 4662 2237 4739 exhibitus
2263 4684 2314 4739 est

315 4780 445 4841 suasa
466 4780 594 4860 potest,
653 4764 701 4837 Et
723 4781 841 4837 tamea
868 4767 1067 4859 requiritur
1085 4768 1271 4858 magistra-
1322 4758 1506 4848 Christus,
1535 4764 1604 4836 late
1619 4790 1740 4858 sparsa
1755 4782 1806 4841 est
1823 4769 1916 4839 inter
1931 4783 2072 4859 gentes,
2107 4794 2188 4839 cum
2210 4782 2312 4841 antea

278 4882 280 4892 ·
316 4872 387 4932 laum
410 4871 613 4961 diligencia,
654 4889 761 4964 qnam
792 4865 852 4938 laic
882 4882 985 4941 vocat
1011 4870 1271 4959 assiduitatem,
1321 4859 1542 4955 ignorassent
1559 4870 1810 4959 promissiones
1827 4886 1861 4941 et
1877 4868 2124 4961 Evangelium.

315 4968 456 5049 nauso
470 4975 617 5043 iuvante
634 4986 686 5040 est
699 4974 888 5043 fortunata.
1425 4964 1600 5038 Somnum
1616 4970 1782 5059 intelligit
1799 4972 2038 5061 ignorantiam
2056 4996 2157 5041 verae
2180 4972 2313 5045 doctri-

278 5093 279 5122 1
386 5069 519 5145 Deinde
533 5074 631 5143 addit
647 5072 808 5161 gencrale
833 5081 1060 5163 praeceptum
1083 5072 1127 5139 de
1149 5072 1270 5141 omni·
1322 5090 1401 5141 uae.
1431 5066 1580 5159 Vigiliae
1598 5095 1681 5141 vero
1699 5074 1831 5148 dehent
1847 5096 1919 5143 esse
1935 5100 2027 5143 nova
2044 5074 2175 5145 noticia
2191 5071 2312 5145 Evan-

278 5173 279 5180 ’
315 5158 361 5234 lut
383 5174 542 5247 cisilibus
567 5175 710 5246 officiis:
751 5173 906 5248 lleddite
936 5174 1106 5243 omnibus
1136 5174 1269 5249 debita.
1320 5168 1424 5258 gelli,
1454 5184 1488 5240 et
1512 5196 1625 5241 novae
1652 5173 1818 5247 actiones.
1878 5170 1927 5246 Et
1948 5176 2030 5269 quia
2050 5177 2149 5247 iubet
2165 5200 2230 5247 nos
2246 5202 2312 5249 ex·

278 5285 279 5290 ’
314 5256 366 5336 tt..
388 5300 465 5348 susc
492 5278 739 5369 complectitur
762 5278 882 5346 omnia
906 5274 1080 5345 officia-iu
1103 5274 1269 5347 sotietate
1320 5272 1486 5362 pergisci,
1518 5271 1689 5363 significat
1713 5276 1833 5345 vocari
1858 5302 1923 5347 nos
1948 5282 1990 5346 ad
2015 5278 2172 5367 iugentia
2198 5292 2315 5361 certa:

315 5382 489 5461 usuaria,
524 5380 707 5461 videlieet,
749 5380 848 5450 iubet
869 5379 969 5448 reddi
995 5378 1152 5449 debitam
1179 5379 1269 5447 olse-
1319 5372 1434 5453 mins,
1461 5375 1636 5462 pericula,
1668 5376 1902 5465 vigilantiam.
1963 5377 2013 5451 At
2037 5394 2179 5452 econtra
2203 5402 2309 5450 mun·

314 5466 451 5551 lientians
479 5483 738 5575 superioribus,
785 5482 884 5554 iubet
901 5480 1003 5550 reddi
1023 5481 1179 5551 debitam
1204 5504 1266 5571 pa.
1319 5474 1386 5542 dus
1408 5474 1531 5545 andito
1556 5472 1750 5565 Evangelio
1774 5479 1811 5547 fit
1829 5479 1990 5569 segnior,
2017 5496 2051 5553 et
2074 5492 2171 5549 noun¹
2184 5504 2309 5550 somno

316 5572 424 5647 maiam
449 5584 487 5652 in
517 5585 755 5653 contractibus
787 5584 1005 5675 cuicunque,
1041 5583 1139 5652 iubet
1163 5581 1265 5651 reddi
1319 5574 1467 5666 sopitur.
1519 5574 1698 5649 Securitas
1719 5580 1815 5649 enim
1833 5582 1926 5673 parit
1942 5583 2211 5672 negligentiam,
2240 5606 2308 5673 qua

315 5668 711 5778 lelirsoffitt.f.m;tiae‚
735 5686 892 5768 civibus,
919 5684 1146 5773 parentibus,
1178 5706 1266 5751 con.
1322 5675 1494 5766 paulatim
1519 5680 1697 5773 obrepunt
1721 5682 1818 5753 raris
1845 5684 1942 5754 ritis.
2001 5682 2103 5753 Hanc
2127 5683 2348 5769 negligam-⁸

278 5777 279 5816 ¹
314 5774 382 5862 ¹¹33.
414 5784 547 5871 liberis,
585 5788 707 5859 servis.
776 5780 879 5874 Quae
906 5796 1025 5853 sutem
1051 5786 1122 5854 sint
1148 5784 1264 5854 officia
1316 5778 1402 5848 tiam
1422 5790 1539 5859 taxat,
1566 5804 1646 5851 eum
1667 5783 1765 5855 iubet
1788 5806 1856 5854 nos
1880 5787 2082 5876 expergisci.
2141 5782 2225 5853 ldeo
2245 5808 2309 5873 po·

315 5868 573 5977 ludentia,
594 5886 956 5979 Decalogusindicat‚
992 5908 1097 5981 quern
1120 5880 1180 5957 hic
1202 5907 1260 5956 re·
1286 5889 1294 5980 g
1318 5894 1391 5953 stes
1407 5880 1505 5952 iubet
1529 5880 1634 5955 indui
1657 5908 1755 5957 arma
1779 5886 1886 5974 lucis,
1912 5888 2086 5979 significat
2107 5886 2201 5959 enirn
2218 5906 2308 5977 opns

1454 3810 1565 3887 Horo
1582 3821 1634 3889 est
1652 3814 1727 3885 r'om
1743 3840 1811 3887 uos
1828 3812 1872 3889 de
1886 3842 2016 3891 somno
2029 3844 2188 3917 surgere.
