5825 6950
585 720 685 797 rora
847 702 851 709 ·
1171 698 1446 784 aurnum.
1472 691 2012 779 smirnamuoarrca
2170 706 2203 769 s.
2256 758 2314 773 ..
2495 709 2574 792 aaa

585 890 825 969 Ecclesiamm
838 878 1042 959 Frirlericus
1056 852 1268 977 Myconius,
1305 890 1341 951 et
1357 875 1476 951 iustus
1489 872 1573 947 Me·
1624 873 1731 949 risaei
1755 885 1795 946 et
1815 869 2030 944 zaddeeaet.
2057 956 2064 966 ἢ
2095 866 2146 940 Ει
2168 880 2234 941 tex
2258 867 2418 944 Herodes
2438 889 2469 948 et
2486 884 2578 959 aulice

590 998 674 1069 nius
689 1007 730 1067 et
752 1014 815 1083 ego
836 989 1080 1061 recitassemue
1101 984 1142 1053 in
1158 980 1273 1054 literis
1287 981 1427 1075 scriptis
1446 979 1492 1051 ad
1508 1001 1574 1071 op-
1627 979 1733 1051 turba
1748 988 1851 1048 emut
1865 967 1998 1060 auci,
2021 987 2142 1045 tameo
2157 985 2263 1044 erant
2274 968 2445 1046 Ecclesia
2464 974 2579 1075 haelia-
2618 1003 2619 1006 ’

591 1101 719 1172 ιίιιιιιιιι
733 1092 936 1185 Principem
951 1087 1086 1161 Ducem
1107 1084 1282 1158 saxoniae
1296 1080 1501 1156 illectorem
1517 1077 1576 1151 lo·
1629 1080 1768 1165 miliae,
1801 1070 1997 1149 Zachariae
2019 1073 2226 1163 Simeonis,
2258 1073 2404 1168 loseph,
2426 1077 2582 1173 Zebedaei,

593 1198 769 1281 hannem,
800 1197 838 1265 in
858 1194 989 1291 quibus
1011 1190 1215 1283 petebamus
1231 1210 1367 1257 annuas
1389 1184 1578 1278 pensiones
1627 1198 1661 1254 et
1687 1181 1821 1253 multae
1841 1178 1942 1250 aliae.
2006 1175 2053 1250 Et
2075 1173 2144 1249 bae
2167 1180 2212 1247 de
2234 1180 2395 1250 doctrina
2416 1191 2583 1259 consentia.
2619 1247 2620 1262 ς

593 1303 789 1375 mediocres
804 1322 846 1369 ex
862 1296 964 1367 certis
979 1291 1119 1376 lundis,
1144 1312 1234 1385 quos
1256 1290 1578 1367 nominaveramus,
1628 1288 1738 1364 bant,
1771 1296 1806 1355 et
1828 1281 1952 1351 eadem
1973 1288 2060 1351 voce
2084 1278 2202 1350 Deum
2223 1280 2433 1365 invocabant
2456 1296 2487 1355 et
2514 1292 2584 1359 cele.
2619 1357 2620 1364 χ

596 1402 744 1478 attribui
762 1400 946 1482 Ecclesiis‚
971 1396 1019 1466 ita
1035 1394 1227 1465 delectatus
1242 1407 1294 1464 est
1307 1386 1581 1485 optimusPrin·
1630 1387 1803 1470 brabant,
1830 1397 1865 1454 et
1882 1380 2173 1454 coniunctionem
2191 1405 2291 1453 suam
2309 1386 2510 1472 tuebantur,
2528 1415 2586 1463 non
2619 1379 2620 1416 l

597 1528 678 1599 ceps
694 1498 967 1582 lincamenta,
991 1510 1030 1568 ut
1046 1495 1163 1566 statim
1174 1494 1312 1567 Esaiam
1330 1494 1402 1587 ipse
1418 1494 1581 1582 inspexe-
1631 1488 1850 1560 dimicabant
1864 1485 1960 1553 inter
1974 1502 2047 1554 sese
2062 1499 2103 1556 ut
2113 1482 2284 1556 cadmei
2296 1484 2428 1571 iratres,
2449 1502 2504 1560 out
2515 1488 2587 1563 Cen·
2620 1493 2621 1552 l

598 1609 662 1693 rit,
701 1619 735 1677 et
763 1606 854 1674 lecto
878 1612 953 1674 toto
980 1598 1093 1690 capite
1123 1598 1234 1668 laetus
1262 1595 1505 1688 responderit,
1547 1614 1584 1661 aa
1634 1590 1727 1665 tauri
1747 1582 1982 1679 etbaptthae.
2620 1563 2621 1598 ¹

600 1731 739 1801 semper
754 1701 860 1776 huius
878 1702 1073 1774 sententiae
1095 1718 1287 1769 memorem
1310 1701 1406 1783 lore,
1431 1709 1467 1768 et
1488 1694 1586 1767 redi·
1736 1687 1827 1762 Cum
1851 1687 1961 1777 igitur
1980 1685 2087 1757 Pauli
2110 1685 2341 1760 salutationes
2360 1686 2517 1775 legimus,
2537 1689 2588 1764 Ec.
2621 1737 2622 1774 ι

600 1826 657 1883 tus
676 1809 757 1879 illos
771 1803 959 1895 Ecclesiis,
990 1801 1181 1895 dequibus
1199 1798 1586 1892 scripseramus,'libe-
1636 1793 1777 1866 clesiam
1795 1790 1895 1885 pingi
1911 1788 2016 1859 nobis
2030 1790 2284 1870 existimemus,
2306 1788 2454 1857 sciamus
2465 1792 2589 1887 aliquem

600 1912 722 1983 raliter
737 1908 942 1991 donaverit,
969 1920 1002 1977 et
1022 1902 1162 1975 iusserit
1186 1904 1415 1976 donationem
1435 1899 1589 1994 publicis
1637 1895 1826 1967 honesturn
1846 1905 1986 1963 coetum
2011 1891 2206 1976 visibilem,
2233 1907 2267 1962 et
2286 1885 2448 1961 honestas
2468 1894 2589 1966 familias

600 2012 713 2086 literis
734 2032 815 2081 mor
835 2006 1051 2081 conlirmari.
1639 2000 1769 2069 multas
1784 1995 1892 2065 luisse
1901 2044 1913 2079 ,
1939 2007 1974 2063 et
1989 1993 2026 2062 in
2046 1992 2095 2064 eis
2110 1994 2293 2063 doctrinae
2311 1992 2425 2062 lucem
2439 1994 2549 2080 luisse,
2566 2012 2590 2069 et
2622 1981 2623 2010 ¹

1640 2124 1758 2170 veram
1774 2095 1842 2167 Dei
1864 2094 2145 2180 invocationem,
2170 2108 2207 2165 et
2228 2106 2391 2165 mutuam
2411 2094 2590 2167 benevola.

1640 2203 1726 2273 tiam
1756 2214 1790 2270 et
1822 2197 1980 2268 studium
2010 2199 2163 2267 tuendae
2191 2195 2464 2268 coniunctionis.
2528 2198 2592 2272 Vult

949 2285 1088 2397 Capul
1120 2284 1243 2369 XVI·
1640 2304 1735 2375 enim
1749 2298 1848 2373 Deus
1861 2323 1925 2390 per
1938 2299 2044 2368 fidem
2058 2315 2093 2370 et
2106 2310 2259 2369 caeteras
2272 2298 2421 2367 virtutes
2434 2296 2591 2369 Ecclesiam

1483 2404 1488 2411 ’
1641 2406 1796 2495 fulgere,
1825 2422 1900 2470 nou
1927 2400 2005 2472 vult
2026 2401 2187 2471 doctores
2212 2399 2407 2470 ambitione
2432 2400 2593 2473 cavillatio·

706 2508 749 2581 ln
764 2521 942 2602 postremo
959 2505 1072 2597 capite
1086 2499 1282 2593 adscriptae
1296 2513 1382 2572 sunt
1405 2502 1592 2575 salutatio·
1641 2530 1705 2578 nee
1734 2529 1809 2575 non
1842 2503 2069 2589 neceuarias,
2106 2515 2167 2573 aut
2198 2497 2416 2593 sophismata
2443 2522 2545 2571 serere
2562 2508 2591 2573 ad

606 2636 691 2699 nes,
724 2625 761 2683 et
783 2610 911 2679 deinde
933 2606 1152 2692 admonitio,
1193 2626 1239 2673 nc
1270 2605 1490 2695 recipiantur
1514 2606 1593 2694 opi·
1642 2609 1859 2681 turbandum
1875 2604 1976 2695 pium
1999 2626 2231 2686 consensum,
2256 2603 2321 2673 sed
2344 2602 2420 2673 vult
2442 2606 2589 2674 candarau

605 2718 733 2789 niones
758 2722 955 2803 pugnantes
971 2732 1052 2779 curn
1071 2704 1137 2777 hae
1161 2726 1409 2801 normaquam
1433 2706 1592 2787 tradidit,
1644 2712 1683 2780 in
1700 2708 1894 2780 iudicando
1912 2703 2090 2780 adbiberi.
2139 2704 2223 2776 Non
2238 2704 2317 2777 vult
2332 2718 2474 2796 propter
2493 2706 2593 2794 privata

607 2821 698 2890 sicut
709 2814 796 2885 alibi
814 2811 947 2906 inquit:
973 2808 1013 2882 Si
1029 2810 1109 2905 quis
1123 2804 1465 2899 aliudEvangelium
1481 2811 1594 2893 docet,
1644 2814 1726 2883 odia
1748 2803 1898 2881 distrahi
1920 2809 2094 2902 populum
2118 2809 2157 2877 in
2179 2808 2337 2877 diversas
2359 2807 2535 2891 factiones,
2553 2813 2593 2878 scd

494 2926 502 2933 '
606 2912 793 2993 anathema
821 2914 877 2986 sit.
1643 2916 1721 2985 vult
1742 2934 1808 2982 nos
1830 2909 1919 2980 dicti
1943 2906 2051 2981 buius
2066 2932 2239 2979 memores
2254 2932 2347 2981 esse:
2375 2907 2470 2979 Deus
2485 2909 2593 2981 dilectio

709 3015 764 3089 De
779 3012 1071 3097 salutationibus,
1088 3010 1241 3081 etsinon
1257 3009 1369 3079 molta
1386 3010 1521 3097 dicam,
1539 3025 1593 3081 ta·
1643 3030 1713 3101 est,
1738 3013 1810 3102 Qui
1836 3025 1956 3082 manet
1978 3014 2018 3081 in
2041 3012 2251 3095 dilectione,
2277 3012 2317 3077 in
2339 3007 2416 3081 Deo
2439 3024 2554 3091 manet,
2570 3026 2593 3078 ιι

606 3146 691 3195 men
713 3115 782 3190 hoc
803 3114 1076 3186 monererisnm
1095 3124 1155 3183 est.
1207 3109 1422 3202 Haeclonga
1443 3136 1593 3183 nomen·
1642 3117 1867 3188 Densiueo.
1909 3112 1964 3186 dd
1981 3111 2222 3185 hocstodium
2241 3113 2396 3182 tuendae
2409 3114 2593 3182 coniunctio

608 3226 744 3297 elatura
770 3217 953 3301 ostendit,
998 3215 1113 3308 qussllt
1138 3214 1246 3283 suerii
1279 3208 1449 3283 Ecclesia·
1514 3210 1592 3284 Etsi
1643 3221 1700 3291 nis
1715 3217 1895 3311 pertinent
1908 3213 1997 3287 haee
2017 3216 2176 3307 exempla
2197 3212 2473 3299 salutationum,
2495 3217 2533 3284 de
2545 3238 2594 3307 quo

608 3326 705 3397 enim
726 3318 786 3391 hic
808 3344 884 3389 non
905 3318 1056 3407 legimus
1071 3315 1264 3388 multorum
1281 3311 1420 3404 Regum
1437 3329 1471 3388 et
1486 3312 1592 3385 Prin·
1642 3320 1755 3391 multa
1779 3319 1933 3409 cogitare
1952 3317 2066 3388 bon'as
2089 3329 2224 3386 mentes
2249 3328 2284 3385 et
2312 3331 2459 3408 propter
2480 3317 2595 3405 glorian

610 3428 731 3522 cipum
754 3422 921 3501 uomina,
948 3432 1065 3490 lmen
1083 3418 1228 3510 adparel
1243 3416 1350 3486 sulm
1366 3430 1504 3490 coelum
1526 3413 1592 3488 ho·
1641 3420 1730 3507 Dei,
1755 3434 1791 3494 et
1806 3435 1950 3514 propter
1964 3416 2142 3492 Ecclesiae
2157 3416 2348 3491 utilitatem
2363 3433 2560 3492 necesseest.
2628 3450 2629 3508 l

609 3542 791 3602 nesiorum
810 3521 1019 3605 bominum,
1053 3533 1087 3590 et
1102 3521 1231 3590 multas
1246 3515 1411 3591 honestas
1429 3519 1593 3596 familias.
2032 3587 2039 3607 ,
2271 3585 2278 3603 ,
2322 3585 2331 3602 ,
2628 3522 2629 3543 l

610 3630 711 3703 Talis
725 3641 776 3698 est
783 3623 939 3698 Ecclesia
956 3645 1074 3714 sparsa
1091 3621 1129 3690 in
1146 3621 1302 3691 diversas
1319 3622 1491 3711 regiones,
1508 3645 1593 3693 cou-
1784 3585 1857 3664 Ρθῗ
1870 3584 2083 3662 mandam
2098 3597 2130 3667 ‘i
2147 3580 2416 3661 mmmmm
2431 3595 2489 3665 ⁶²⁶·

609 3733 768 3804 sentiens
789 3730 834 3798 do
854 3723 1069 3814 Evangelio,
1101 3737 1195 3794 recle
1216 3743 1407 3812 agnoscens
1433 3740 1467 3797 et
1488 3725 1594 3794 invo-
1745 3726 2006 3818 lubricante,
2029 3753 2075 3797 ne
2092 3725 2232 3818 decepti
2253 3726 2430 3818 recipiant
2450 3739 2595 3816 corrupte·

609 3857 694 3906 cans
720 3829 838 3901 Deum
872 3841 911 3899 et
936 3825 1133 3898 Dominum
1162 3837 1323 3895 nostrum
1345 3823 1466 3895 lesum
1486 3821 1594 3898 Chri·
1642 3832 1693 3902 las
1716 3855 1821 3902 verae
1847 3831 2043 3902 doctrinae.
2094 3826 2180 3898 Duo
2201 3840 2323 3899 autem
2344 3829 2490 3898 artificia
2508 3827 2598 3898 noni-

611 3949 726 4017 stom,
767 3929 905 4002 etiamsi
931 3951 998 3998 nec
1027 3924 1133 3998 habet
1161 3927 1310 4018 imparia
1341 3929 1489 4009 mundi,
1529 3949 1595 3999 uec
1644 3947 1730 4016 nat,
1771 3933 1900 4027 quibus
1930 3926 2135 4026 hypocritae
2161 3931 2309 4018 capiunt
2339 3925 2519 4000 bominum
2542 3927 2599 3998 sni·

613 4036 816 4110 continetur
828 4030 936 4102 nnius
952 4031 1050 4120 regni
1070 4029 1263 4113 militibus,
1291 4041 1330 4100 ιιι
1346 4042 1433 4100 tunc
1450 4030 1594 4120 collige-
1643 4059 1720 4106 mos
1733 4085 1745 4121 ‚
1783 4028 2054 4130 χρηστολογίας
2098 4047 2133 4102 et
2166 4026 2349 4130 εὐλογίας.
2426 4030 2599 4121 Significant

612 4141 720 4210 batur
741 4131 916 4214 Ecclesia,
940 4155 1015 4200 mu
1038 4144 1177 4202 lautum
1198 4130 1237 4198 iu
1251 4127 1418 4202 Romano
1433 4131 1595 4224 imperio,
1643 4152 1761 4209 autem
1783 4129 2049 4232 χρηστολογίαι
2072 4135 2225 4203 blandos
2248 4155 2430 4204 sermones
2445 4135 2479 4202 in
2493 4154 2599 4222 genere,

614 4241 677 4312 sed
691 4236 796 4310 etiam
810 4234 851 4303 in
866 4255 974 4322 regno
989 4229 1203 4302 Parthorum
1222 4245 1257 4303 et
1277 4232 1375 4303 alibi.
1427 4228 1494 4303 Est
1516 4257 1594 4303 om·
1644 4255 1678 4312 et
1700 4238 1896 4309 blanditiae
1919 4235 2008 4309 aliae
2021 4248 2106 4306 sunt
2121 4237 2161 4304 in
2176 4235 2353 4318 moribus,
2380 4237 2469 4306 aliae
2485 4235 2519 4304 in
2537 4231 2599 4324 ipsis

613 4340 704 4412 nino
726 4349 860 4409 moesta
883 4335 1016 4427 species
1036 4330 1215 4406 Ecclesiae
1241 4333 1278 4402 in
1302 4329 1367 4402 hac
1380 4332 1472 4414 rica,
1497 4336 1595 4428 quod
1643 4341 1883 4428 dogmatibus,
1910 4362 2000 4430 quae
2022 4339 2188 4409 alludunt
2204 4339 2249 4406 ad
2269 4336 2402 4407 iudicia
2423 4351 2456 4407 ct
2473 4335 2598 4404 adlectus

612 4465 690 4514 non
706 4439 910 4513 continetur
923 4436 1030 4506 unico
1045 4450 1080 4506 et
1095 4437 1218 4506 eedem
1242 4435 1414 4526 imperio,
1439 4458 1507 4506 nec
1529 4431 1597 4508 ha·
1645 4465 1790 4525 eorum,
1814 4463 1966 4532 quorum
1989 4441 2136 4510 societas
2159 4438 2356 4532 quaeritur.
2411 4437 2452 4508 ln
2473 4437 2600 4506 moribus

613 4546 676 4618 bet
699 4554 794 4616 certe
815 4538 990 4634 praesidia
1011 4536 1176 4628 politica,
1200 4536 1260 4607 sed
1278 4550 1331 4608 est
1355 4537 1452 4610 velut
1470 4559 1596 4630 agmen
1645 4542 1825 4614 simulatio
1842 4539 2053 4613 hermilitatis
2072 4553 2106 4611 et
2126 4540 2316 4630 patientiae
2333 4553 2432 4631 grata
2445 4552 2493 4612 est
2506 4534 2599 4606 boni·

614 4641 863 4718 scholasticum
893 4663 1052 4734 sparsum
1083 4640 1122 4708 in
1152 4639 1309 4709 diversas
1336 4639 1498 4732 regiones
1520 4640 1597 4710 sine
1643 4646 1771 4728 nibus,
1814 4643 1897 4736 quia
1928 4667 2008 4715 cum
2032 4643 2143 4712 draus
2166 4655 2293 4712 natura
2318 4643 2481 4732 superbi,
2516 4637 2599 4726 ramis

616 4745 797 4842 potentia,
830 4743 909 4814 sine
938 4743 1087 4836 opibus,
1123 4740 1201 4811 sine
1228 4739 1358 4824 armis,
1396 4741 1475 4812 eine
1505 4765 1598 4842 regp,
1646 4767 1805 4817 amamus
1825 4768 1903 4830 eos,
1928 4745 1990 4838 qui
2005 4745 2174 4813 videntur
2188 4765 2262 4813 sese
2277 4743 2372 4813 infra
2390 4767 2455 4813 nos
2467 4741 2600 4814 abiicere.

615 4847 772 4942 danique
794 4858 836 4918 ιιι
849 4844 1009 4929 videtur,
1033 4843 1113 4930 sine
1129 4841 1268 4914 ordine.
1318 4839 1415 4912 Haec
1427 4844 1597 4914 deformi·
1649 4845 1830 4920 Usitatum
1845 4859 1898 4916 est
1912 4847 2017 4917 etiam
2027 4853 2163 4936 'augere
2173 4846 2447 4916 admirationem
2459 4839 2599 4916 iactandis

617 4961 673 5023 tes
691 4948 823 5020 alienat
844 4945 983 5018 animos
998 4965 1120 5036 regum
1144 4957 1180 5015 et
1194 4957 1411 5042 potentum,
1429 4946 1492 5015 sed
1508 4945 1599 5015 scia·
1647 4947 1838 5042 colloquiis
1853 4971 1934 5017 oum
1949 4945 2045 5035 Deo,
2068 4971 2130 5017 seu
2144 4933 2417 5033 anabudana,
2439 4969 2499 5016 seu
2516 4945 2600 5015 sino·

618 5071 699 5122 mus
714 5049 753 5119 in
766 5044 833 5118 bac
847 5046 919 5117 vita
934 5046 1038 5116 talem
1053 5058 1191 5117 coetum
1207 5068 1281 5116 esse
1293 5039 1501 5119 Ecclesiam.
1548 5043 1600 5118 Et
1646 5052 1756 5122 landa
1776 5049 1920 5136 ecstasi,
1953 5071 2018 5120 sau
2029 5050 2200 5120 uidendis
2214 5049 2379 5140 spectris.
2428 5045 2519 5118 Haec
2537 5041 2599 5114 ani·

618 5165 740 5226 umen
760 5148 895 5218 interea
918 5146 1260 5238 circumspiciamus,
1285 5149 1409 5241 quales
1431 5149 1504 5219 sint
1531 5144 1599 5219 ho·
1648 5153 1727 5222 licia
1748 5164 1785 5222 et
1798 5151 1887 5221 olim
1902 5164 2034 5222 norant
2055 5147 2241 5236 monachi,
2265 5161 2301 5219 et
2324 5173 2422 5222 nesae
2441 5148 2535 5220 molti
2550 5146 2598 5214 in·

582 5299 587 5310 ι
617 5251 754 5342 mines,
775 5249 898 5342 quales
909 5248 1083 5340 familiae,
1105 5273 1195 5343 quae
1213 5249 1457 5320 testimouium
1474 5251 1600 5321 dicunt
1646 5265 1808 5344 postores
1830 5252 2096 5324 circumferunt.
2168 5249 2211 5322 ln
2244 5253 2335 5321 urbe
2357 5240 2597 5322 Monasterieaal

355 5387 364 5406 r
469 5429 474 5446 Ι
617 5354 665 5424 de
685 5351 860 5424 doctrina.
917 5348 999 5422 Non
1019 5365 1070 5424 est
1088 5353 1184 5422 enim
1205 5349 1399 5446 Cyclopum
1426 5366 1488 5424 aut
1504 5350 1599 5424 Cen-
1646 5355 1873 5447 fuitquidam
1885 5352 2044 5438 Nebula,
2070 5354 2133 5447 qni
2149 5375 2251 5445 saepe
2272 5355 2309 5422 in
2329 5353 2482 5446 publicis
2500 5351 2596 5420 viiset

619 5467 805 5528 taurorum
827 5452 1018 5538 exereitus,
1043 5456 1104 5524 sed
1122 5455 1250 5549 aliquis
1267 5455 1356 5525 ordo
1369 5466 1441 5535 est,
1465 5469 1504 5527 et
1517 5467 1599 5525 sunt
1648 5453 1835 5526 bominum
1862 5455 2062 5550 frequentia
2084 5457 2203 5526 subito
2233 5456 2356 5547 lapsus
2388 5468 2462 5539 est,
2493 5465 2524 5522 et
2547 5445 2595 5516 ali·

619 5555 740 5630 studia
759 5553 943 5626 doctrinae
973 5567 1010 5626 et
1032 5557 1189 5648 exempla
1211 5556 1396 5628 victutum.
1446 5551 1498 5628 Et
1516 5569 1599 5627 sunt
1647 5557 1808 5652 quandiu
1823 5558 1941 5628 iacens
1955 5559 2077 5628 oculos
2089 5559 2131 5626 in
2147 5557 2284 5626 coelum
2299 5558 2454 5637 scutulis,
2471 5551 2595 5624 etmirot

621 5658 764 5755 aliquae
776 5651 944 5730 honestae
958 5655 1127 5741 familiae,
1142 5668 1176 5728 et
1189 5671 1284 5728 recte
1296 5657 1513 5728 sententium
1529 5659 1599 5726 sli-
1647 5673 1764 5750 gestus
1783 5660 1919 5730 edidit:
1954 5675 2075 5752 postea
2097 5659 2246 5749 protulit
2275 5674 2369 5729 certa
2397 5647 2593 5726 mandensi

621 5783 692 5855 qua
708 5756 914 5833 coniunctio
935 5770 1005 5844 eat,
1031 5773 1072 5831 ut
1093 5759 1255 5853 quesnois
1277 5757 1315 5827 in
1335 5755 1465 5830 iudaea
1479 5761 1597 5829 direr-
1647 5761 1841 5854 populum,
1869 5765 1968 5854 quasi
1990 5761 2133 5831 oracula
2155 5760 2283 5831 tradita
2296 5759 2337 5830 iu
2354 5757 2523 5848 colloquio
2534 5745 2594 5821 Dei

620 5883 679 5934 sae
691 5877 804 5936 sectae
825 5873 942 5951 erant,
967 5885 1057 5958 quae
1072 5864 1168 5934 inter
1186 5881 1223 5931 sa
1237 5859 1474 5944 dimicabant,
1500 5855 1598 5936 Pha.
1646 5863 1753 5935 Tales
1767 5863 1981 5954 imposturae
1995 5863 2311 5953 multae-leguntur
2323 5863 2366 5934 in
2378 5848 2592 5933 mahometus
