5825 6950
556 679 634 762 aa:
740 775 747 790 ,
813 771 819 782 g
887 701 897 712 ι
1160 667 1290 752 eum
1315 665 2003 762 uan.scn1rraaxuuar1uu
2187 747 2191 758 ,
2272 746 2292 766 ,,
2508 679 2576 758 aas

541 876 615 932 -sus
637 852 771 928 tollunt
792 862 971 946 peccatum
991 844 1164 937 originis,
1189 841 1264 914 Alii
1280 845 1439 936 lingunt,
1463 859 1542 939 post
1594 847 1765 918 donatum
1782 858 1929 937 propter
1941 840 2141 932 Christum,
2167 843 2330 920 remissio
2345 859 2572 939 perornan,

555 957 847 1031 resurrectionem
884 947 1021 1038 Christi
1053 969 1198 1042 prorsus
1229 947 1414 1018 'nerninem
1446 949 1543 1018 nasci
1596 948 1783 1040 imputatio
1812 947 2000 1038 itastieiae,
2036 946 2184 1032 donatio
2215 946 2379 1042 Spiritus
2408 953 2518 1025 sancti
2543 969 2574 1028 et

556 1083 640 1134 cum
667 1071 808 1152 peccato
834 1052 998 1143 originis.
1062 1049 1246 1122 Adversus
1269 1049 1349 1120 illas
1376 1049 1545 1122 fanaticas
1596 1052 1688 1124 vitae
1704 1064 1877 1122 aeternae.

557 1161 746 1255 opiniones
768 1157 940 1230 muniunt
964 1178 1029 1225 nos
1046 1151 1117 1222 loci
1131 1149 1227 1221 citati
1242 1174 1283 1220 er
1300 1150 1455 1227 loannes
1493 1153 1547 1222 Ac
1670 1238 1673 1248 ι
1702 1150 1826 1224 Gratia
1848 1174 1969 1224 sumus
1992 1150 2094 1236 iusti,
2123 1149 2250 1227 Gratia
2272 1166 2327 1224 cst
2353 1166 2475 1226 nostra
2496 1156 2577 1228 dile-

559 1264 642 1338 vide
657 1273 788 1358 quanta
803 1257 1002 1332 sitinsania
1017 1247 1375 1346 Anabaptistarum.'
1409 1254 1450 1327 Si
1466 1254 1549 1325 nul·
1599 1256 1668 1328 ctio
1699 1268 1785 1340 etc,
1835 1253 1930 1344 Ergo
1960 1267 2082 1326 nostra
2114 1255 2306 1326 dilectione
2339 1278 2465 1326 sumus
2495 1257 2581 1336 iusti.

547 1351 638 1440 'lum
651 1379 741 1436 esset
757 1377 936 1456 peecatum
950 1356 1110 1445 originis,
1135 1379 1261 1426 ornnes
1275 1351 1437 1428 homines
1451 1357 1550 1426 vive·
1599 1357 1813 1449 Respondes
1837 1357 1882 1426 ad
1912 1354 2104 1428 minorem:
2143 1353 2296 1432 Etiamsi
2326 1357 2509 1428 interdum
2537 1360 2581 1434 sic

561 1479 646 1542 rcrtt
668 1464 745 1536 sine
766 1479 906 1559 peccato
931 1474 968 1530 et
991 1459 1068 1528 sine
1093 1471 1217 1529 morte.
1269 1457 1378 1547 Quod
1400 1484 1480 1530 cum
1507 1459 1553 1529 sit
1600 1460 1772 1550 accipitur
1798 1459 2009 1530 vocabulum
2032 1457 2182 1548 gratiae,
2212 1472 2336 1531 tamen
2357 1460 2396 1529 id
2419 1457 2460 1532 fit
2477 1485 2582 1532 aura·

563 1566 749 1642 manifeste
779 1566 936 1644 falsum,
978 1583 1115 1632 necesse
1144 1573 1195 1632 est
1224 1583 1364 1634 causam
1395 1585 1552 1648 manere,
1598 1565 1823 1658 χρηστικῶς,
1847 1556 2221 1652 :adsignificatgratia
2239 1561 2487 1646 remissionem
2510 1587 2582 1657 pec·

565 1671 699 1746 scilicet
717 1679 897 1762 peccatum
913 1663 1074 1753 originis.
1306 1667 1311 1676 '
1603 1678 1770 1736 catorum.

670 1769 793 1842 Tertia
815 1766 1069 1839 dissimilitudo
1099 1777 1152 1834 est
1174 1765 1363 1854 diligenter
1388 1764 1553 1836 conside·
1705 1763 1847 1836 lusticia
1864 1787 1985 1836 sumus
2001 1764 2105 1850 iusti,
2131 1762 2274 1841 Iusticia
2292 1779 2348 1837 est
2366 1780 2487 1839 nostra
2503 1789 2582 1858 qua·

568 1874 700 1957 reuda,
724 1893 831 1966 mam
848 1880 882 1939 et
897 1861 957 1938 hir
971 1865 1011 1937 in
1030 1881 1126 1938 textu
1142 1864 1275 1940 Paulus
1292 1881 1417 1940 tractat
1431 1883 1466 1940 ct
1480 1893 1555 1938 am·
1604 1869 1703 1952 litas,
1742 1865 1837 1957 Ergo
1869 1880 1989 1952 nostra
2017 1868 2332 1960 qualitatesumus
2355 1866 2454 1940 iusti.
2516 1865 2582 1940 lie·

568 1975 719 2070 plilicat:
740 1969 869 2044 Gratia
882 1982 1024 2062 superat
1040 1982 1231 2062 peccatum.
1282 1967 1386 2042 Hanc
1401 1970 1556 2040 dissimi-
1605 1971 1761 2061 spondeo
1784 1971 1827 2038 ad
1854 1970 2043 2040 minorem:
2072 1966 2215 2042 lustitia
2243 1971 2282 2040 in
2301 1968 2360 2041 hir
2383 1970 2582 2063 disputatio-

567 2076 759 2150 litudinem
793 2073 981 2168 praecipue
1014 2084 1154 2163 oportet
1185 2072 1371 2144 inculcari:
1411 2073 1495 2164 qnia
1527 2071 1556 2142 si
1606 2074 1734 2156 nibus,
1766 2070 1940 2161 significat
1961 2071 2257 2166 acceptationem,
2291 2086 2329 2154 et
2351 2072 2486 2144 iustum
2508 2093 2583 2160 csse,

569 2202 694 2276 parem
709 2176 782 2246 vim
798 2171 969 2247 habereut
985 2189 1164 2266 peccatum
1181 2187 1220 2244 etx
1228 2175 1351 2264 gratia,
1377 2173 1557 2269 quomodo
1607 2189 1658 2248 est
1675 2197 1749 2246 esse
1764 2187 1958 2265 acceptum.

489 2349 494 2354 .
571 2280 685 2376 gratia
710 2280 886 2364 salvaret:
906 2276 1110 2367 praesertim
1132 2299 1212 2344 curn
1240 2291 1421 2367 peccatum
1448 2273 1559 2366 magis
1711 2273 1854 2347 iusticia
1877 2289 1929 2347 est
1950 2276 1990 2345 iu
2011 2276 2214 2359 voluntate,
2239 2275 2349 2350 Fides
2363 2289 2417 2350 est
2438 2276 2474 2347 in
2489 2277 2582 2348 intel·

572 2381 769 2456 sentiatur:
809 2378 861 2451 Ita
891 2377 1101 2449 beneficium
1130 2373 1318 2470 Evangelii
1341 2373 1434 2450 nihil
1460 2391 1559 2460 esset,
1609 2380 1722 2468 lectu,
1747 2374 1845 2467 Ergo
1869 2377 1939 2446 lide
1966 2400 2039 2449 non
2064 2401 2252 2472 possumus
2273 2403 2352 2451 esse
2376 2381 2472 2454 iusti.
2519 2378 2583 2452 lie·

573 2484 674 2558 nulla
689 2496 780 2554 esset
793 2482 895 2553 lirma
911 2480 1120 2552 consolatio.
1608 2483 1785 2575 spondeo:
1812 2478 1954 2550 lustitia
1971 2503 2059 2572 quae
2076 2494 2129 2552 est
2142 2494 2264 2555 nostra
2288 2482 2459 2576 qualitas,
2485 2496 2532 2553 est
2550 2482 2582 2552 in

679 2583 800 2676 Quare
814 2579 900 2653 haec
914 2582 1169 2653 dissimilitudo
1193 2582 1403 2655 illustranda
1426 2594 1495 2664 est,
1521 2595 1561 2653 ut
1611 2584 1804 2657 voluntate.
1861 2580 2110 2668 Sediusticia,
2136 2583 2266 2668 idest,
2300 2584 2511 2674 acceptatio,
2540 2597 2582 2655 est

575 2703 697 2784 postea
719 2683 972 2770 lacitPaulus,
1006 2681 1115 2774 Quod
1143 2685 1256 2774 gratia
1276 2700 1418 2778 superat
1440 2709 1562 2778 pecca·
1611 2686 1754 2766 relatio,
1780 2707 1853 2753 nun
1869 2707 1958 2776 quae
1975 2679 2149 2754 haeretin
2169 2683 2306 2780 aliquo.
2357 2685 2499 2758 Deinde
2511 2687 2581 2756 ides

576 2805 666 2866 tum.
716 2786 869 2883 Superat
886 2803 1004 2857 autem
1028 2786 1237 2878 dupliciter,
1269 2802 1304 2860 et
1330 2789 1564 2880 imputatione
1612 2804 1785 2880 quatenns
1808 2799 1861 2856 est
1884 2786 2046 2857 voluntas
2070 2785 2265 2878 accipiens,
2292 2811 2370 2858 nou
2393 2801 2446 2859 est
2461 2801 2582 2860 tantum

578 2905 614 2964 et
638 2891 776 2964 effectu.
826 2883 1067 2985 imputatione
1092 2903 1252 2980 superat,
1286 2891 1369 2983 quia
1389 2912 1468 2974 eos,
1502 2889 1563 2983 qui
1613 2892 1649 2960 in
1667 2888 1869 2971 intellectu,
1894 2889 1953 2956 sed
1971 2887 2414 2968 estetiaminroluntate.

578 2988 849 3087 apprehendunt
859 2991 1019 3080 gratiam,
1032 2989 1128 3062 Deus
1137 3006 1277 3080 reputat
1289 2993 1411 3080 iustos,
1426 2991 1563 3062 etiamsi
1712 2987 1828 3080 Vulgo
1843 2989 1992 3079 gratiam
2006 2989 2211 3082 intelligunt
2223 2986 2432 3064 scholastici
2446 2993 2589 3064 doctores

579 3095 696 3187 reipsa
719 3089 835 3165 adhuc
857 3088 990 3164 hahent
1024 3091 1192 3185 reliquias
1216 3097 1359 3184 peccati.
1423 3093 1565 3166 Deinde
1613 3094 1724 3184 ipsam
1742 3090 1946 3186 qualitatem
1966 3091 2003 3162 iu
2022 3093 2144 3178 nobis,
2178 3108 2212 3166 et
2236 3107 2373 3166 vocant
2389 3090 2587 3166 charitatem.

579 3198 686 3270 etiam
701 3195 828 3267 effectu
842 3208 994 3285 superat,
1008 3192 1091 3288 quia
1107 3195 1146 3263 in
1164 3194 1236 3288 illis
1249 3196 1346 3286 ipsis,
1361 3221 1564 3292 quanquam
1614 3195 1751 3266 Deinde
1773 3196 1916 3288 quando
1934 3194 2085 3281 dicitur,
2109 3191 2344 3270 Sumus'iusrt
2368 3195 2586 3292 pergratiam,

581 3298 745 3384 infirmis,
771 3309 890 3368 tamen
904 3296 1059 3392 existunt
1072 3297 1158 3367 novi
1172 3311 1300 3384 motus,
1318 3301 1381 3392 qui
1398 3302 1568 3374 resistunt
1614 3299 1854 3388 imaginantur
1869 3291 2033 3368 homines
2048 3298 2159 3370 iustos
2173 3321 2247 3370 csse
2262 3316 2414 3392 propter
2425 3298 2586 3396 propriam

580 3413 735 3497 peccato.
794 3396 902 3485 ltem,
935 3398 990 3468 illi
1005 3399 1091 3491 ipsi,
1112 3422 1316 3494 quanquam
1342 3403 1382 3470 in
1407 3397 1473 3475 hac
1496 3402 1567 3474 vita
1615 3401 1837 3495 qualitatem,
1864 3399 2006 3470 scilicet·
2019 3415 2163 3493 propter
2183 3395 2415 3493 charitatem,
2448 3398 2511 3475 hoc
2534 3414 2587 3484 est,

581 3498 701 3575 adhuc
727 3502 874 3573 luerunt
901 3501 1059 3587 inlirmi,
1092 3516 1211 3576 tamen
1243 3506 1497 3578 resuscitantur
1523 3505 1566 3577 ad
1616 3528 1745 3574 novam
1771 3502 2032 3573 obedientiam..
2075 3499 2128 3575 lta
2154 3528 2228 3574 non
2252 3508 2385 3577 docent
2407 3499 2586 3599 apprehen·

582 3605 693 3677 vitam
715 3617 908 3678 aeternam.
959 3600 1057 3673 Haec
1079 3604 1161 3674 sciri
1185 3629 1326 3677 necesse
1350 3621 1420 3687 est,
1444 3620 1485 3678 ut
1507 3610 1570 3678 be-
1616 3608 1700 3676 dere
1729 3605 1963 3676 mediatorem
1985 3599 2189 3690 Christum,
2223 3622 2256 3679 et
2279 3608 2491 3703 relinquunt
2515 3626 2586 3677 con-

581 3702 749 3779 ncficium
774 3700 911 3777 Christi
941 3704 1179 3797 intelligatur,
1218 3722 1254 3779 et
1284 3722 1445 3781 teneatur
1469 3710 1568 3781 firma
1616 3708 1779 3779 scientias
1802 3706 1940 3781 dubias.
1991 3704 2387 3801 Deniquesicdorere,
2411 3711 2585 3805 quodsen·
2625 3702 2626 3719 ¹

583 3807 791 3882 consolatio.
843 3802 896 3877 Ac
916 3804 1051 3877 Paulus
1072 3808 1148 3898 ipse
1167 3808 1491 3889 deiudctractatet
1510 3836 1569 3885 er·
1618 3811 1778 3881 tiendum
1800 3809 1865 3890 sit,
1906 3831 1972 3879 nos
2003 3833 2076 3880 esse
2107 3811 2217 3881 iustos
2247 3827 2396 3904 propter
2421 3808 2582 3905 propriam

582 3904 833 4001 aggerathanc
851 3908 1192 3982 dissimilitudinem.
1618 3910 1844 4007 qualitatem,
1877 3925 1929 3983 cst
1959 3912 2121 3985 doctrina
2145 3912 2250 4005 legis,
2291 3926 2326 3985 et
2358 3916 2470 3989 multa
2495 3909 2585 3983 habet

591 4008 627 4028 “’
1619 4012 1858 4087 incommoda.

1424 4199 1428 4214 Ι
1623 4138 1627 4145 ’
1738 4114 1823 4187 ideo
1854 4115 1964 4206 gratia
1995 4115 2215 4207 intelligatur
2243 4119 2411 4202 relative,
2451 4140 2512 4210 pro
2538 4134 2586 4181 ac·

687 4207 832 4304 Repetit
853 4211 1079 4283 collationem
1096 4214 1291 4303 perspicuis
1309 4216 1444 4289 verbis:
1472 4216 1572 4291 Sicut
1619 4218 1816 4310 reptatione
1846 4219 2021 4309 gratuita,
2061 4234 2101 4291 ut
2129 4219 2174 4291 sit
2203 4220 2320 4307 idem,
2362 4222 2490 4295 Sumus
2518 4210 2587 4283 iusti

587 4327 734 4409 propter
755 4313 1053 4385 uniusdelictum
1077 4313 1141 4381 alii
1163 4315 1245 4385 facti
1270 4331 1353 4388 sunt
1375 4319 1447 4403 rei,
1481 4320 1572 4393 itae
1621 4322 1884 4414 pergratiam,
1925 4323 2023 4415 quod
2057 4322 2170 4407 illud,
2211 4321 2344 4395 Sumus
2369 4321 2496 4415 accepti
2523 4314 2587 4383 Dt⁰

587 4416 733 4508 regione
754 4430 899 4509 propter
918 4418 1031 4485 unum
1049 4409 1232 4485 Christum
1254 4418 1315 4487 alii
1338 4422 1573 4495 reconcilian-
1621 4445 1686 4492 nos
1716 4422 1823 4513 gratis
1858 4438 2004 4521 propter
2032 4420 2216 4497 Christum
2250 4440 2476 4521 acceptante,
2505 4421 2586 4489 iuslt

589 4532 648 4589 tur
664 4515 759 4602 Deo,
784 4532 819 4589 et
834 4517 924 4587 fiunt
946 4516 1077 4605 accepti
1096 4513 1185 4587 Deo.
1218 4516 1315 4589 Haec
1335 4523 1477 4595 collatio
1493 4550 1573 4614 per·
1620 4524 1910 4617 promissionem,
1951 4524 1989 4593 in
2016 4550 2085 4620 qua
2112 4520 2199 4596 haec'
2219 4529 2350 4617 gratia,
2383 4530 2419 4597 id
2444 4536 2510 4602 est,
2538 4540 2586 4586 tt·

587 4620 709 4714 spicue
723 4618 891 4702 ostendit,
916 4641 982 4687 nos
999 4642 1073 4687 non
1088 4633 1210 4691 nostro
1225 4622 1364 4704 merito,
1377 4627 1439 4695 sed
1455 4626 1573 4699 alieno
1622 4627 1785 4718 captatio,
1800 4623 1979 4719 proposita
1996 4642 2056 4701 est.
2090 4626 2137 4697 Et
2151 4630 2366 4702 conscicntia
2391 4636 2514 4699 statuat
2533 4636 2587 4687 οῦδ

588 4722 811 4793 reconciliari
828 4717 903 4790 Deo
925 4732 1232 4809 eltcceptosetse.
1479 4730 1484 4752 ¹
1622 4730 1751 4815 iustos,
1792 4731 1827 4799 id
1853 4740 1922 4814 est,
1962 4742 2122 4821 acceptos
2145 4752 2220 4801 esse
2246 4748 2392 4824 propter
2410 4726 2585 4802 Christum.

688 4820 760 4895 llic
776 4819 909 4893 Paulus
923 4822 995 4892 duo
1014 4821 1219 4912 coniungit,
1244 4822 1427 4914 Gratiam,
1453 4843 1488 4901 ct
1508 4830 1574 4899 tlo-
1623 4856 1688 4901 nec
1704 4832 1901 4903 intuebitur
1916 4832 2097 4922 propriam
2116 4832 2345 4921 dignitatem,
2371 4833 2430 4903 sed
2455 4826 2586 4899 verbum

589 4948 677 4996 num
693 4949 755 5015 per
768 4924 929 5013 gratiam.
982 4917 1108 4993 Gratia
1123 4925 1297 5016 significat
1311 4932 1500 5019 gratuitam
1517 4956 1575 5003 ac-
1624 4957 1684 5002 seu
1705 4933 1997 5025 promissionem,
2029 4946 2065 5005 et
2087 4933 2183 5005 iuxta
2209 4929 2302 5006 hanc'
2324 4948 2452 5007 statuet
2471 4933 2512 4998 de
2532 4944 2585 4989 ιθ·

591 5025 825 5119 captationem
848 5037 993 5115 propter
1017 5019 1221 5115 Christum,
1254 5024 1322 5101 hoc
1344 5047 1413 5117 est,
1448 5036 1574 5105 remis·
1623 5035 1760 5107 luntatc
1775 5033 1841 5107 Dei
1864 5056 1944 5123 erga
1968 5058 2053 5121 nos,
2078 5050 2183 5130 atque
2204 5035 2253 5107 ita
2272 5030 2507 5129 apprehendet
2528 5022 2586 5093 fide

590 5127 725 5197 sionem
747 5140 970 5219 peccatorum
994 5127 1211 5223 gratuitam,
1242 5146 1277 5203 et
1302 5134 1573 5227 imputationem
1622 5133 1804 5207 Christum
1829 5136 2072 5212 mediatorem.
2145 5138 2227 5209 Hoc
2251 5162 2332 5210 cum
2357 5140 2412 5222 lit,
2447 5137 2585 5205 donatur

589 5226 748 5300 iusticias
775 5225 964 5319 gratuitam
993 5240 1139 5321 propter
1168 5224 1362 5305 Christum.
1427 5234 1574 5309 Donum
1623 5236 1779 5333 Spiritus
1793 5252 1953 5319 sanctus,
1979 5252 2013 5311 et
2027 5240 2119 5313 liunt
2136 5240 2175 5311 in
2190 5240 2297 5311 uobis
2312 5239 2396 5313 novi
2412 5249 2531 5307 motus·

586 5354 652 5423 per
673 5329 820 5421 gratiam
841 5328 1015 5417 significat
1037 5330 1266 5403 donationem
1283 5335 1439 5426 Spiritus
1461 5340 1573 5413 sancti
1725 5338 1938 5412 Retiueatur
1957 5363 2039 5432 ergo
2057 5356 2233 5437 utrunqe,
2259 5356 2293 5413 ct
2309 5342 2408 5437 quod
2431 5336 2502 5409 lieri
2527 5348 2583 5397 1¹⁰·

588 5444 625 5503 et
638 5432 730 5502 vitae
746 5443 916 5503 aeternae.
961 5428 1052 5528 Nam
1064 5433 1105 5503 in
1121 5434 1329 5509 remissione
1351 5455 1572 5531 peccatorum
1622 5464 1687 5513 vos
1703 5457 1822 5514 motus
1838 5443 1877 5511 in
1893 5443 1999 5513 nohis
2014 5458 2172 5535 oportet,
2197 5458 2232 5520 et
2256 5448 2351 5539 quud
2373 5452 2488 5514 tamen
2510 5450 2584 5501 eon·

587 5528 822 5623 Evangelium
837 5528 943 5600 simul
958 5527 1062 5605 offert
1076 5534 1250 5628 Spiritum
1266 5554 1440 5622 sanctum,
1467 5568 1572 5638 quem
1620 5546 1766 5619 scientia
1782 5543 1909 5615 debeat
1924 5559 2021 5617 extra
2036 5570 2101 5616 nos
2114 5547 2248 5617 intueri
2263 5546 2485 5617 mediatorem
2492 5526 2583 5641 Chri·-

588 5636 731 5727 quidem
749 5634 818 5701 lide
839 5632 1048 5722 accipimus,
1073 5660 1153 5711 eum
1174 5641 1281 5714 corda
1308 5642 1513 5733 eriguntur,
1539 5659 1574 5719 et
1620 5660 1736 5729 stum,
1761 5661 1796 5719 et
1810 5659 1973 5732 statuere,
1990 5650 2088 5739 quud
2104 5660 2250 5739 propter
2261 5648 2366 5721 illum
2381 5645 2488 5716 simus
2501 5636 2581 5705 iutlt

586 5734 792 5825 concipiunt
814 5733 1091 5809 consolationem
1122 5763 1185 5831 per
1210 5744 1371 5817 verbum.
1450 5744 1572 5841 Atque
1619 5748 1746 5835 idest,
1770 5748 1921 5841 accepti,
1944 5761 1979 5821 et
2003 5744 2145 5821 horest
2168 5748 2287 5821 dicore
2310 5744 2469 5821 homines
2483 5738 2579 5844 iurtps

571 5830 654 5944 ‘hoc
670 5850 722 5911 est
738 5835 948 5910 beneficium
968 5839 1056 5911 novi
1070 5844 1269 5919 testamenti
1292 5868 1354 5920 :eu
1368 5842 1570 5954 Evangelii,
1618 5872 1693 5925 esse
1719 5850 1975 5949 pergratiam,
2008 5850 2195 5947 videlicet,
2218 5853 2317 5951 quod
2341 5826 2576 5927 siutiusti.ld

847 4071 896 4147 Si
916 4072 1011 4147 enim
1034 4073 1145 4147 unius
1165 4072 1308 4152 delicto.
