5825 6950
564 722 644 803 607
1173 703 1301 781 rastra
1328 700 1447 780 amr.
1471 701 1681 782 sctttPTA
1709 693 2011 780 EXEGEthA.
2510 713 2560 792 ωδ

564 906 745 990 manare
775 886 966 983 perlectam
994 880 1267 970 obedient-iam,
1310 879 1368 949 lex
1399 877 1565 951 ostendit
1617 880 1815 968 luntatem,
1847 878 2012 951 videlicet
2028 881 2144 956 Deum
2165 878 2355 954 missurum
2376 905 2444 954 esse
2463 883 2560 962 Filium

567 1002 658 1069 iram
682 993 751 1066 Dei
770 995 939 1063 adversus
958 1003 1159 1078 peccatum„
1199 997 1338 1053 accusat
1359 994 1395 1052 ct
1417 983 1566 1054 damnat
1618 1007 1745 1076 sunm,
1770 991 1811 1054 ot
1833 981 1895 1053 liat
1917 983 2060 1054 victima
2084 1008 2150 1077 pro
2169 980 2344 1075 Ecclesia,
2377 983 2480 1058 Deum
2500 993 2562 1065 vella
2618 981 2620 1018 ¹

570 1119 700 1169 omnes
714 1092 878 1166 hominu
896 1102 1031 1182 praeter
1045 1081 1249 1173 Christum,
1275 1085 1358 1178 qui,
1391 1083 1567 1178 utinquit
1618 1087 1727 1177 gratis
1750 1084 1930 1154 remittere
1956 1099 2106 1178 peccata.
2156 1083 2254 1157 Haec
2278 1087 2382 1178 longe
2402 1104 2487 1160 extra
2504 1117 2563 1162 con·
2619 1083 2620 1092 ¹

570 1203 725 1282 Paulus,
751 1194 922 1269 liberavit
939 1215 1008 1262 nos
1028 1213 1048 1258 a
1071 1187 1320 1258 maledictione
1333 1187 1435 1279 legis.
1504 1185 1567 1257 Li·
1618 1203 1778 1280 spectum
1793 1179 1972 1258 humanae
1991 1187 2139 1259 rationis
2161 1190 2273 1280 posita
2296 1205 2389 1266 sunt.
2437 1189 2508 1263 Ideo
2526 1197 2563 1265 di·
2617 1185 2620 1216 ¹

575 1303 713 1375 beravit
730 1313 848 1370 antem
871 1319 945 1366 non
968 1307 1106 1363 tantum
1133 1289 1282 1362 ludaeos
1306 1304 1365 1360 aut
1391 1302 1566 1376 caeteros,
1618 1291 1769 1382 ligantes
1799 1290 1954 1360 discerni
1983 1292 2115 1362 debent
2145 1292 2238 1364 dicta
2271 1292 2386 1383 legum
2412 1297 2564 1384 apennis·
2619 1285 2620 1288 ¹

571 1407 634 1502 qui
652 1416 731 1497 post
746 1402 878 1474 editam
896 1397 951 1466 rel
967 1394 1137 1468 abolitam
1151 1393 1264 1482 legem
1284 1387 1480 1464 Mosaicam
1496 1391 1567 1461 sal·
1619 1395 1721 1464 sione
1743 1393 1959 1484 evangelica.
2008 1388 2117 1483 Apud
2132 1389 2377 1488 Pbocylidem‚
2399 1393 2565 1485 Hesiodum,

573 1509 774 1586 vatisunt,
807 1500 998 1572 sedetiam
1026 1491 1405 1588 patresanteMoseu.
1470 1489 1567 1582 Ergo
1619 1509 1655 1567 et
1667 1496 1799 1565 similes
1813 1495 1980 1584 leguntur
1997 1496 2116 1590 aliqua
2130 1495 2369 1586 legumdicta.
2412 1497 2564 1570 Sedevrn.
2616 1487 2620 1568 ’ἶ

571 1609 627 1680 illi
652 1607 923 1678 etiamluerunt
943 1602 1010 1671 sub
1033 1600 1126 1687 lege,
1157 1591 1228 1666 boc
1252 1609 1324 1680 cst,
1357 1608 1441 1666 suut
1464 1619 1567 1666 accu-
1621 1595 1730 1688 gelica
1756 1598 1943 1688 promissio
1966 1599 2011 1666 de
2033 1599 2187 1688 gratuita
2218 1601 2439 1685 remissione,
2474 1603 2518 1670 vel
2535 1605 2564 1673 de
2614 1569 2620 1627 i

573 1710 640 1783 sati
656 1723 690 1781 et
703 1703 943 1802 perterrefacti
967 1701 1100 1773 indicio
1122 1701 1208 1790 legis
1230 1699 1419 1770 naturalis:
1452 1711 1488 1770 et
1507 1721 1569 1791 pa-
1618 1701 1693 1768 blio
1719 1696 1808 1786 Dei,
1840 1723 2017 1793 nusquam
2039 1701 2168 1789 legitur
2190 1702 2227 1769 in
2254 1695 2331 1787 bis,
2372 1703 2432 1796 qui
2455 1704 2564 1774 rationis
2615 1690 2620 1696 ’

574 1814 740 1897 riissent,
767 1809 837 1879 nisi
860 1806 1058 1877 tenuissent
1079 1803 1331 1894 promissiones
1349 1796 1567 1900 derristo,
1619 1802 1793 1872 iudicium
1821 1825 1881 1872 seu
1899 1803 2020 1873 lumen
2036 1816 2184 1874 naturae
2205 1797 2563 1876 bumanaetantumse·
2613 1793 2620 1829 '³

573 1929 721 2010 propter
744 1934 848 2008 qoem
871 1909 1031 2006 sciebant
1054 1905 1261 1996 promissam
1286 1925 1360 1973 esse
1383 1903 1568 1974 liberatio-
1619 1905 1834 1998 quebantur,
1886 1903 1963 1975 lmo
1986 1929 2066 1975 cnm
2085 1907 2258 1998 quaedam
2280 1907 2409 1983 noticia
2431 1907 2504 1995 legis
2520 1931 2564 1976 ne

573 2043 657 2094 uem
686 2025 869 2108 apeccato
889 2023 925 2080 et
950 2033 969 2078 a
997 2022 1121 2080 morte.
1172 2005 1308 2078 Rident
1326 2002 1485 2076 fortassis
1500 2000 1568 2075 ho·
1619 2009 1757 2078 biscum
1776 2020 1962 2089 nascatur,
1989 2009 2180 2100 mensipsa
2203 2009 2564 2100 innobisaccusatpcr·
2612 2029 2620 2094 j

575 2121 691 2189 mines
716 2114 852 2210 politici
872 2109 1079 2198 baec,eum
1098 2109 1249 2179 dicimus
1271 2109 1381 2198 legem
1407 2108 1566 2176 divinam
1619 2125 1716 2189 cata,
1742 2109 2090 2200 necaliudcogitat‚
2119 2111 2187 2178 nisi
2203 2107 2320 2180 Deum
2345 2111 2563 2202 prruireetab
2619 2096 2620 2134 ³

573 2222 732 2312 flflssllffl
764 2217 953 2310 perficiam
985 2212 1245 2294 ⁰b²dl²⁰li³¹¹¹¹s
1284 2211 1465 2279 neminem
1499 2211 1567 2298 lt‘gl
1620 2211 1726 2281 licere
1751 2209 1919 2280 iniustos:
1962 2207 2030 2282 hoc
2053 2226 2105 2284 est
2128 2213 2223 2282 enim
2241 2211 2330 2302 legis
2349 2214 2520 2302 iudicium,
2539 2239 2564 2282 ac
2619 2203 2620 2235 ³

573 2324 720 2394 divinae
735 2321 933 2390 satisfacere
948 2335 1067 2407 posse,
1089 2314 1172 2406 qrria
1197 2315 1236 2382 in
1258 2325 1385 2384 natura
1409 2307 1568 2382 bominis
1618 2313 1713 2384 iuxta
1730 2313 1840 2402 legem
1859 2327 2062 2390 verumest.
2115 2313 2185 2386 Sed
2201 2314 2340 2405 ingenti
2359 2315 2564 2396 ,certamiuein
2619 2329 2620 2336 ’

574 2423 752 2517 ignoratio
769 2433 805 2492 et
818 2432 1017 2489 contemtus
1035 2416 1102 2487 Dei
1113 2411 1274 2498 haerent,
1295 2415 1465 2485 videntur
1481 2409 1568 2484 haec
1620 2415 1838 2508 poenitentia
1861 2417 1940 2486 soci
1961 2417 2065 2508 legis,
2092 2430 2126 2487 et
2150 2418 2307 2488 naturali
2329 2418 2456 2488 iudicio
2475 2431 2562 2486 norm

574 2516 942 2620 in'eptanilo‘sopbis
960 2535 994 2590 et
1017 2512 1565 2589 bumauomoreiudicautibus:
1618 2515 1751 2610 opponi
1786 2517 1891 2587 debet
1924 2518 2111 2610 promissio
2144 2521 2298 2609 gratuita
2337 2519 2563 2601 misericordiae,

575 2631 637 2700 sed
662 2624 730 2698 boc
750 2628 867 2718 ipsum
889 2635 998 2713 agunt
1012 2615 1213 2713 Prophetae
1233 2631 1268 2689 ct
1297 2614 1479 2710 Apostoli,
1503 2642 1568 2691 vo·
1618 2620 1846 2690 anteferenda
1862 2621 1948 2710 legi,
1974 2622 2057 2714 quia
2071 2616 2236 2693 Christus
2252 2623 2383 2694 liberat
2397 2647 2415 2692 e
2428 2623 2497 2712 lege.
2529 2617 2561 2690 Ut

573 2731 657 2802 lunt
689 2726 852 2798 homines
879 2743 1069 2817 agnoscere
1104 2721 1391 2812 magnitudinem
1425 2720 1567 2815 peccati,
1618 2745 1699 2790 cum
1729 2717 1847 2791 Adam
1877 2721 1997 2814 lapsus
2025 2738 2133 2808 esset,
2172 2738 2205 2795 et
2233 2739 2467 2804 accusaretur,
2494 2717 2558 2791 nibil

574 2834 673 2930 qnod
705 2846 779 2899 non
807 2850 889 2899 vere
924 2838 1121 2917 agnoscunt
1153 2838 1189 2896 ct
1220 2823 1420 2914 glorificant
1438 2821 1567 2904 Deum,
1619 2823 1718 2895 aliud
1744 2823 1902 2894 iudicare
1929 2825 2063 2916 potuit,
2098 2827 2168 2896 nisi
2193 2829 2290 2918 qnod
2319 2828 2373 2898 lex
2393 2825 2562 2902 ostendebat,
2618 2873 2620 2914 3

574 2939 705 3006 docent
733 2925 802 3001 boc
830 2942 1013 3024 peccatum
1054 2949 1129 2996 csse
1160 2949 1300 2996 eausam
1334 2927 1567 2996 maximarum
1618 2947 1655 2996 se
1676 2925 1872 3017 peritumm
1895 2948 1989 3012 esse,
2022 2928 2106 3022 quia
2127 2953 2204 2999 non
2227 2931 2489 3022 obtemperasset
2503 2925 2563 3000 [leo.
2611 2937 2620 3021 ,ρ

573 3030 1148 3113 aerumnarumetcalamitatum‚
1174 3021 1405 3122 quibuslsaec
1423 3028 1565 3096 infirma
1618 3026 1688 3099 Sed
1716 3027 1838 3119 prodit
1865 3029 1992 3114 Deus,
2033 3045 2067 3100 et
2089 3053 2295 3126 quanquam
2327 3033 2461 3104 subiicit
2484 3049 2563 3119 gmus
2612 3043 2620 3117 ,'‘

574 3152 702 3209 natura
720 3155 886 3226 oppressa
902 3146 972 3217 est,
998 3143 1033 3202 et
1049 3150 1218 3225 quaerere
1234 3154 1352 3200 veram
1377 3131 1567 3211 iusticiam,
1618 3126 1815 3200 humanum
1858 3132 1965 3202 morti
2005 3133 2163 3226 corporis
2205 3146 2240 3203 et
2285 3135 2429 3206 caeteris
2461 3151 2562 3200 aaron·
2613 3130 2614 3134 ’

575 3255 612 3312 et
633 3239 880 3323 liberationem
907 3257 927 3306 a
950 3246 1093 3326 peccato
1114 3255 1155 3304 ac
1179 3254 1199 3302 a
1221 3246 1356 3312 morte,
1383 3256 1445 3324 per
1458 3227 1566 3303 Chri·
1618 3231 1699 3316 nis,
1740 3245 1857 3302 tamen
1881 3237 2051 3326 proponit
2078 3235 2383 3325 consolationem,
2419 3234 2564 3337 pollicetur
2619 3217 2620 3254 ³

574 3357 667 3413 stum
683 3342 862 3410 donatam.
913 3335 1059 3407 Caetera
1076 3336 1120 3403 de
1139 3337 1231 3424 lege,
1263 3335 1412 3404 studiosi
1432 3335 1494 3427 qni
1511 3332 1567 3404 di·
1619 3335 1866 3405 liberationem
1901 3352 2086 3428 apeccato
2118 3351 2153 3408 et
2177 3354 2315 3422 morte,
2351 3365 2390 3410 ac
2413 3333 2563 3408 restitutio
2611 3358 2612 3417 j

572 3443 696 3517 scendi
717 3463 821 3513 cause
844 3436 1081 3511 haec‘lecturi
1104 3451 1206 3520 sunt,
1236 3450 1378 3507 sumant
1404 3435 1567 3507 erLocis
1618 3459 1701 3507 nem
1729 3437 1869 3527 generis
1900 3434 2062 3517 bomani.
2129 3439 2192 3513 Ait
2220 3442 2316 3511 enirn
2345 3443 2435 3521 iore,
2474 3450 2507 3509 ut
2528 3456 2562 3503 se

562 3544 857 3624 *communibus
891 3564 979 3636 quos
1000 3540 1108 3630 ‘slidi-
1165 3536 1399 3628 Evangeliom
1423 3538 1567 3629 praedi·
1617 3562 1699 3609 men
1721 3541 1881 3610 mulieris
1896 3556 2056 3613 conterat
2075 3557 2178 3634 caput
2195 3546 2381 3635 serpentis.
2428 3542 2564 3614 Haceocr
2611 3528 2620 3561 '³

574 3660 632 3719 eat
649 3646 905 3739 poenitentiam
919 3657 954 3713 et
968 3641 1240 3733 promissionem
1256 3642 1387 3729 gratiae
1412 3664 1452 3709 ac
1474 3640 1567 3711 vitae
1618 3641 1738 3727 dicta,
1779 3640 1875 3714 filius
1906 3640 1974 3713 Dei
2006 3645 2119 3716 movit
2146 3668 2208 3716 eor
2239 3642 2369 3734 Adae,
2405 3659 2438 3716 et
2471 3662 2564 3711 norm
2610 3682 2611 3687 κ

576 3763 750 3823 aeternae.
800 3742 1001 3837 Diligenter
1016 3743 1261 3831 autemalege
1282 3742 1436 3811 discerni
1461 3742 1566 3811 debet
1617 3742 1670 3811 illi
1702 3744 1816 3814 lucem
1839 3766 1881 3815 ae
1904 3745 2014 3817 vitam
2043 3747 2186 3824 indidit.
2253 3750 2364 3821 Tune
2390 3748 2477 3817 enirn
2500 3743 2565 3811 filius
2619 3744 2620 3751 ³

576 3850 780 3945 promissio.
845 3842 892 3919 Et
915 3867 1117 3942 quanquam
1148 3844 1204 3913 lex
1227 3841 1335 3915 babet
1356 3865 1436 3913 suas
1460 3866 1566 3937 quas·
1618 3842 1686 3917 Dei
1720 3846 1931 3919 constitutos
1960 3863 2012 3920 est
2045 3862 2188 3942 custos,
2223 3852 2435 3941 gubernator
2464 3863 2493 3920 et
2514 3866 2564 3913 scr.
2619 3864 2620 3939 ᾗ

577 3958 662 4026 dam
676 3952 948 4045 promissiones,
973 3960 1092 4019 tamen
1109 3959 1143 4017 et
1159 3947 1241 4016 illae
1257 3946 1430 4017 differunt
1445 3968 1465 4017 a
1482 3969 1565 4038 pro·
1618 3960 1720 4018 vator
1761 3942 1965 4033 Ecclesiae,
2005 3948 2092 4025 tnnc
2130 3954 2331 4043 belligerari
2371 3952 2477 4038 coepit
2508 3968 2561 4015 con

577 4056 766 4139 missione,
793 4064 957 4146 quaeest
979 4049 1125 4143 propria
1148 4042 1345 4138 Evangelii.
1411 4043 1459 4119 Et
1482 4073 1566 4139 pro·
1618 4050 1773 4120 diabolo.
1830 4050 1877 4121 Et
1902 4065 1943 4122 ut
1972 4054 2137 4125 diabolus
2158 4057 2305 4125 immani
2336 4056 2471 4126 saevitia
2497 4068 2563 4139 grae

577 4156 766 4229 missiones
789 4154 876 4245 legis
900 4153 1089 4246 requirunt
1118 4150 1361 4221 conditionem
1394 4151 1567 4236 perlectae
1619 4165 1716 4222 satur
1747 4152 1786 4220 in
1818 4158 1928 4243 genus
1953 4150 2169 4243 humanum,
2209 4160 2326 4247 perdit
2348 4158 2562 4248 plurimes
2612 4154 2620 4173 ”

578 4259 815 4342 obedientiae,
837 4267 877 4326 nt
892 4254 929 4323 in
947 4254 1061 4345 primo
1077 4265 1260 4347 praecepto
1277 4253 1424 4325 dicitnr:
1451 4250 1582 4339 Bene„
1619 4253 1703 4323 odio
1719 4250 1787 4324 Ilei
1813 4256 2000 4347 praecipue
2023 4274 2173 4329 conatur
2198 4260 2317 4331 delere
2336 4256 2563 4337 Ecclesian,et

578 4362 707 4431 sariam
731 4358 960 4449 diligentibus
980 4380 1047 4426 me.
1098 4349 1168 4427 Sed
1194 4356 1395 4446 evangelica
1413 4356 1568 4447 promis·
1619 4356 1783 4425 calcaneo
1821 4372 1944 4428 nostro
1983 4374 2177 4431 venenatos
2215 4364 2338 4433 dentes
2376 4360 2503 4451 infigit,
2536 4364 2563 4421 ut

457 4527 461 4533 .
581 4465 635 4534 sio
655 4464 700 4533 de
721 4461 928 4532 remissione
950 4472 1197 4551 peccatorum,
1230 4458 1498 4544 iustificatione,
1532 4469 1568 4528 et
1619 4479 1721 4548 saepe
1743 4459 1963 4548 experimur,
1987 4462 2037 4531 ita
2061 4484 2184 4533 rursus
2208 4464 2301 4534 fitius
2322 4460 2388 4533 Dei
2410 4462 2563 4532 efficeres
2609 4498 2613 4611 {

2609 4730 2614 4774 ι

580 4566 774 4637 donatione
802 4564 896 4633 vitae
924 4575 1107 4651 anonae,
1148 4572 1200 4630 est
1228 4560 1407 4650 gratuita,
1447 4560 1567 4631 oblata
1620 4558 1921 4645 incredentibus,
1948 4575 1981 4632 et
2006 4566 2170 4655 reprimit
2191 4566 2327 4637 diaboli
2348 4566 2505 4639 furorem,
2526 4578 2562 4625 rc·

564 4678 728 4760 propter
757 4661 960 4748 Christum,
999 4663 1076 4731 sine
1111 4662 1318 4733 conditione
1357 4661 1567 4731 meritorum
1620 4658 1734 4730 stituit
1750 4674 1783 4731 et
1800 4662 1927 4734 liberat
1943 4662 2105 4740 Sanctos.
2156 4664 2238 4736 Non
2257 4668 2352 4737 videt
2368 4666 2505 4737 mundus
2517 4656 2562 4727 boc
2613 4664 2614 4723 i

582 4765 1231 4855 nostrorumsendigoitatisuostrae.
1282 4762 1390 4833 Nulla
1407 4787 1475 4833 vox
1499 4757 1568 4832 bu·
1620 4775 1816 4850 certamen,
1849 4766 1909 4834 sed
1932 4766 2168 4856 plurimorum
2192 4764 2362 4839 horrendi
2388 4770 2512 4856 lapsos,
2541 4769 2562 4824 tt
2610 4779 2615 4808 ¹

582 4892 690 4941 mana
711 4868 832 4962 eloqui
853 4880 969 4960 potest
995 4867 1277 4956 magnitudinem
1305 4859 1412 4934 buius
1435 4864 1568 4934 benefi-
1620 4864 1842 4936 tristissimae
1855 4890 1896 4937 ac
1910 4869 2061 4957 tragicae
2075 4872 2309 4956 calamitates,
2334 4884 2367 4941 et
2382 4862 2563 4951 deindeglo
2610 4870 2617 5027 ⁴

454 5014 458 5017 -
582 4972 650 5057 cii,
681 4972 778 5065 quod
801 4968 898 5039 Deus
925 4990 989 5061 per
1007 4970 1121 5040 lilium
1145 4990 1250 5038 suum
1272 4966 1470 5038 Dominum
1499 4988 1569 5037 no·
1618 4966 1733 5036 riosae
1747 4966 1997 5055 liberationes,
2022 4986 2062 5043 nt
2077 4971 2225 5044 Davidis
2240 4986 2273 5044 et
2288 4973 2451 5054 aliorum,
2474 4980 2562 5036 osten·
2613 5034 2617 5059 ε

582 5087 694 5145 strum
712 5070 827 5142 lesum
843 5066 1025 5143 Christum
1047 5071 1151 5141 nobis
1174 5068 1348 5158 impertit,
1372 5066 1507 5139 scilicet
1526 5081 1568 5139 ut
1619 5067 1710 5139 dunt
1730 5072 1835 5163 qoale
1857 5071 1903 5140 sit
1928 5067 1996 5143 hoc
2020 5090 2210 5148 certamen.
2260 5074 2334 5146 Nee
2355 5062 2563 5157 aliudsignlfi·
2616 5094 2618 5131 a

582 5175 699 5246 deleto
721 5188 882 5266 peccato,
919 5182 953 5246 et
980 5174 1112 5244 abolita
1134 5186 1264 5254 morte,
1299 5172 1462 5240 fruamur
1481 5192 1567 5241 con-
1618 5182 1699 5239 cant
1714 5172 1819 5241 verba
1836 5175 1876 5241 in
1894 5170 2043 5244 Genesi:
2073 5174 2201 5247 Samen
2224 5190 2380 5250 conteret
2400 5186 2494 5266 eaput
2510 5186 2562 5237 ser-

583 5288 705 5367 spectn
728 5272 796 5346 Dei
827 5277 864 5345 in
894 5288 1037 5346 aeterna
1068 5276 1159 5356 vita,
1191 5271 1329 5342 iusticia
1361 5284 1398 5343 et
1422 5271 1566 5345 laetitia.
1618 5272 1876 5365 pentis‚qurm
1892 5268 1960 5345 boc
1974 5275 2090 5366 ipsum
2107 5280 2203 5372 quod
2220 5274 2369 5351 loannes
2383 5276 2502 5370 inquit:
2522 5266 2562 5337 ld
2615 5220 2620 5323 l

581 5375 700 5449 Huius
714 5378 875 5448 beneficii
895 5376 1081 5468 promissio
1095 5386 1235 5449 tantona
1252 5374 1405 5445 revelata
1428 5386 1481 5445 est
1507 5374 1566 5443 di·
1618 5368 1686 5443 hoc
1701 5368 1877 5447 exhibitos
1893 5368 1944 5446 est
1960 5377 2053 5448 filius
2067 5375 2152 5465 Dei,
2177 5396 2218 5453 nt
2233 5383 2387 5454 destruat
2400 5398 2494 5468 opera
2505 5371 2561 5441 dia·

581 5481 735 5564 vinitus,
777 5480 868 5553 sicut
889 5478 1041 5549 loannes
1066 5476 1201 5569 inquit:
1234 5473 1349 5546 Filius
1371 5475 1433 5571 qui
1454 5488 1505 5546 est
1527 5475 1566 5544 in
1617 5476 1704 5549 boli.
1778 5474 1838 5547 Sic
1865 5477 2040 5551 intellexit
2069 5480 2185 5551 Adam
2217 5482 2493 5574 promissionem,
2525 5468 2560 5539 sit

569 5582 662 5653 sinu
677 5582 807 5674 patris,
832 5583 907 5671 ipse
923 5579 1100 5650 enarravit
1114 5577 1228 5648 nobis.
1280 5572 1359 5649 ttrst
1379 5578 1475 5648 enim
1499 5577 1565 5646 ali·
1605 5578 1783 5667 'deinceps
1805 5602 1929 5648 omnes
1953 5578 2075 5651 Patres
2097 5586 2326 5657 erediderunt
2356 5592 2487 5675 propter
2512 5570 2559 5642 bot

568 5706 649 5776 ¹spera
664 5683 751 5775 legis
765 5682 896 5755 noticia
911 5681 1096 5753 nobiscum
1114 5678 1288 5765 nascitur,
1310 5692 1427 5750 tamen
1442 5674 1564 5749 Evan-
1616 5678 1827 5769 promissum
1843 5703 1963 5751 semen
1979 5684 2048 5753 sibi
2065 5686 2196 5759 remitti
2211 5700 2375 5779 peccata,
2389 5706 2424 5753 se
2437 5680 2559 5750 liberan-

576 5785 659 5873 gelii
674 5784 803 5857 noticia
819 5805 1041 5878 nequaquam
1056 5782 1243 5853 nobiscum
1261 5781 1428 5854 nascitur.
1453 5776 1563 5850 Ratio
1615 5782 1679 5848 dos
1698 5800 1771 5851 esse
1788 5806 1807 5851 a
1824 5798 1990 5875 peccato,
2015 5800 2049 5857 et
2064 5810 2083 5856 a
2100 5802 2216 5858 morte
2231 5802 2380 5861 aeterna.
2428 5782 2494 5853 Hac
2510 5774 2558 5843 fide

575 5880 731 5958 bumana
755 5908 820 5977 per
840 5908 913 5957 sese
935 5900 1161 5980 nequaqnam
1185 5883 1283 5955 ridet
1308 5876 1400 5954 banc
1415 5880 1483 5953 Dei
1499 5904 1563 5951 vo·
1615 5895 1714 5954 erant
1736 5882 1840 5973 iusti,
1866 5910 1939 5955 non
1956 5886 2043 5977 legis
2069 5888 2293 5981 impletione:
2321 5884 2382 5959 bac
2397 5887 2459 5957 fide
2473 5879 2557 5965 etigr·

1491 6177 1498 6223 l
