<?xml version="1.0" encoding="UTF-8"?>
<!DOCTYPE html PUBLIC "-//W3C//DTD XHTML 1.0 Transitional//EN"
    "http://www.w3.org/TR/xhtml1/DTD/xhtml1-transitional.dtd">
<html xmlns="http://www.w3.org/1999/xhtml" xml:lang="en" lang="en">
 <head>
  <title>
</title>
<meta http-equiv="Content-Type" content="text/html;charset=utf-8" />
  <meta name='ocr-system' content='tesseract 3.04.00' />
  <meta name='ocr-capabilities' content='ocr_page ocr_carea ocr_par ocr_line ocrx_word'/>
</head>
<body>
  <div class='ocr_page' id='page_1' title='image "./philippimelanth08bindgoog_0406.png"; bbox 0 0 5825 6950; ppageno 0'>
   <div class='ocr_carea' id='block_1_1' title="bbox 355 621 2426 766">
    <p class='ocr_par' dir='ltr' id='par_1_1' title="bbox 355 621 2426 766">
     <span class='ocr_line' id='line_1_1' title="bbox 355 621 2426 766; baseline 0.008 -19"><span class='ocrx_word' id='word_1_1' title='bbox 355 621 360 634; x_wconf 77' lang='grc'><strong>’</strong></span> <span class='ocrx_word' id='word_1_2' title='bbox 402 668 464 749; x_wconf 84' lang='lat' dir='ltr'><strong>m</strong></span> <span class='ocrx_word' id='word_1_3' title='bbox 562 664 666 744; x_wconf 89' lang='grc' dir='ltr'><strong>ιιιιι.</strong></span> <span class='ocrx_word' id='word_1_4' title='bbox 717 669 753 742; x_wconf 79' lang='lat' dir='ltr'><strong>e</strong></span> <span class='ocrx_word' id='word_1_5' title='bbox 780 659 1143 742; x_wconf 81' lang='lat' dir='ltr'><strong>eonnnmnnn</strong></span> <span class='ocrx_word' id='word_1_6' title='bbox 1169 661 1224 742; x_wconf 86' lang='lat' dir='ltr'><strong>m</strong></span> <span class='ocrx_word' id='word_1_7' title='bbox 1248 661 1407 744; x_wconf 76' lang='lat' dir='ltr'><strong>uena.</strong></span> <span class='ocrx_word' id='word_1_8' title='bbox 1431 665 1581 744; x_wconf 82' lang='lat' dir='ltr'><strong>rann</strong></span> <span class='ocrx_word' id='word_1_9' title='bbox 1609 664 1967 748; x_wconf 69' lang='lat' dir='ltr'><strong>annonarios</strong></span> <span class='ocrx_word' id='word_1_10' title='bbox 2017 673 2123 757; x_wconf 78' lang='lat' dir='ltr'><strong>car.</strong></span> <span class='ocrx_word' id='word_1_11' title='bbox 2149 681 2249 762; x_wconf 81' lang='lat' dir='ltr'><strong>xxv.</strong></span> <span class='ocrx_word' id='word_1_12' title='bbox 2352 689 2426 766; x_wconf 82' lang='lat' dir='ltr'><strong>rm</strong></span> 
     </span>
    </p>
   </div>
   <div class='ocr_carea' id='block_1_2' title="bbox 400 832 2420 1056">
    <p class='ocr_par' dir='ltr' id='par_1_2' title="bbox 400 832 2420 1056">
     <span class='ocr_line' id='line_1_2' title="bbox 401 832 2420 950; baseline 0.01 -38"><span class='ocrx_word' id='word_1_13' title='bbox 401 843 553 913; x_wconf 90' lang='lat' dir='ltr'><strong>conferre</strong></span> <span class='ocrx_word' id='word_1_14' title='bbox 571 837 785 912; x_wconf 89' lang='lat' dir='ltr'><strong>industriam</strong></span> <span class='ocrx_word' id='word_1_15' title='bbox 799 852 906 930; x_wconf 86' lang='lat' dir='ltr'><strong>atque</strong></span> <span class='ocrx_word' id='word_1_16' title='bbox 920 834 1158 912; x_wconf 81' lang='lat' dir='ltr'><strong>autoritatem.</strong></span> <span class='ocrx_word' id='word_1_17' title='bbox 1208 832 1280 908; x_wconf 86' lang='lat' dir='ltr'><strong>Hic</strong></span> <span class='ocrx_word' id='word_1_18' title='bbox 1300 859 1377 910; x_wconf 90' lang='lat' dir='ltr'><strong>sco-</strong></span> <span class='ocrx_word' id='word_1_19' title='bbox 1432 840 1560 912; x_wconf 88' lang='lat' dir='ltr'><strong>niones</strong></span> <span class='ocrx_word' id='word_1_20' title='bbox 1576 842 1621 912; x_wconf 94' lang='lat' dir='ltr'><strong>de</strong></span> <span class='ocrx_word' id='word_1_21' title='bbox 1635 865 1746 914; x_wconf 90' lang='lat' dir='ltr'><strong>aeneo</strong></span> <span class='ocrx_word' id='word_1_22' title='bbox 1759 857 1922 934; x_wconf 74' lang='lat' dir='ltr'><strong>serpente</strong></span> <span class='ocrx_word' id='word_1_23' title='bbox 1936 851 2105 938; x_wconf 75' lang='lat' dir='ltr'><strong>conexit,</strong></span> <span class='ocrx_word' id='word_1_24' title='bbox 2131 857 2191 926; x_wconf 93' lang='lat' dir='ltr'><strong>sed</strong></span> <span class='ocrx_word' id='word_1_25' title='bbox 2216 856 2328 950; x_wconf 91' lang='lat' dir='ltr'><strong>ipsam</strong></span> <span class='ocrx_word' id='word_1_26' title='bbox 2349 878 2420 936; x_wconf 80' lang='lat' dir='ltr'><strong>sta-</strong></span> 
     </span>
     <span class='ocr_line' id='line_1_3' title="bbox 400 938 2417 1056; baseline 0.01 -40"><span class='ocrx_word' id='word_1_27' title='bbox 400 967 453 1036; x_wconf 91' lang='lat' dir='ltr'><strong>pue</strong></span> <span class='ocrx_word' id='word_1_28' title='bbox 477 942 680 1037; x_wconf 86' lang='lat' dir='ltr'><strong>propositus</strong></span> <span class='ocrx_word' id='word_1_29' title='bbox 702 964 776 1014; x_wconf 87' lang='lat' dir='ltr'><strong>esse</strong></span> <span class='ocrx_word' id='word_1_30' title='bbox 797 942 905 1012; x_wconf 90' lang='lat' dir='ltr'><strong>debet</strong></span> <span class='ocrx_word' id='word_1_31' title='bbox 928 938 1115 1024; x_wconf 90' lang='lat' dir='ltr'><strong>omnibus,</strong></span> <span class='ocrx_word' id='word_1_32' title='bbox 1135 950 1255 1010; x_wconf 91' lang='lat' dir='ltr'><strong>utsuo</strong></span> <span class='ocrx_word' id='word_1_33' title='bbox 1280 940 1379 1034; x_wconf 90' lang='lat' dir='ltr'><strong>quia-</strong></span> <span class='ocrx_word' id='word_1_34' title='bbox 1432 957 1530 1017; x_wconf 92' lang='lat' dir='ltr'><strong>tuam</strong></span> <span class='ocrx_word' id='word_1_35' title='bbox 1551 945 1694 1015; x_wconf 86' lang='lat' dir='ltr'><strong>delevit.</strong></span> <span class='ocrx_word' id='word_1_36' title='bbox 1746 943 1799 1016; x_wconf 91' lang='lat' dir='ltr'><strong>lta</strong></span> <span class='ocrx_word' id='word_1_37' title='bbox 1818 947 1930 1035; x_wconf 83' lang='lat' dir='ltr'><strong>pietas</strong></span> <span class='ocrx_word' id='word_1_38' title='bbox 1952 965 2004 1024; x_wconf 90' lang='lat' dir='ltr'><strong>est</strong></span> <span class='ocrx_word' id='word_1_39' title='bbox 2027 977 2107 1026; x_wconf 90' lang='lat' dir='ltr'><strong>cnm</strong></span> <span class='ocrx_word' id='word_1_40' title='bbox 2132 957 2252 1048; x_wconf 88' lang='lat' dir='ltr'><strong>impiis</strong></span> <span class='ocrx_word' id='word_1_41' title='bbox 2273 965 2417 1056; x_wconf 88' lang='lat' dir='ltr'><strong>opinio-</strong></span> 
     </span>
    </p>
   </div>
   <div class='ocr_carea' id='block_1_3' title="bbox 273 1040 2466 5923">
    <p class='ocr_par' dir='ltr' id='par_1_3' title="bbox 273 1040 2466 5923">
     <span class='ocr_line' id='line_1_4' title="bbox 398 1040 2415 1158; baseline 0.008 -42"><span class='ocrx_word' id='word_1_42' title='bbox 398 1046 566 1137; x_wconf 86' lang='lat' dir='ltr'><strong>queloco,</strong></span> <span class='ocrx_word' id='word_1_43' title='bbox 590 1056 764 1137; x_wconf 89' lang='lat' dir='ltr'><strong>quantum</strong></span> <span class='ocrx_word' id='word_1_44' title='bbox 790 1057 922 1134; x_wconf 89' lang='lat' dir='ltr'><strong>potest,</strong></span> <span class='ocrx_word' id='word_1_45' title='bbox 948 1041 1109 1114; x_wconf 87' lang='lat' dir='ltr'><strong>conferat</strong></span> <span class='ocrx_word' id='word_1_46' title='bbox 1131 1040 1268 1132; x_wconf 85' lang='lat' dir='ltr'><strong>aliquid</strong></span> <span class='ocrx_word' id='word_1_47' title='bbox 1290 1065 1376 1133; x_wconf 91' lang='lat' dir='ltr'><strong>ope·</strong></span> <span class='ocrx_word' id='word_1_48' title='bbox 1428 1045 1537 1116; x_wconf 87' lang='lat' dir='ltr'><strong>nibus</strong></span> <span class='ocrx_word' id='word_1_49' title='bbox 1560 1046 1652 1116; x_wconf 90' lang='lat' dir='ltr'><strong>ritus</strong></span> <span class='ocrx_word' id='word_1_50' title='bbox 1674 1048 1771 1140; x_wconf 90' lang='lat' dir='ltr'><strong>ipsos</strong></span> <span class='ocrx_word' id='word_1_51' title='bbox 1792 1049 1964 1132; x_wconf 89' lang='lat' dir='ltr'><strong>abiicere,</strong></span> <span class='ocrx_word' id='word_1_52' title='bbox 1989 1055 2052 1147; x_wconf 89' lang='lat' dir='ltr'><strong>qui</strong></span> <span class='ocrx_word' id='word_1_53' title='bbox 2075 1081 2148 1128; x_wconf 92' lang='lat' dir='ltr'><strong>non</strong></span> <span class='ocrx_word' id='word_1_54' title='bbox 2172 1076 2256 1135; x_wconf 91' lang='lat' dir='ltr'><strong>sunt</strong></span> <span class='ocrx_word' id='word_1_55' title='bbox 2272 1069 2415 1158; x_wconf 80' lang='lat' dir='ltr'><strong>proprie</strong></span> 
     </span>
     <span class='ocr_line' id='line_1_5' title="bbox 395 1140 2412 1257; baseline 0.011 -39"><span class='ocrx_word' id='word_1_56' title='bbox 395 1169 447 1218; x_wconf 91' lang='lat' dir='ltr'><strong>rae</strong></span> <span class='ocrx_word' id='word_1_57' title='bbox 468 1150 514 1218; x_wconf 91' lang='lat' dir='ltr'><strong>ad</strong></span> <span class='ocrx_word' id='word_1_58' title='bbox 537 1146 844 1220; x_wconf 87' lang='lat' dir='ltr'><strong>conservationem</strong></span> <span class='ocrx_word' id='word_1_59' title='bbox 871 1144 1034 1218; x_wconf 70' lang='lat' dir='ltr'><strong>coelentis</strong></span> <span class='ocrx_word' id='word_1_60' title='bbox 1057 1143 1253 1214; x_wconf 88' lang='lat' dir='ltr'><strong>doctrinae.</strong></span> <span class='ocrx_word' id='word_1_61' title='bbox 1319 1140 1376 1213; x_wconf 91' lang='lat' dir='ltr'><strong>De</strong></span> <span class='ocrx_word' id='word_1_62' title='bbox 1426 1171 1542 1218; x_wconf 90' lang='lat' dir='ltr'><strong>mores</strong></span> <span class='ocrx_word' id='word_1_63' title='bbox 1566 1148 1714 1239; x_wconf 78' lang='lat' dir='ltr'><strong>politici.</strong></span> <span class='ocrx_word' id='word_1_64' title='bbox 1785 1147 1887 1223; x_wconf 87' lang='lat' dir='ltr'><strong>Sicut</strong></span> <span class='ocrx_word' id='word_1_65' title='bbox 1909 1155 2082 1247; x_wconf 88' lang='lat' dir='ltr'><strong>scriptura</strong></span> <span class='ocrx_word' id='word_1_66' title='bbox 2113 1164 2285 1257; x_wconf 79' lang='lat' dir='ltr'><strong>praecipit</strong></span> <span class='ocrx_word' id='word_1_67' title='bbox 2313 1167 2412 1240; x_wconf 92' lang='lat' dir='ltr'><strong>idola</strong></span> 
     </span>
     <span class='ocr_line' id='line_1_6' title="bbox 393 1239 2410 1352; baseline 0.009 -33"><span class='ocrx_word' id='word_1_68' title='bbox 393 1250 463 1320; x_wconf 86' lang='lat' dir='ltr'><strong>aliis</strong></span> <span class='ocrx_word' id='word_1_69' title='bbox 478 1248 713 1340; x_wconf 67' lang='lat' dir='ltr'><strong>parasitastris</strong></span> <span class='ocrx_word' id='word_1_70' title='bbox 730 1246 900 1341; x_wconf 86' lang='lat' dir='ltr'><strong>parvulis,</strong></span> <span class='ocrx_word' id='word_1_71' title='bbox 921 1246 985 1340; x_wconf 90' lang='lat' dir='ltr'><strong>qui</strong></span> <span class='ocrx_word' id='word_1_72' title='bbox 999 1243 1160 1316; x_wconf 90' lang='lat' dir='ltr'><strong>scribunt</strong></span> <span class='ocrx_word' id='word_1_73' title='bbox 1174 1239 1374 1339; x_wconf 85' lang='lat' dir='ltr'><strong>sycophan·</strong></span> <span class='ocrx_word' id='word_1_74' title='bbox 1424 1250 1580 1328; x_wconf 88' lang='lat' dir='ltr'><strong>destrui,</strong></span> <span class='ocrx_word' id='word_1_75' title='bbox 1603 1251 1653 1320; x_wconf 88' lang='lat' dir='ltr'><strong>sie</strong></span> <span class='ocrx_word' id='word_1_76' title='bbox 1677 1249 1744 1340; x_wconf 92' lang='lat' dir='ltr'><strong>ipsi</strong></span> <span class='ocrx_word' id='word_1_77' title='bbox 1767 1251 1858 1322; x_wconf 89' lang='lat' dir='ltr'><strong>ritus</strong></span> <span class='ocrx_word' id='word_1_78' title='bbox 1883 1255 2101 1344; x_wconf 88' lang='lat' dir='ltr'><strong>privatarum</strong></span> <span class='ocrx_word' id='word_1_79' title='bbox 2117 1259 2325 1352; x_wconf 83' lang='lat' dir='ltr'><strong>Missurum,</strong></span> <span class='ocrx_word' id='word_1_80' title='bbox 2354 1271 2410 1343; x_wconf 86' lang='lat' dir='ltr'><strong>in-</strong></span> 
     </span>
     <span class='ocr_line' id='line_1_7' title="bbox 392 1344 2411 1448; baseline 0.008 -25"><span class='ocrx_word' id='word_1_81' title='bbox 392 1353 471 1423; x_wconf 90' lang='lat' dir='ltr'><strong>ticos</strong></span> <span class='ocrx_word' id='word_1_82' title='bbox 495 1352 658 1442; x_wconf 86' lang='lat' dir='ltr'><strong>libellos,</strong></span> <span class='ocrx_word' id='word_1_83' title='bbox 682 1344 853 1421; x_wconf 88' lang='lat' dir='ltr'><strong>hocloco</strong></span> <span class='ocrx_word' id='word_1_84' title='bbox 876 1371 951 1418; x_wconf 92' lang='lat' dir='ltr'><strong>non</strong></span> <span class='ocrx_word' id='word_1_85' title='bbox 977 1347 1114 1432; x_wconf 87' lang='lat' dir='ltr'><strong>dicam,</strong></span> <span class='ocrx_word' id='word_1_86' title='bbox 1138 1346 1199 1440; x_wconf 90' lang='lat' dir='ltr'><strong>qni</strong></span> <span class='ocrx_word' id='word_1_87' title='bbox 1226 1361 1309 1418; x_wconf 91' lang='lat' dir='ltr'><strong>sunt</strong></span> <span class='ocrx_word' id='word_1_88' title='bbox 1330 1371 1372 1416; x_wconf 91' lang='lat' dir='ltr'><strong>ex</strong></span> <span class='ocrx_word' id='word_1_89' title='bbox 1424 1351 1564 1422; x_wconf 81' lang='lat' dir='ltr'><strong>vocatio</strong></span> <span class='ocrx_word' id='word_1_90' title='bbox 1589 1366 1812 1434; x_wconf 90' lang='lat' dir='ltr'><strong>sanctorum,</strong></span> <span class='ocrx_word' id='word_1_91' title='bbox 1845 1367 2011 1428; x_wconf 84' lang='lat' dir='ltr'><strong>votorum</strong></span> <span class='ocrx_word' id='word_1_92' title='bbox 2031 1359 2253 1448; x_wconf 87' lang='lat' dir='ltr'><strong>observatio,</strong></span> <span class='ocrx_word' id='word_1_93' title='bbox 2285 1393 2411 1444; x_wconf 82' lang='lat' dir='ltr'><strong>sunna·</strong></span> 
     </span>
     <span class='ocr_line' id='line_1_8' title="bbox 273 1445 2408 1559; baseline 0.006 -35"><span class='ocrx_word' id='word_1_94' title='bbox 273 1452 279 1541; x_wconf 40' lang='lat' dir='ltr'>g</span> <span class='ocrx_word' id='word_1_95' title='bbox 392 1455 448 1524; x_wconf 89' lang='lat' dir='ltr'><strong>illo</strong></span> <span class='ocrx_word' id='word_1_96' title='bbox 462 1475 591 1544; x_wconf 89' lang='lat' dir='ltr'><strong>genere</strong></span> <span class='ocrx_word' id='word_1_97' title='bbox 603 1445 796 1536; x_wconf 65' lang='lat' dir='ltr'><strong>coiciatur,</strong></span> <span class='ocrx_word' id='word_1_98' title='bbox 827 1451 949 1544; x_wconf 83' lang='lat' dir='ltr'><strong>quales</strong></span> <span class='ocrx_word' id='word_1_99' title='bbox 968 1448 1086 1520; x_wconf 89' lang='lat' dir='ltr'><strong>alebat</strong></span> <span class='ocrx_word' id='word_1_100' title='bbox 1102 1446 1298 1542; x_wconf 75' lang='lat' dir='ltr'><strong>Dionysius</strong></span> <span class='ocrx_word' id='word_1_101' title='bbox 1312 1447 1370 1520; x_wconf 79' lang='lat' dir='ltr'><strong>si·</strong></span> <span class='ocrx_word' id='word_1_102' title='bbox 1421 1453 1530 1524; x_wconf 90' lang='lat' dir='ltr'><strong>sticus</strong></span> <span class='ocrx_word' id='word_1_103' title='bbox 1563 1455 1735 1538; x_wconf 88' lang='lat' dir='ltr'><strong>vestitus,</strong></span> <span class='ocrx_word' id='word_1_104' title='bbox 1774 1455 1938 1528; x_wconf 87' lang='lat' dir='ltr'><strong>sodalitia</strong></span> <span class='ocrx_word' id='word_1_105' title='bbox 1969 1465 2182 1559; x_wconf 89' lang='lat' dir='ltr'><strong>monastica,</strong></span> <span class='ocrx_word' id='word_1_106' title='bbox 2224 1469 2408 1544; x_wconf 80' lang='lat' dir='ltr'><strong>vinculum</strong></span> 
     </span>
     <span class='ocr_line' id='line_1_9' title="bbox 279 1549 2407 1649; baseline 0.008 -29"><span class='ocrx_word' id='word_1_107' title='bbox 279 1616 280 1620; x_wconf 73' lang='grc'>,</span> <span class='ocrx_word' id='word_1_108' title='bbox 390 1555 501 1640; x_wconf 90' lang='lat' dir='ltr'><strong>culus,</strong></span> <span class='ocrx_word' id='word_1_109' title='bbox 532 1557 596 1649; x_wconf 90' lang='lat' dir='ltr'><strong>qui</strong></span> <span class='ocrx_word' id='word_1_110' title='bbox 616 1569 760 1646; x_wconf 89' lang='lat' dir='ltr'><strong>sputum</strong></span> <span class='ocrx_word' id='word_1_111' title='bbox 782 1552 927 1646; x_wconf 82' lang='lat' dir='ltr'><strong>tyranni</strong></span> <span class='ocrx_word' id='word_1_112' title='bbox 946 1549 1167 1642; x_wconf 78' lang='lat' dir='ltr'><strong>excipiebant</strong></span> <span class='ocrx_word' id='word_1_113' title='bbox 1190 1575 1231 1622; x_wconf 85' lang='lat' dir='ltr'><strong>ac</strong></span> <span class='ocrx_word' id='word_1_114' title='bbox 1253 1551 1367 1642; x_wconf 87' lang='lat' dir='ltr'><strong>linge·</strong></span> <span class='ocrx_word' id='word_1_115' title='bbox 1419 1555 1639 1640; x_wconf 88' lang='lat' dir='ltr'><strong>coelibatus,</strong></span> <span class='ocrx_word' id='word_1_116' title='bbox 1678 1555 1885 1628; x_wconf 89' lang='lat' dir='ltr'><strong>discrimina</strong></span> <span class='ocrx_word' id='word_1_117' title='bbox 1911 1559 2101 1646; x_wconf 89' lang='lat' dir='ltr'><strong>ciborum,</strong></span> <span class='ocrx_word' id='word_1_118' title='bbox 2141 1581 2176 1638; x_wconf 92' lang='lat' dir='ltr'><strong>et</strong></span> <span class='ocrx_word' id='word_1_119' title='bbox 2198 1569 2331 1644; x_wconf 90' lang='lat' dir='ltr'><strong>similes</strong></span> <span class='ocrx_word' id='word_1_120' title='bbox 2350 1575 2407 1644; x_wconf 88' lang='lat' dir='ltr'><strong>in.</strong></span> 
     </span>
     <span class='ocr_line' id='line_1_10' title="bbox 286 1645 2406 1750; baseline 0.009 -22"><span class='ocrx_word' id='word_1_121' title='bbox 286 1732 292 1741; x_wconf 70' lang='grc'>,</span> <span class='ocrx_word' id='word_1_122' title='bbox 388 1660 485 1741; x_wconf 90' lang='lat' dir='ltr'><strong>hant,</strong></span> <span class='ocrx_word' id='word_1_123' title='bbox 509 1658 754 1748; x_wconf 89' lang='lat' dir='ltr'><strong>praedicantes</strong></span> <span class='ocrx_word' id='word_1_124' title='bbox 768 1645 908 1724; x_wconf 79' lang='lat' dir='ltr'><strong>nectare</strong></span> <span class='ocrx_word' id='word_1_125' title='bbox 922 1653 1064 1725; x_wconf 88' lang='lat' dir='ltr'><strong>dulcius</strong></span> <span class='ocrx_word' id='word_1_126' title='bbox 1077 1673 1162 1724; x_wconf 80' lang='lat' dir='ltr'><strong>esse.</strong></span> <span class='ocrx_word' id='word_1_127' title='bbox 1420 1657 1490 1748; x_wconf 90' lang='lat' dir='ltr'><strong>cpti</strong></span> <span class='ocrx_word' id='word_1_128' title='bbox 1505 1656 1593 1728; x_wconf 92' lang='lat' dir='ltr'><strong>ritus</strong></span> <span class='ocrx_word' id='word_1_129' title='bbox 1611 1658 1958 1750; x_wconf 88' lang='lat' dir='ltr'><strong>asuperstitiouibus</strong></span> <span class='ocrx_word' id='word_1_130' title='bbox 1975 1665 2057 1746; x_wconf 92' lang='lat' dir='ltr'><strong>orti,</strong></span> <span class='ocrx_word' id='word_1_131' title='bbox 2079 1669 2255 1744; x_wconf 86' lang='lat' dir='ltr'><strong>tollantur</strong></span> <span class='ocrx_word' id='word_1_132' title='bbox 2267 1689 2305 1744; x_wconf 91' lang='lat' dir='ltr'><strong>et·</strong></span> <span class='ocrx_word' id='word_1_133' title='bbox 2318 1677 2406 1748; x_wconf 87' lang='lat' dir='ltr'><strong>abo-</strong></span> 
     </span>
     <span class='ocr_line' id='line_1_11' title="bbox 295 1753 1569 1849; baseline -0.002 -18"><span class='ocrx_word' id='word_1_134' title='bbox 295 1831 300 1836; x_wconf 74' lang='grc'><strong>,</strong></span> <span class='ocrx_word' id='word_1_135' title='bbox 480 1755 608 1832; x_wconf 86' lang='lat' dir='ltr'><strong>Redeo</strong></span> <span class='ocrx_word' id='word_1_136' title='bbox 621 1760 668 1830; x_wconf 92' lang='lat' dir='ltr'><strong>ad</strong></span> <span class='ocrx_word' id='word_1_137' title='bbox 686 1758 863 1849; x_wconf 91' lang='lat' dir='ltr'><strong>sapientes</strong></span> <span class='ocrx_word' id='word_1_138' title='bbox 887 1757 986 1835; x_wconf 88' lang='lat' dir='ltr'><strong>illos,</strong></span> <span class='ocrx_word' id='word_1_139' title='bbox 1013 1777 1167 1848; x_wconf 90' lang='lat' dir='ltr'><strong>quornm</strong></span> <span class='ocrx_word' id='word_1_140' title='bbox 1190 1753 1302 1847; x_wconf 86' lang='lat' dir='ltr'><strong>aliqui</strong></span> <span class='ocrx_word' id='word_1_141' title='bbox 1319 1755 1367 1824; x_wconf 90' lang='lat' dir='ltr'><strong>si·</strong></span> <span class='ocrx_word' id='word_1_142' title='bbox 1417 1757 1569 1831; x_wconf 87' lang='lat' dir='ltr'><strong>leantur.</strong></span> 
     </span>
     <span class='ocr_line' id='line_1_12' title="bbox 309 1856 2405 1970; baseline 0.009 -38"><span class='ocrx_word' id='word_1_143' title='bbox 309 1925 314 1932; x_wconf 89' lang='lat'><strong>.</strong></span> <span class='ocrx_word' id='word_1_144' title='bbox 386 1860 557 1932; x_wconf 87' lang='lat' dir='ltr'><strong>rnulantea</strong></span> <span class='ocrx_word' id='word_1_145' title='bbox 576 1862 809 1950; x_wconf 78' lang='lat' dir='ltr'><strong>religionem,</strong></span> <span class='ocrx_word' id='word_1_146' title='bbox 837 1873 1025 1950; x_wconf 85' lang='lat' dir='ltr'><strong>postquem</strong></span> <span class='ocrx_word' id='word_1_147' title='bbox 1048 1856 1173 1928; x_wconf 90' lang='lat' dir='ltr'><strong>vident</strong></span> <span class='ocrx_word' id='word_1_148' title='bbox 1193 1857 1364 1926; x_wconf 86' lang='lat' dir='ltr'><strong>absurdas</strong></span> <span class='ocrx_word' id='word_1_149' title='bbox 1520 1859 1591 1932; x_wconf 86' lang='lat' dir='ltr'><strong>Sed</strong></span> <span class='ocrx_word' id='word_1_150' title='bbox 1616 1860 1705 1954; x_wconf 88' lang='lat' dir='ltr'><strong>quid</strong></span> <span class='ocrx_word' id='word_1_151' title='bbox 1735 1861 1902 1954; x_wconf 80' lang='lat' dir='ltr'><strong>disputo?</strong></span> <span class='ocrx_word' id='word_1_152' title='bbox 1943 1864 2002 1938; x_wconf 87' lang='lat' dir='ltr'><strong>lili</strong></span> <span class='ocrx_word' id='word_1_153' title='bbox 2026 1871 2088 1965; x_wconf 92' lang='lat' dir='ltr'><strong>qui</strong></span> <span class='ocrx_word' id='word_1_154' title='bbox 2119 1866 2185 1944; x_wconf 90' lang='lat' dir='ltr'><strong>bac</strong></span> <span class='ocrx_word' id='word_1_155' title='bbox 2213 1874 2405 1970; x_wconf 88' lang='lat' dir='ltr'><strong>sophistica</strong></span> 
     </span>
     <span class='ocr_line' id='line_1_13' title="bbox 310 1957 2404 2068; baseline 0.008 -34"><span class='ocrx_word' id='word_1_156' title='bbox 310 2039 313 2047; x_wconf 66' lang='grc'><strong>,</strong></span> <span class='ocrx_word' id='word_1_157' title='bbox 386 1963 648 2053; x_wconf 85' lang='lat' dir='ltr'><strong>superstitiones</strong></span> <span class='ocrx_word' id='word_1_158' title='bbox 662 1962 886 2053; x_wconf 74' lang='lat' dir='ltr'><strong>superiorum</strong></span> <span class='ocrx_word' id='word_1_159' title='bbox 904 1974 1104 2050; x_wconf 87' lang='lat' dir='ltr'><strong>temporum</strong></span> <span class='ocrx_word' id='word_1_160' title='bbox 1119 1957 1278 2028; x_wconf 89' lang='lat' dir='ltr'><strong>excusari</strong></span> <span class='ocrx_word' id='word_1_161' title='bbox 1291 1981 1366 2030; x_wconf 91' lang='lat' dir='ltr'><strong>nou</strong></span> <span class='ocrx_word' id='word_1_162' title='bbox 1417 1960 1570 2053; x_wconf 90' lang='lat' dir='ltr'><strong>pingunt</strong></span> <span class='ocrx_word' id='word_1_163' title='bbox 1591 1963 1738 2034; x_wconf 87' lang='lat' dir='ltr'><strong>vitiosos</strong></span> <span class='ocrx_word' id='word_1_164' title='bbox 1760 1965 1869 2050; x_wconf 90' lang='lat' dir='ltr'><strong>ritus,</strong></span> <span class='ocrx_word' id='word_1_165' title='bbox 1902 1989 1977 2040; x_wconf 91' lang='lat' dir='ltr'><strong>non</strong></span> <span class='ocrx_word' id='word_1_166' title='bbox 2002 1964 2071 2044; x_wconf 91' lang='lat' dir='ltr'><strong>hoc</strong></span> <span class='ocrx_word' id='word_1_167' title='bbox 2096 1997 2179 2046; x_wconf 84' lang='lat' dir='ltr'><strong>vere</strong></span> <span class='ocrx_word' id='word_1_168' title='bbox 2210 1995 2336 2068; x_wconf 89' lang='lat' dir='ltr'><strong>agunt,</strong></span> <span class='ocrx_word' id='word_1_169' title='bbox 2362 1996 2404 2052; x_wconf 85' lang='lat' dir='ltr'><strong>nt</strong></span> 
     </span>
     <span class='ocr_line' id='line_1_14' title="bbox 382 2060 2403 2178; baseline 0.009 -44"><span class='ocrx_word' id='word_1_170' title='bbox 382 2085 498 2156; x_wconf 88' lang='lat' dir='ltr'><strong>posse,</strong></span> <span class='ocrx_word' id='word_1_171' title='bbox 524 2065 713 2154; x_wconf 85' lang='lat' dir='ltr'><strong>adfingunt</strong></span> <span class='ocrx_word' id='word_1_172' title='bbox 735 2062 863 2135; x_wconf 87' lang='lat' dir='ltr'><strong>ritibus</strong></span> <span class='ocrx_word' id='word_1_173' title='bbox 886 2075 922 2132; x_wconf 89' lang='lat' dir='ltr'><strong>et</strong></span> <span class='ocrx_word' id='word_1_174' title='bbox 945 2060 1095 2131; x_wconf 89' lang='lat' dir='ltr'><strong>decretis</strong></span> <span class='ocrx_word' id='word_1_175' title='bbox 1110 2060 1291 2130; x_wconf 88' lang='lat' dir='ltr'><strong>molliores</strong></span> <span class='ocrx_word' id='word_1_176' title='bbox 1307 2062 1365 2130; x_wconf 87' lang='lat' dir='ltr'><strong>in·</strong></span> <span class='ocrx_word' id='word_1_177' title='bbox 1415 2065 1545 2138; x_wconf 86' lang='lat' dir='ltr'><strong>tollant</strong></span> <span class='ocrx_word' id='word_1_178' title='bbox 1577 2087 1714 2136; x_wconf 78' lang='lat' dir='ltr'><strong>emeres</strong></span> <span class='ocrx_word' id='word_1_179' title='bbox 1738 2089 1780 2136; x_wconf 86' lang='lat' dir='ltr'><strong>ex</strong></span> <span class='ocrx_word' id='word_1_180' title='bbox 1801 2062 1978 2162; x_wconf 73' lang='lat' dir='ltr'><strong>Ecclesia,</strong></span> <span class='ocrx_word' id='word_1_181' title='bbox 2015 2075 2078 2146; x_wconf 89' lang='lat' dir='ltr'><strong>sed</strong></span> <span class='ocrx_word' id='word_1_182' title='bbox 2098 2089 2140 2147; x_wconf 93' lang='lat' dir='ltr'><strong>nt</strong></span> <span class='ocrx_word' id='word_1_183' title='bbox 2164 2081 2403 2178; x_wconf 77' lang='lat' dir='ltr'><strong>qualicunque</strong></span> 
     </span>
     <span class='ocr_line' id='line_1_15' title="bbox 312 2160 2401 2264; baseline 0.01 -28"><span class='ocrx_word' id='word_1_184' title='bbox 312 2180 319 2247; x_wconf 70' lang='lat' dir='ltr'><strong>t</strong></span> <span class='ocrx_word' id='word_1_185' title='bbox 382 2166 666 2258; x_wconf 88' lang='lat' dir='ltr'><strong>terpretatinnes‚</strong></span> <span class='ocrx_word' id='word_1_186' title='bbox 706 2177 748 2236; x_wconf 91' lang='lat' dir='ltr'><strong>nt</strong></span> <span class='ocrx_word' id='word_1_187' title='bbox 787 2178 875 2236; x_wconf 88' lang='lat' dir='ltr'><strong>tecte</strong></span> <span class='ocrx_word' id='word_1_188' title='bbox 914 2162 1099 2235; x_wconf 70' lang='lat' dir='ltr'><strong>stabiliant</strong></span> <span class='ocrx_word' id='word_1_189' title='bbox 1136 2160 1363 2253; x_wconf 86' lang='lat' dir='ltr'><strong>impietatem,</strong></span> <span class='ocrx_word' id='word_1_190' title='bbox 1415 2179 1596 2258; x_wconf 87' lang='lat' dir='ltr'><strong>praetextu</strong></span> <span class='ocrx_word' id='word_1_191' title='bbox 1626 2168 1820 2240; x_wconf 85' lang='lat' dir='ltr'><strong>defendant</strong></span> <span class='ocrx_word' id='word_1_192' title='bbox 1848 2191 1947 2242; x_wconf 89' lang='lat' dir='ltr'><strong>suam</strong></span> <span class='ocrx_word' id='word_1_193' title='bbox 1979 2177 2226 2264; x_wconf 86' lang='lat' dir='ltr'><strong>autoritatem,</strong></span> <span class='ocrx_word' id='word_1_194' title='bbox 2261 2197 2297 2255; x_wconf 89' lang='lat' dir='ltr'><strong>et</strong></span> <span class='ocrx_word' id='word_1_195' title='bbox 2324 2197 2401 2256; x_wconf 88' lang='lat' dir='ltr'><strong>arte</strong></span> 
     </span>
     <span class='ocr_line' id='line_1_16' title="bbox 379 2262 2402 2376; baseline 0.012 -42"><span class='ocrx_word' id='word_1_196' title='bbox 379 2268 594 2339; x_wconf 78' lang='lat' dir='ltr'><strong>conseruatis</strong></span> <span class='ocrx_word' id='word_1_197' title='bbox 609 2269 738 2339; x_wconf 91' lang='lat' dir='ltr'><strong>ritibus</strong></span> <span class='ocrx_word' id='word_1_198' title='bbox 757 2291 798 2338; x_wconf 88' lang='lat' dir='ltr'><strong>ac</strong></span> <span class='ocrx_word' id='word_1_199' title='bbox 818 2265 956 2336; x_wconf 88' lang='lat' dir='ltr'><strong>vitiosis</strong></span> <span class='ocrx_word' id='word_1_200' title='bbox 974 2263 1137 2335; x_wconf 84' lang='lat' dir='ltr'><strong>decretis.</strong></span> <span class='ocrx_word' id='word_1_201' title='bbox 1190 2262 1290 2332; x_wconf 89' lang='lat' dir='ltr'><strong>Talis</strong></span> <span class='ocrx_word' id='word_1_202' title='bbox 1312 2278 1365 2338; x_wconf 91' lang='lat' dir='ltr'><strong>est</strong></span> <span class='ocrx_word' id='word_1_203' title='bbox 1414 2269 1599 2340; x_wconf 86' lang='lat' dir='ltr'><strong>stabiliant</strong></span> <span class='ocrx_word' id='word_1_204' title='bbox 1623 2268 1851 2360; x_wconf 85' lang='lat' dir='ltr'><strong>impietatem.</strong></span> <span class='ocrx_word' id='word_1_205' title='bbox 1910 2271 2030 2346; x_wconf 77' lang='lat' dir='ltr'><strong>Facile</strong></span> <span class='ocrx_word' id='word_1_206' title='bbox 2061 2281 2157 2350; x_wconf 90' lang='lat' dir='ltr'><strong>enim</strong></span> <span class='ocrx_word' id='word_1_207' title='bbox 2183 2285 2402 2376; x_wconf 86' lang='lat' dir='ltr'><strong>repullulant</strong></span> 
     </span>
     <span class='ocr_line' id='line_1_17' title="bbox 377 2364 2401 2467; baseline 0.011 -30"><span class='ocrx_word' id='word_1_208' title='bbox 377 2369 467 2440; x_wconf 91' lang='lat' dir='ltr'><strong>liber</strong></span> <span class='ocrx_word' id='word_1_209' title='bbox 481 2370 600 2442; x_wconf 89' lang='lat' dir='ltr'><strong>editus</strong></span> <span class='ocrx_word' id='word_1_210' title='bbox 612 2367 796 2453; x_wconf 84' lang='lat' dir='ltr'><strong>Coloniae,</strong></span> <span class='ocrx_word' id='word_1_211' title='bbox 811 2366 917 2438; x_wconf 89' lang='lat' dir='ltr'><strong>titulo</strong></span> <span class='ocrx_word' id='word_1_212' title='bbox 933 2364 1207 2438; x_wconf 79' lang='lat' dir='ltr'><strong>reformationis.</strong></span> <span class='ocrx_word' id='word_1_213' title='bbox 1240 2365 1363 2435; x_wconf 87' lang='lat' dir='ltr'><strong>Audio</strong></span> <span class='ocrx_word' id='word_1_214' title='bbox 1413 2393 1543 2462; x_wconf 88' lang='lat' dir='ltr'><strong>pravae</strong></span> <span class='ocrx_word' id='word_1_215' title='bbox 1558 2371 1765 2465; x_wconf 89' lang='lat' dir='ltr'><strong>opiniones,</strong></span> <span class='ocrx_word' id='word_1_216' title='bbox 1792 2372 1822 2441; x_wconf 91' lang='lat' dir='ltr'><strong>si</strong></span> <span class='ocrx_word' id='word_1_217' title='bbox 1837 2373 1926 2444; x_wconf 87' lang='lat' dir='ltr'><strong>ritus</strong></span> <span class='ocrx_word' id='word_1_218' title='bbox 1939 2375 2008 2467; x_wconf 92' lang='lat' dir='ltr'><strong>ipsi</strong></span> <span class='ocrx_word' id='word_1_219' title='bbox 2023 2397 2202 2460; x_wconf 89' lang='lat' dir='ltr'><strong>maneant.</strong></span> <span class='ocrx_word' id='word_1_220' title='bbox 2252 2383 2401 2460; x_wconf 83' lang='lat' dir='ltr'><strong>Necesse</strong></span> 
     </span>
     <span class='ocr_line' id='line_1_18' title="bbox 375 2465 2401 2580; baseline 0.011 -41"><span class='ocrx_word' id='word_1_221' title='bbox 375 2487 408 2542; x_wconf 90' lang='lat' dir='ltr'><strong>et</strong></span> <span class='ocrx_word' id='word_1_222' title='bbox 422 2469 668 2542; x_wconf 76' lang='lat' dir='ltr'><strong>Connrrmrn</strong></span> <span class='ocrx_word' id='word_1_223' title='bbox 686 2469 915 2542; x_wconf 82' lang='lat' dir='ltr'><strong>Cordinalem</strong></span> <span class='ocrx_word' id='word_1_224' title='bbox 932 2469 968 2538; x_wconf 90' lang='lat' dir='ltr'><strong>in</strong></span> <span class='ocrx_word' id='word_1_225' title='bbox 988 2465 1090 2538; x_wconf 90' lang='lat' dir='ltr'><strong>ltalia</strong></span> <span class='ocrx_word' id='word_1_226' title='bbox 1104 2467 1221 2537; x_wconf 88' lang='lat' dir='ltr'><strong>dicere</strong></span> <span class='ocrx_word' id='word_1_227' title='bbox 1238 2467 1364 2553; x_wconf 88' lang='lat' dir='ltr'><strong>solere,</strong></span> <span class='ocrx_word' id='word_1_228' title='bbox 1414 2486 1465 2544; x_wconf 89' lang='lat' dir='ltr'><strong>est</strong></span> <span class='ocrx_word' id='word_1_229' title='bbox 1479 2471 1560 2564; x_wconf 92' lang='lat' dir='ltr'><strong>pios</strong></span> <span class='ocrx_word' id='word_1_230' title='bbox 1580 2471 1765 2562; x_wconf 85' lang='lat' dir='ltr'><strong>vigilantes</strong></span> <span class='ocrx_word' id='word_1_231' title='bbox 1787 2496 1871 2549; x_wconf 89' lang='lat' dir='ltr'><strong>esse.</strong></span> <span class='ocrx_word' id='word_1_232' title='bbox 1922 2474 2012 2548; x_wconf 89' lang='lat' dir='ltr'><strong>Nam</strong></span> <span class='ocrx_word' id='word_1_233' title='bbox 2036 2482 2200 2557; x_wconf 86' lang='lat' dir='ltr'><strong>diabolus</strong></span> <span class='ocrx_word' id='word_1_234' title='bbox 2219 2503 2401 2580; x_wconf 87' lang='lat' dir='ltr'><strong>oppugnat</strong></span> 
     </span>
     <span class='ocr_line' id='line_1_19' title="bbox 374 2568 2466 2683; baseline 0.006 -33"><span class='ocrx_word' id='word_1_235' title='bbox 374 2569 603 2644; x_wconf 74' lang='lat' dir='ltr'><strong>bulbereuue</strong></span> <span class='ocrx_word' id='word_1_236' title='bbox 622 2572 792 2643; x_wconf 75' lang='lat' dir='ltr'><strong>iniurium</strong></span> <span class='ocrx_word' id='word_1_237' title='bbox 813 2573 928 2650; x_wconf 68' lang='lat' dir='ltr'><strong>facete</strong></span> <span class='ocrx_word' id='word_1_238' title='bbox 949 2568 1124 2642; x_wconf 82' lang='lat' dir='ltr'><strong>Romanis</strong></span> <span class='ocrx_word' id='word_1_239' title='bbox 1145 2569 1363 2660; x_wconf 88' lang='lat' dir='ltr'><strong>proceribus,</strong></span> <span class='ocrx_word' id='word_1_240' title='bbox 1411 2570 1670 2664; x_wconf 84' lang='lat' dir='ltr'><strong>Evangelium,</strong></span> <span class='ocrx_word' id='word_1_241' title='bbox 1690 2597 1765 2644; x_wconf 91' lang='lat' dir='ltr'><strong>non</strong></span> <span class='ocrx_word' id='word_1_242' title='bbox 1779 2587 1916 2647; x_wconf 88' lang='lat' dir='ltr'><strong>tantum</strong></span> <span class='ocrx_word' id='word_1_243' title='bbox 1932 2581 2049 2668; x_wconf 90' lang='lat' dir='ltr'><strong>palam</strong></span> <span class='ocrx_word' id='word_1_244' title='bbox 2062 2581 2215 2658; x_wconf 88' lang='lat' dir='ltr'><strong>inritans</strong></span> <span class='ocrx_word' id='word_1_245' title='bbox 2229 2587 2402 2683; x_wconf 78' lang='lat' dir='ltr'><strong>tyrannos</strong></span> <span class='ocrx_word' id='word_1_246' title='bbox 2463 2626 2466 2640; x_wconf 86' lang='grc'><em>·</em></span> 
     </span>
     <span class='ocr_line' id='line_1_20' title="bbox 370 2670 2401 2764; baseline 0.008 -16"><span class='ocrx_word' id='word_1_247' title='bbox 370 2697 453 2746; x_wconf 81' lang='lat' dir='ltr'><strong>sum</strong></span> <span class='ocrx_word' id='word_1_248' title='bbox 490 2676 697 2746; x_wconf 85' lang='lat' dir='ltr'><strong>adscribant</strong></span> <span class='ocrx_word' id='word_1_249' title='bbox 727 2674 800 2744; x_wconf 88' lang='lat' dir='ltr'><strong>illis</strong></span> <span class='ocrx_word' id='word_1_250' title='bbox 821 2688 935 2746; x_wconf 86' lang='lat' dir='ltr'><strong>errata</strong></span> <span class='ocrx_word' id='word_1_251' title='bbox 965 2670 1185 2763; x_wconf 78' lang='lat' dir='ltr'><strong>plebeiorum</strong></span> <span class='ocrx_word' id='word_1_252' title='bbox 1210 2671 1362 2764; x_wconf 85' lang='lat' dir='ltr'><strong>scriptc-</strong></span> <span class='ocrx_word' id='word_1_253' title='bbox 1412 2679 1459 2748; x_wconf 89' lang='lat' dir='ltr'><strong>ad</strong></span> <span class='ocrx_word' id='word_1_254' title='bbox 1482 2676 1690 2757; x_wconf 80' lang='lat' dir='ltr'><strong>saevitiam,</strong></span> <span class='ocrx_word' id='word_1_255' title='bbox 1725 2677 1915 2748; x_wconf 83' lang='lat' dir='ltr'><strong>sedetiam</strong></span> <span class='ocrx_word' id='word_1_256' title='bbox 1937 2677 2238 2759; x_wconf 84' lang='lat' dir='ltr'><strong>callide&#39;insidias</strong></span> <span class='ocrx_word' id='word_1_257' title='bbox 2260 2706 2401 2764; x_wconf 86' lang='lat' dir='ltr'><strong>struens</strong></span> 
     </span>
     <span class='ocr_line' id='line_1_21' title="bbox 368 2774 2399 2883; baseline 0.002 -21"><span class='ocrx_word' id='word_1_258' title='bbox 368 2797 474 2862; x_wconf 66' lang='lat' dir='ltr'><strong>mm,</strong></span> <span class='ocrx_word' id='word_1_259' title='bbox 494 2791 549 2854; x_wconf 57' lang='lat'><strong>1¹2</strong></span> <span class='ocrx_word' id='word_1_260' title='bbox 566 2775 834 2866; x_wconf 61' lang='lat' dir='ltr'><strong>Ltsstfldflrums</strong></span> <span class='ocrx_word' id='word_1_261' title='bbox 873 2775 998 2846; x_wconf 70' lang='grc' dir='ltr'><strong>ὓθῑωῐ</strong></span> <span class='ocrx_word' id='word_1_262' title='bbox 1028 2796 1171 2858; x_wconf 61' lang='lat' dir='ltr'><strong>‘tentes</strong></span> <span class='ocrx_word' id='word_1_263' title='bbox 1200 2787 1237 2846; x_wconf 65' lang='lat'><strong>0¹</strong></span> <span class='ocrx_word' id='word_1_264' title='bbox 1260 2774 1361 2844; x_wconf 69' lang='lat' dir='ltr'><strong>timi·</strong></span> <span class='ocrx_word' id='word_1_265' title='bbox 1412 2791 1593 2870; x_wconf 90' lang='lat' dir='ltr'><strong>praetextu</strong></span> <span class='ocrx_word' id='word_1_266' title='bbox 1615 2777 1828 2870; x_wconf 88' lang='lat' dir='ltr'><strong>sapientiae,</strong></span> <span class='ocrx_word' id='word_1_267' title='bbox 1854 2794 1887 2850; x_wconf 93' lang='lat' dir='ltr'><strong>et</strong></span> <span class='ocrx_word' id='word_1_268' title='bbox 1905 2781 2096 2857; x_wconf 80' lang='lat' dir='ltr'><strong>offunderis</strong></span> <span class='ocrx_word' id='word_1_269' title='bbox 2121 2790 2233 2862; x_wconf 89' lang='lat' dir='ltr'><strong>bellas</strong></span> <span class='ocrx_word' id='word_1_270' title='bbox 2255 2816 2399 2883; x_wconf 87' lang='lat' dir='ltr'><strong>persua-</strong></span> 
     </span>
     <span class='ocr_line' id='line_1_22' title="bbox 367 2873 2399 2986; baseline 0.008 -41"><span class='ocrx_word' id='word_1_271' title='bbox 367 2878 483 2959; x_wconf 86' lang='lat' dir='ltr'><strong>lium,</strong></span> <span class='ocrx_word' id='word_1_272' title='bbox 511 2899 699 2972; x_wconf 88' lang='lat' dir='ltr'><strong>nunquam</strong></span> <span class='ocrx_word' id='word_1_273' title='bbox 727 2879 779 2949; x_wconf 92' lang='lat' dir='ltr'><strong>sic</strong></span> <span class='ocrx_word' id='word_1_274' title='bbox 806 2879 956 2948; x_wconf 87' lang='lat' dir='ltr'><strong>sensisse</strong></span> <span class='ocrx_word' id='word_1_275' title='bbox 978 2873 1162 2948; x_wconf 80' lang='lat' dir='ltr'><strong>Romanos</strong></span> <span class='ocrx_word' id='word_1_276' title='bbox 1188 2897 1361 2967; x_wconf 88' lang='lat' dir='ltr'><strong>proceres,</strong></span> <span class='ocrx_word' id='word_1_277' title='bbox 1412 2881 1544 2960; x_wconf 72' lang='lat' dir='ltr'><strong>aiones,</strong></span> <span class='ocrx_word' id='word_1_278' title='bbox 1559 2881 1742 2974; x_wconf 86' lang='lat' dir='ltr'><strong>dequibus</strong></span> <span class='ocrx_word' id='word_1_279' title='bbox 1758 2882 1924 2952; x_wconf 85' lang='lat' dir='ltr'><strong>cavendis</strong></span> <span class='ocrx_word' id='word_1_280' title='bbox 1939 2885 2042 2958; x_wconf 91' lang='lat' dir='ltr'><strong>toties</strong></span> <span class='ocrx_word' id='word_1_281' title='bbox 2058 2891 2227 2982; x_wconf 89' lang='lat' dir='ltr'><strong>praecipit</strong></span> <span class='ocrx_word' id='word_1_282' title='bbox 2242 2892 2399 2986; x_wconf 76' lang='lat' dir='ltr'><strong>Spiritus</strong></span> 
     </span>
     <span class='ocr_line' id='line_1_23' title="bbox 362 2977 2398 3082; baseline 0.01 -34"><span class='ocrx_word' id='word_1_283' title='bbox 362 2992 427 3050; x_wconf 79' lang='lat' dir='ltr'><strong>sut</strong></span> <span class='ocrx_word' id='word_1_284' title='bbox 446 2980 604 3074; x_wconf 86' lang='lat' dir='ltr'><strong>ineptias</strong></span> <span class='ocrx_word' id='word_1_285' title='bbox 617 2981 697 3050; x_wconf 87' lang='lat' dir='ltr'><strong>illas</strong></span> <span class='ocrx_word' id='word_1_286' title='bbox 713 2981 895 3072; x_wconf 85' lang='lat' dir='ltr'><strong>probasse:</strong></span> <span class='ocrx_word' id='word_1_287' title='bbox 928 2980 977 3051; x_wconf 94' lang='lat' dir='ltr'><strong>ita</strong></span> <span class='ocrx_word' id='word_1_288' title='bbox 993 2999 1090 3048; x_wconf 89' lang='lat' dir='ltr'><strong>nunc</strong></span> <span class='ocrx_word' id='word_1_289' title='bbox 1105 3001 1126 3046; x_wconf 93' lang='lat' dir='ltr'><strong>a</strong></span> <span class='ocrx_word' id='word_1_290' title='bbox 1141 2997 1179 3046; x_wconf 90' lang='lat' dir='ltr'><strong>se</strong></span> <span class='ocrx_word' id='word_1_291' title='bbox 1195 2978 1360 3050; x_wconf 82' lang='lat' dir='ltr'><strong>derivant</strong></span> <span class='ocrx_word' id='word_1_292' title='bbox 1411 2994 1573 3068; x_wconf 85' lang='lat' dir='ltr'><strong>sanctus,</strong></span> <span class='ocrx_word' id='word_1_293' title='bbox 1601 2982 1701 3053; x_wconf 84' lang='lat' dir='ltr'><strong>utad</strong></span> <span class='ocrx_word' id='word_1_294' title='bbox 1717 2977 1949 3053; x_wconf 87' lang='lat' dir='ltr'><strong>Timotheum</strong></span> <span class='ocrx_word' id='word_1_295' title='bbox 1964 2987 2083 3082; x_wconf 87' lang='lat' dir='ltr'><strong>inquit</strong></span> <span class='ocrx_word' id='word_1_296' title='bbox 2099 2989 2248 3079; x_wconf 85' lang='lat' dir='ltr'><strong>Paulus,</strong></span> <span class='ocrx_word' id='word_1_297' title='bbox 2270 3010 2398 3068; x_wconf 86' lang='lat' dir='ltr'><strong>ventu-</strong></span> 
     </span>
     <span class='ocr_line' id='line_1_24' title="bbox 361 3078 2394 3181; baseline 0.01 -31"><span class='ocrx_word' id='word_1_298' title='bbox 361 3096 501 3158; x_wconf 86' lang='lat' dir='ltr'><strong>errata.</strong></span> <span class='ocrx_word' id='word_1_299' title='bbox 564 3078 618 3154; x_wconf 82' lang='lat' dir='ltr'><strong>Ac</strong></span> <span class='ocrx_word' id='word_1_300' title='bbox 640 3083 713 3153; x_wconf 91' lang='lat' dir='ltr'><strong>scio</strong></span> <span class='ocrx_word' id='word_1_301' title='bbox 735 3084 870 3176; x_wconf 88' lang='lat' dir='ltr'><strong>ubique</strong></span> <span class='ocrx_word' id='word_1_302' title='bbox 894 3081 1053 3170; x_wconf 87' lang='lat' dir='ltr'><strong>gentium</strong></span> <span class='ocrx_word' id='word_1_303' title='bbox 1077 3079 1252 3167; x_wconf 89' lang='lat' dir='ltr'><strong>plurimos</strong></span> <span class='ocrx_word' id='word_1_304' title='bbox 1276 3104 1361 3165; x_wconf 89' lang='lat' dir='ltr'><strong>esse,</strong></span> <span class='ocrx_word' id='word_1_305' title='bbox 1410 3107 1471 3154; x_wconf 86' lang='lat' dir='ltr'><strong>ros</strong></span> <span class='ocrx_word' id='word_1_306' title='bbox 1485 3083 1632 3174; x_wconf 92' lang='lat' dir='ltr'><strong>spiritus</strong></span> <span class='ocrx_word' id='word_1_307' title='bbox 1647 3083 1868 3175; x_wconf 89' lang='lat' dir='ltr'><strong>impostores,</strong></span> <span class='ocrx_word' id='word_1_308' title='bbox 1887 3098 1922 3155; x_wconf 89' lang='lat' dir='ltr'><strong>et</strong></span> <span class='ocrx_word' id='word_1_309' title='bbox 1937 3089 1982 3158; x_wconf 92' lang='lat' dir='ltr'><strong>ad</strong></span> <span class='ocrx_word' id='word_1_310' title='bbox 1996 3086 2223 3166; x_wconf 78' lang='lat' dir='ltr'><strong>colossenses</strong></span> <span class='ocrx_word' id='word_1_311' title='bbox 2237 3097 2299 3181; x_wconf 87' lang='lat' dir='ltr'><strong>ait,</strong></span> <span class='ocrx_word' id='word_1_312' title='bbox 2322 3112 2394 3172; x_wconf 88' lang='lat' dir='ltr'><strong>tre·</strong></span> 
     </span>
     <span class='ocr_line' id='line_1_25' title="bbox 360 3178 2399 3284; baseline 0.008 -30"><span class='ocrx_word' id='word_1_313' title='bbox 360 3184 428 3276; x_wconf 87' lang='lat' dir='ltr'><strong>qui</strong></span> <span class='ocrx_word' id='word_1_314' title='bbox 456 3178 529 3256; x_wconf 90' lang='lat' dir='ltr'><strong>hoc</strong></span> <span class='ocrx_word' id='word_1_315' title='bbox 547 3208 643 3255; x_wconf 88' lang='lat' dir='ltr'><strong>noro</strong></span> <span class='ocrx_word' id='word_1_316' title='bbox 664 3185 814 3256; x_wconf 86' lang='lat' dir='ltr'><strong>artificio</strong></span> <span class='ocrx_word' id='word_1_317' title='bbox 838 3183 982 3253; x_wconf 88' lang='lat' dir='ltr'><strong>laudem</strong></span> <span class='ocrx_word' id='word_1_318' title='bbox 1008 3180 1198 3270; x_wconf 87' lang='lat' dir='ltr'><strong>singularis</strong></span> <span class='ocrx_word' id='word_1_319' title='bbox 1218 3184 1357 3272; x_wconf 83' lang='lat' dir='ltr'><strong>sapien·</strong></span> <span class='ocrx_word' id='word_1_320' title='bbox 1410 3186 1566 3256; x_wconf 91' lang='lat' dir='ltr'><strong>ditiones</strong></span> <span class='ocrx_word' id='word_1_321' title='bbox 1597 3178 1769 3255; x_wconf 87' lang='lat' dir='ltr'><strong>humanas</strong></span> <span class='ocrx_word' id='word_1_322' title='bbox 1798 3186 1951 3277; x_wconf 90' lang='lat' dir='ltr'><strong>speciem</strong></span> <span class='ocrx_word' id='word_1_323' title='bbox 1984 3191 2177 3284; x_wconf 87' lang='lat' dir='ltr'><strong>sapientiae</strong></span> <span class='ocrx_word' id='word_1_324' title='bbox 2212 3190 2399 3272; x_wconf 87' lang='lat' dir='ltr'><strong>habituras</strong></span> 
     </span>
     <span class='ocr_line' id='line_1_26' title="bbox 358 3283 2399 3392; baseline 0.008 -37"><span class='ocrx_word' id='word_1_325' title='bbox 358 3286 437 3355; x_wconf 88' lang='lat' dir='ltr'><strong>tiae</strong></span> <span class='ocrx_word' id='word_1_326' title='bbox 461 3298 706 3378; x_wconf 77' lang='lat' dir='ltr'><strong>aucupantur,</strong></span> <span class='ocrx_word' id='word_1_327' title='bbox 746 3286 810 3380; x_wconf 92' lang='lat' dir='ltr'><strong>qui</strong></span> <span class='ocrx_word' id='word_1_328' title='bbox 844 3285 1000 3376; x_wconf 91' lang='lat' dir='ltr'><strong>primum</strong></span> <span class='ocrx_word' id='word_1_329' title='bbox 1021 3306 1064 3352; x_wconf 91' lang='lat' dir='ltr'><strong>eo</strong></span> <span class='ocrx_word' id='word_1_330' title='bbox 1088 3283 1243 3354; x_wconf 91' lang='lat' dir='ltr'><strong>instituti</strong></span> <span class='ocrx_word' id='word_1_331' title='bbox 1263 3301 1358 3367; x_wconf 89' lang='lat' dir='ltr'><strong>sunt,</strong></span> <span class='ocrx_word' id='word_1_332' title='bbox 1410 3309 1497 3357; x_wconf 89' lang='lat' dir='ltr'><strong>csse.</strong></span> <span class='ocrx_word' id='word_1_333' title='bbox 1550 3283 1632 3357; x_wconf 87' lang='lat' dir='ltr'><strong>Non</strong></span> <span class='ocrx_word' id='word_1_334' title='bbox 1661 3298 1800 3358; x_wconf 90' lang='lat' dir='ltr'><strong>tanturn</strong></span> <span class='ocrx_word' id='word_1_335' title='bbox 1829 3289 2013 3362; x_wconf 89' lang='lat' dir='ltr'><strong>manifesta</strong></span> <span class='ocrx_word' id='word_1_336' title='bbox 2043 3295 2275 3370; x_wconf 89' lang='lat' dir='ltr'><strong>deliramenta</strong></span> <span class='ocrx_word' id='word_1_337' title='bbox 2296 3323 2399 3392; x_wconf 88' lang='lat' dir='ltr'><strong>apar-</strong></span> 
     </span>
     <span class='ocr_line' id='line_1_27' title="bbox 357 3386 2398 3489; baseline 0.007 -31"><span class='ocrx_word' id='word_1_338' title='bbox 357 3388 467 3478; x_wconf 83' lang='lat' dir='ltr'><strong>quod</strong></span> <span class='ocrx_word' id='word_1_339' title='bbox 492 3411 576 3460; x_wconf 89' lang='lat' dir='ltr'><strong>curn</strong></span> <span class='ocrx_word' id='word_1_340' title='bbox 604 3386 774 3483; x_wconf 88' lang='lat' dir='ltr'><strong>pleraque</strong></span> <span class='ocrx_word' id='word_1_341' title='bbox 797 3411 818 3458; x_wconf 89' lang='lat' dir='ltr'><strong>a</strong></span> <span class='ocrx_word' id='word_1_342' title='bbox 849 3386 954 3458; x_wconf 90' lang='lat' dir='ltr'><strong>uobis</strong></span> <span class='ocrx_word' id='word_1_343' title='bbox 983 3397 1139 3456; x_wconf 87' lang='lat' dir='ltr'><strong>correcta</strong></span> <span class='ocrx_word' id='word_1_344' title='bbox 1162 3409 1204 3456; x_wconf 81' lang='lat' dir='ltr'><strong>ex</strong></span> <span class='ocrx_word' id='word_1_345' title='bbox 1228 3388 1368 3459; x_wconf 88' lang='lat' dir='ltr'><strong>nostris·</strong></span> <span class='ocrx_word' id='word_1_346' title='bbox 1410 3402 1558 3481; x_wconf 89' lang='lat' dir='ltr'><strong>gentur,</strong></span> <span class='ocrx_word' id='word_1_347' title='bbox 1582 3388 1702 3484; x_wconf 90' lang='lat' dir='ltr'><strong>qualia</strong></span> <span class='ocrx_word' id='word_1_348' title='bbox 1719 3390 1864 3459; x_wconf 89' lang='lat' dir='ltr'><strong>fuerunt</strong></span> <span class='ocrx_word' id='word_1_349' title='bbox 1887 3390 2055 3489; x_wconf 86' lang='lat' dir='ltr'><strong>pleraque</strong></span> <span class='ocrx_word' id='word_1_350' title='bbox 2077 3411 2194 3470; x_wconf 84' lang='lat' dir='ltr'><strong>vetera</strong></span> <span class='ocrx_word' id='word_1_351' title='bbox 2216 3415 2250 3475; x_wconf 91' lang='lat' dir='ltr'><strong>et</strong></span> <span class='ocrx_word' id='word_1_352' title='bbox 2270 3424 2398 3478; x_wconf 83' lang='lat' dir='ltr'><strong>recen·</strong></span> 
     </span>
     <span class='ocr_line' id='line_1_28' title="bbox 284 3487 2399 3594; baseline 0.009 -37"><span class='ocrx_word' id='word_1_353' title='bbox 284 3487 291 3574; x_wconf 72' lang='lat' dir='ltr'><strong>l</strong></span> <span class='ocrx_word' id='word_1_354' title='bbox 357 3488 472 3561; x_wconf 89' lang='lat' dir='ltr'><strong>libris</strong></span> <span class='ocrx_word' id='word_1_355' title='bbox 495 3503 723 3581; x_wconf 83' lang='lat' dir='ltr'><strong>mutuentur,</strong></span> <span class='ocrx_word' id='word_1_356' title='bbox 747 3502 782 3561; x_wconf 90' lang='lat' dir='ltr'><strong>ct</strong></span> <span class='ocrx_word' id='word_1_357' title='bbox 801 3489 933 3562; x_wconf 90' lang='lat' dir='ltr'><strong>nostris</strong></span> <span class='ocrx_word' id='word_1_358' title='bbox 953 3511 991 3561; x_wconf 94' lang='lat' dir='ltr'><strong>se</strong></span> <span class='ocrx_word' id='word_1_359' title='bbox 1007 3488 1134 3577; x_wconf 88' lang='lat' dir='ltr'><strong>pennis</strong></span> <span class='ocrx_word' id='word_1_360' title='bbox 1147 3504 1293 3574; x_wconf 90' lang='lat' dir='ltr'><strong>ornent,</strong></span> <span class='ocrx_word' id='word_1_361' title='bbox 1318 3504 1360 3563; x_wconf 91' lang='lat' dir='ltr'><strong>ut</strong></span> <span class='ocrx_word' id='word_1_362' title='bbox 1410 3492 1480 3573; x_wconf 89' lang='lat' dir='ltr'><strong>tia,</strong></span> <span class='ocrx_word' id='word_1_363' title='bbox 1505 3504 1545 3563; x_wconf 92' lang='lat' dir='ltr'><strong>ut</strong></span> <span class='ocrx_word' id='word_1_364' title='bbox 1561 3491 1667 3584; x_wconf 88' lang='lat' dir='ltr'><strong>paulo</strong></span> <span class='ocrx_word' id='word_1_365' title='bbox 1684 3505 1766 3561; x_wconf 86' lang='lat' dir='ltr'><strong>ante</strong></span> <span class='ocrx_word' id='word_1_366' title='bbox 1784 3493 1990 3564; x_wconf 77' lang='lat' dir='ltr'><strong>manifestae</strong></span> <span class='ocrx_word' id='word_1_367' title='bbox 2013 3496 2158 3571; x_wconf 87' lang='lat' dir='ltr'><strong>fuerunt</strong></span> <span class='ocrx_word' id='word_1_368' title='bbox 2177 3503 2399 3594; x_wconf 87' lang='lat' dir='ltr'><strong>imposturae</strong></span> 
     </span>
     <span class='ocr_line' id='line_1_29' title="bbox 354 3588 2397 3684; baseline 0.009 -25"><span class='ocrx_word' id='word_1_369' title='bbox 354 3590 490 3661; x_wconf 86' lang='lat' dir='ltr'><strong>fucum</strong></span> <span class='ocrx_word' id='word_1_370' title='bbox 510 3591 829 3677; x_wconf 86' lang='lat' dir='ltr'><strong>incautisfaciant,</strong></span> <span class='ocrx_word' id='word_1_371' title='bbox 853 3603 972 3662; x_wconf 88' lang='lat' dir='ltr'><strong>tamen</strong></span> <span class='ocrx_word' id='word_1_372' title='bbox 987 3590 1092 3659; x_wconf 92' lang='lat' dir='ltr'><strong>nobis</strong></span> <span class='ocrx_word' id='word_1_373' title='bbox 1105 3589 1229 3684; x_wconf 89' lang='lat' dir='ltr'><strong>iniqua</strong></span> <span class='ocrx_word' id='word_1_374' title='bbox 1248 3588 1359 3666; x_wconf 85' lang='lat' dir='ltr'><strong>dido·</strong></span> <span class='ocrx_word' id='word_1_375' title='bbox 1409 3593 1733 3683; x_wconf 70' lang='lat' dir='ltr'><strong>indulgentiarum:</strong></span> <span class='ocrx_word' id='word_1_376' title='bbox 1775 3596 1837 3663; x_wconf 89' lang='lat' dir='ltr'><strong>sed</strong></span> <span class='ocrx_word' id='word_1_377' title='bbox 1862 3596 1968 3664; x_wconf 87' lang='lat' dir='ltr'><strong>etiarn</strong></span> <span class='ocrx_word' id='word_1_378' title='bbox 1991 3590 2155 3671; x_wconf 92' lang='lat' dir='ltr'><strong>homines</strong></span> <span class='ocrx_word' id='word_1_379' title='bbox 2176 3606 2283 3675; x_wconf 87' lang='lat' dir='ltr'><strong>astuti</strong></span> <span class='ocrx_word' id='word_1_380' title='bbox 2307 3607 2397 3678; x_wconf 83' lang='lat' dir='ltr'><strong>falsa</strong></span> 
     </span>
     <span class='ocr_line' id='line_1_30' title="bbox 355 3692 2394 3795; baseline 0.008 -32"><span class='ocrx_word' id='word_1_381' title='bbox 355 3714 463 3787; x_wconf 73' lang='lat' dir='ltr'><strong>upa</strong></span> <span class='ocrx_word' id='word_1_382' title='bbox 477 3697 646 3765; x_wconf 86' lang='lat' dir='ltr'><strong>reddunt.</strong></span> <span class='ocrx_word' id='word_1_383' title='bbox 696 3692 891 3765; x_wconf 88' lang='lat' dir='ltr'><strong>Nouenim</strong></span> <span class='ocrx_word' id='word_1_384' title='bbox 915 3694 1085 3763; x_wconf 88' lang='lat' dir='ltr'><strong>desinunt</strong></span> <span class='ocrx_word' id='word_1_385' title='bbox 1107 3694 1147 3761; x_wconf 91' lang='lat' dir='ltr'><strong>in</strong></span> <span class='ocrx_word' id='word_1_386' title='bbox 1168 3716 1235 3763; x_wconf 93' lang='lat' dir='ltr'><strong>uos</strong></span> <span class='ocrx_word' id='word_1_387' title='bbox 1258 3718 1359 3766; x_wconf 87' lang='lat' dir='ltr'><strong>exer·</strong></span> <span class='ocrx_word' id='word_1_388' title='bbox 1409 3696 1593 3785; x_wconf 89' lang='lat' dir='ltr'><strong>dogmata,</strong></span> <span class='ocrx_word' id='word_1_389' title='bbox 1621 3708 1657 3765; x_wconf 89' lang='lat' dir='ltr'><strong>et</strong></span> <span class='ocrx_word' id='word_1_390' title='bbox 1679 3694 1808 3785; x_wconf 88' lang='lat' dir='ltr'><strong>impios</strong></span> <span class='ocrx_word' id='word_1_391' title='bbox 1832 3694 1921 3767; x_wconf 90' lang='lat' dir='ltr'><strong>ritus</strong></span> <span class='ocrx_word' id='word_1_392' title='bbox 1942 3698 2129 3773; x_wconf 86' lang='lat' dir='ltr'><strong>artificiose</strong></span> <span class='ocrx_word' id='word_1_393' title='bbox 2151 3704 2319 3795; x_wconf 89' lang='lat' dir='ltr'><strong>pingent,</strong></span> <span class='ocrx_word' id='word_1_394' title='bbox 2353 3722 2394 3779; x_wconf 91' lang='lat' dir='ltr'><strong>ut</strong></span> 
     </span>
     <span class='ocr_line' id='line_1_31' title="bbox 288 3788 2396 3890; baseline 0.01 -32"><span class='ocrx_word' id='word_1_395' title='bbox 288 3821 293 3858; x_wconf 91' lang='grc' dir='ltr'><strong>ι</strong></span> <span class='ocrx_word' id='word_1_396' title='bbox 356 3817 444 3863; x_wconf 87' lang='lat' dir='ltr'><strong>cere</strong></span> <span class='ocrx_word' id='word_1_397' title='bbox 457 3796 727 3881; x_wconf 87' lang='lat' dir='ltr'><strong>crudelitatem,</strong></span> <span class='ocrx_word' id='word_1_398' title='bbox 753 3795 975 3864; x_wconf 80' lang='lat' dir='ltr'><strong>deindenon</strong></span> <span class='ocrx_word' id='word_1_399' title='bbox 994 3796 1152 3886; x_wconf 87' lang='lat' dir='ltr'><strong>cogitant</strong></span> <span class='ocrx_word' id='word_1_400' title='bbox 1175 3788 1267 3867; x_wconf 89' lang='lat' dir='ltr'><strong>banc</strong></span> <span class='ocrx_word' id='word_1_401' title='bbox 1290 3820 1357 3867; x_wconf 89' lang='lat' dir='ltr'><strong>no-</strong></span> <span class='ocrx_word' id='word_1_402' title='bbox 1408 3818 1645 3885; x_wconf 85' lang='lat' dir='ltr'><strong>magnacum</strong></span> <span class='ocrx_word' id='word_1_403' title='bbox 1671 3796 1844 3886; x_wconf 90' lang='lat' dir='ltr'><strong>applausu</strong></span> <span class='ocrx_word' id='word_1_404' title='bbox 1869 3798 2108 3888; x_wconf 80' lang='lat' dir='ltr'><strong>excipiantur,</strong></span> <span class='ocrx_word' id='word_1_405' title='bbox 2142 3822 2321 3890; x_wconf 88' lang='lat' dir='ltr'><strong>amentur,</strong></span> <span class='ocrx_word' id='word_1_406' title='bbox 2355 3834 2396 3879; x_wconf 89' lang='lat' dir='ltr'><strong>ac</strong></span> 
     </span>
     <span class='ocr_line' id='line_1_32' title="bbox 356 3892 2394 4001; baseline 0.008 -36"><span class='ocrx_word' id='word_1_407' title='bbox 356 3918 444 3965; x_wconf 77' lang='lat' dir='ltr'><strong>vam</strong></span> <span class='ocrx_word' id='word_1_408' title='bbox 466 3892 699 3987; x_wconf 86' lang='lat' dir='ltr'><strong>sophisticam</strong></span> <span class='ocrx_word' id='word_1_409' title='bbox 721 3897 801 3969; x_wconf 90' lang='lat' dir='ltr'><strong>fore</strong></span> <span class='ocrx_word' id='word_1_410' title='bbox 823 3909 1016 3969; x_wconf 83' lang='lat' dir='ltr'><strong>extremam</strong></span> <span class='ocrx_word' id='word_1_411' title='bbox 1039 3896 1231 3987; x_wconf 88' lang='lat' dir='ltr'><strong>perniciem</strong></span> <span class='ocrx_word' id='word_1_412' title='bbox 1254 3924 1357 3971; x_wconf 84' lang='lat' dir='ltr'><strong>verae</strong></span> <span class='ocrx_word' id='word_1_413' title='bbox 1408 3900 1654 3971; x_wconf 81' lang='lat' dir='ltr'><strong>retineantur.¹</strong></span> <span class='ocrx_word' id='word_1_414' title='bbox 1705 3892 1764 3965; x_wconf 83' lang='lat' dir='ltr'><strong>An</strong></span> <span class='ocrx_word' id='word_1_415' title='bbox 1787 3920 1861 3967; x_wconf 92' lang='lat' dir='ltr'><strong>non</strong></span> <span class='ocrx_word' id='word_1_416' title='bbox 1886 3892 1992 3971; x_wconf 91' lang='lat' dir='ltr'><strong>babet</strong></span> <span class='ocrx_word' id='word_1_417' title='bbox 2016 3905 2209 3994; x_wconf 88' lang='lat' dir='ltr'><strong>sapientiae</strong></span> <span class='ocrx_word' id='word_1_418' title='bbox 2230 3912 2394 4001; x_wconf 87' lang='lat' dir='ltr'><strong>speciem,</strong></span> 
     </span>
     <span class='ocr_line' id='line_1_33' title="bbox 278 3996 2395 4099; baseline 0.008 -35"><span class='ocrx_word' id='word_1_419' title='bbox 278 4074 285 4083; x_wconf 33' lang='lat'>¹</span> <span class='ocrx_word' id='word_1_420' title='bbox 359 3996 562 4087; x_wconf 76' lang='lat' dir='ltr'><strong>religionis.</strong></span> <span class='ocrx_word' id='word_1_421' title='bbox 1409 3999 1575 4090; x_wconf 87' lang='lat' dir='ltr'><strong>impietas</strong></span> <span class='ocrx_word' id='word_1_422' title='bbox 1591 3996 1840 4070; x_wconf 74' lang='lat' dir='ltr'><strong>samosateni?</strong></span> <span class='ocrx_word' id='word_1_423' title='bbox 1872 3996 1932 4069; x_wconf 85' lang='lat' dir='ltr'><strong>An</strong></span> <span class='ocrx_word' id='word_1_424' title='bbox 1947 4024 2019 4073; x_wconf 92' lang='lat' dir='ltr'><strong>non</strong></span> <span class='ocrx_word' id='word_1_425' title='bbox 2043 4020 2096 4078; x_wconf 88' lang='lat' dir='ltr'><strong>cst</strong></span> <span class='ocrx_word' id='word_1_426' title='bbox 2114 4008 2314 4099; x_wconf 88' lang='lat' dir='ltr'><strong>plausibilis</strong></span> <span class='ocrx_word' id='word_1_427' title='bbox 2336 4034 2395 4081; x_wconf 84' lang='lat' dir='ltr'><strong>er-</strong></span> 
     </span>
     <span class='ocr_line' id='line_1_34' title="bbox 466 4092 2394 4193; baseline 0.007 -22"><span class='ocrx_word' id='word_1_428' title='bbox 466 4100 508 4171; x_wconf 77' lang='lat' dir='ltr'><strong>si</strong></span> <span class='ocrx_word' id='word_1_429' title='bbox 533 4100 686 4191; x_wconf 88' lang='lat' dir='ltr'><strong>ingeniis</strong></span> <span class='ocrx_word' id='word_1_430' title='bbox 710 4097 1007 4191; x_wconf 87' lang='lat' dir='ltr'><strong>petulantioribus</strong></span> <span class='ocrx_word' id='word_1_431' title='bbox 1033 4098 1114 4169; x_wconf 89' lang='lat' dir='ltr'><strong>licet</strong></span> <span class='ocrx_word' id='word_1_432' title='bbox 1135 4101 1356 4172; x_wconf 88' lang='lat' dir='ltr'><strong>comminisci</strong></span> <span class='ocrx_word' id='word_1_433' title='bbox 1407 4124 1470 4169; x_wconf 89' lang='lat' dir='ltr'><strong>ror</strong></span> <span class='ocrx_word' id='word_1_434' title='bbox 1491 4098 1626 4193; x_wconf 86' lang='lat' dir='ltr'><strong>Pelagii</strong></span> <span class='ocrx_word' id='word_1_435' title='bbox 1646 4092 1840 4191; x_wconf 89' lang='lat' dir='ltr'><strong>prophanis</strong></span> <span class='ocrx_word' id='word_1_436' title='bbox 1861 4102 2039 4191; x_wconf 74' lang='lat' dir='ltr'><strong>ingeniis?</strong></span> <span class='ocrx_word' id='word_1_437' title='bbox 2079 4106 2130 4181; x_wconf 91' lang='lat' dir='ltr'><strong>lta</strong></span> <span class='ocrx_word' id='word_1_438' title='bbox 2154 4104 2286 4183; x_wconf 87' lang='lat' dir='ltr'><strong>hahent</strong></span> <span class='ocrx_word' id='word_1_439' title='bbox 2308 4108 2394 4185; x_wconf 90' lang='lat' dir='ltr'><strong>hacc</strong></span> 
     </span>
     <span class='ocr_line' id='line_1_35' title="bbox 360 4200 2394 4302; baseline 0.009 -35"><span class='ocrx_word' id='word_1_440' title='bbox 360 4200 577 4287; x_wconf 87' lang='lat' dir='ltr'><strong>glossassno</strong></span> <span class='ocrx_word' id='word_1_441' title='bbox 591 4203 761 4287; x_wconf 89' lang='lat' dir='ltr'><strong>arbitrio,</strong></span> <span class='ocrx_word' id='word_1_442' title='bbox 783 4202 872 4295; x_wconf 90' lang='lat' dir='ltr'><strong>quid</strong></span> <span class='ocrx_word' id='word_1_443' title='bbox 887 4201 1139 4272; x_wconf 82' lang='lat' dir='ltr'><strong>futorumest?</strong></span> <span class='ocrx_word' id='word_1_444' title='bbox 1164 4200 1356 4275; x_wconf 77' lang='lat' dir='ltr'><strong>Manifesta</strong></span> <span class='ocrx_word' id='word_1_445' title='bbox 1407 4201 1558 4293; x_wconf 88' lang='lat' dir='ltr'><strong>speciem</strong></span> <span class='ocrx_word' id='word_1_446' title='bbox 1581 4200 1782 4291; x_wconf 86' lang='lat' dir='ltr'><strong>sapientiae.</strong></span> <span class='ocrx_word' id='word_1_447' title='bbox 1847 4200 1997 4279; x_wconf 86' lang='lat' dir='ltr'><strong>Prodest</strong></span> <span class='ocrx_word' id='word_1_448' title='bbox 2019 4209 2062 4277; x_wconf 93' lang='lat' dir='ltr'><strong>ad</strong></span> <span class='ocrx_word' id='word_1_449' title='bbox 2091 4234 2211 4302; x_wconf 88' lang='lat' dir='ltr'><strong>pacem</strong></span> <span class='ocrx_word' id='word_1_450' title='bbox 2234 4228 2269 4283; x_wconf 90' lang='lat' dir='ltr'><strong>et</strong></span> <span class='ocrx_word' id='word_1_451' title='bbox 2295 4227 2394 4285; x_wconf 89' lang='lat' dir='ltr'><strong>tran-</strong></span> 
     </span>
     <span class='ocr_line' id='line_1_36' title="bbox 362 4301 2394 4405; baseline 0.008 -38"><span class='ocrx_word' id='word_1_452' title='bbox 362 4315 414 4373; x_wconf 87' lang='lat' dir='ltr'><strong>est</strong></span> <span class='ocrx_word' id='word_1_453' title='bbox 430 4303 636 4377; x_wconf 88' lang='lat' dir='ltr'><strong>idololatria</strong></span> <span class='ocrx_word' id='word_1_454' title='bbox 660 4306 698 4373; x_wconf 93' lang='lat' dir='ltr'><strong>in</strong></span> <span class='ocrx_word' id='word_1_455' title='bbox 723 4304 822 4374; x_wconf 86' lang='lat' dir='ltr'><strong>cultu</strong></span> <span class='ocrx_word' id='word_1_456' title='bbox 836 4316 1065 4387; x_wconf 88' lang='lat' dir='ltr'><strong>sanctorum,</strong></span> <span class='ocrx_word' id='word_1_457' title='bbox 1087 4303 1126 4371; x_wconf 88' lang='lat' dir='ltr'><strong>iu</strong></span> <span class='ocrx_word' id='word_1_458' title='bbox 1148 4301 1270 4375; x_wconf 88' lang='lat' dir='ltr'><strong>Missis</strong></span> <span class='ocrx_word' id='word_1_459' title='bbox 1290 4328 1355 4397; x_wconf 89' lang='lat' dir='ltr'><strong>pro</strong></span> <span class='ocrx_word' id='word_1_460' title='bbox 1406 4302 1619 4396; x_wconf 90' lang='lat' dir='ltr'><strong>quillitatem</strong></span> <span class='ocrx_word' id='word_1_461' title='bbox 1644 4304 1799 4374; x_wconf 89' lang='lat' dir='ltr'><strong>retinere</strong></span> <span class='ocrx_word' id='word_1_462' title='bbox 1818 4303 1966 4376; x_wconf 89' lang='lat' dir='ltr'><strong>usitatos</strong></span> <span class='ocrx_word' id='word_1_463' title='bbox 1987 4332 2121 4395; x_wconf 88' lang='lat' dir='ltr'><strong>mores,</strong></span> <span class='ocrx_word' id='word_1_464' title='bbox 2161 4312 2394 4405; x_wconf 87' lang='lat' dir='ltr'><strong>decerpantur</strong></span> 
     </span>
     <span class='ocr_line' id='line_1_37' title="bbox 363 4398 2393 4501; baseline 0.006 -28"><span class='ocrx_word' id='word_1_465' title='bbox 363 4406 538 4488; x_wconf 87' lang='lat' dir='ltr'><strong>mortuis,</strong></span> <span class='ocrx_word' id='word_1_466' title='bbox 563 4418 599 4477; x_wconf 93' lang='lat' dir='ltr'><strong>et</strong></span> <span class='ocrx_word' id='word_1_467' title='bbox 614 4418 731 4477; x_wconf 88' lang='lat' dir='ltr'><strong>tamen</strong></span> <span class='ocrx_word' id='word_1_468' title='bbox 746 4406 882 4492; x_wconf 89' lang='lat' dir='ltr'><strong>glossae</strong></span> <span class='ocrx_word' id='word_1_469' title='bbox 897 4404 1118 4494; x_wconf 85' lang='lat' dir='ltr'><strong>affinguntur</strong></span> <span class='ocrx_word' id='word_1_470' title='bbox 1133 4406 1179 4475; x_wconf 92' lang='lat' dir='ltr'><strong>ad</strong></span> <span class='ocrx_word' id='word_1_471' title='bbox 1196 4407 1355 4477; x_wconf 88' lang='lat' dir='ltr'><strong>retinen·</strong></span> <span class='ocrx_word' id='word_1_472' title='bbox 1406 4405 1516 4493; x_wconf 90' lang='lat' dir='ltr'><strong>igitur</strong></span> <span class='ocrx_word' id='word_1_473' title='bbox 1529 4398 1747 4473; x_wconf 89' lang='lat' dir='ltr'><strong>horridiores</strong></span> <span class='ocrx_word' id='word_1_474' title='bbox 1762 4402 1970 4496; x_wconf 90' lang='lat' dir='ltr'><strong>opiniones,</strong></span> <span class='ocrx_word' id='word_1_475' title='bbox 1996 4423 2030 4479; x_wconf 93' lang='lat' dir='ltr'><strong>et</strong></span> <span class='ocrx_word' id='word_1_476' title='bbox 2050 4412 2265 4501; x_wconf 77' lang='lat' dir='ltr'><strong>affinguntur</strong></span> <span class='ocrx_word' id='word_1_477' title='bbox 2281 4415 2393 4485; x_wconf 69' lang='lat' dir='ltr'><strong>inter-a</strong></span> 
     </span>
     <span class='ocr_line' id='line_1_38' title="bbox 277 4500 2391 4603; baseline 0.007 -32"><span class='ocrx_word' id='word_1_478' title='bbox 277 4583 281 4589; x_wconf 24' lang='lat'>¹</span> <span class='ocrx_word' id='word_1_479' title='bbox 365 4505 433 4577; x_wconf 88' lang='lat' dir='ltr'><strong>dos</strong></span> <span class='ocrx_word' id='word_1_480' title='bbox 453 4508 546 4579; x_wconf 90' lang='lat' dir='ltr'><strong>ritus</strong></span> <span class='ocrx_word' id='word_1_481' title='bbox 561 4530 624 4599; x_wconf 86' lang='lat' dir='ltr'><strong>per</strong></span> <span class='ocrx_word' id='word_1_482' title='bbox 636 4530 712 4578; x_wconf 90' lang='lat' dir='ltr'><strong>sese</strong></span> <span class='ocrx_word' id='word_1_483' title='bbox 730 4507 887 4582; x_wconf 89' lang='lat' dir='ltr'><strong>vitiosos.</strong></span> <span class='ocrx_word' id='word_1_484' title='bbox 939 4504 993 4577; x_wconf 90' lang='lat' dir='ltr'><strong>lta</strong></span> <span class='ocrx_word' id='word_1_485' title='bbox 1007 4507 1354 4597; x_wconf 84' lang='lat' dir='ltr'><strong>paulopostfortas-</strong></span> <span class='ocrx_word' id='word_1_486' title='bbox 1406 4505 1621 4596; x_wconf 87' lang='lat' dir='ltr'><strong>pretatiooes</strong></span> <span class='ocrx_word' id='word_1_487' title='bbox 1643 4500 1913 4603; x_wconf 75' lang='lat' dir='ltr'><strong>edrpqpcore&#39;pm,</strong></span> <span class='ocrx_word' id='word_1_488' title='bbox 1957 4508 2047 4581; x_wconf 90' lang='lat' dir='ltr'><strong>ritus</strong></span> <span class='ocrx_word' id='word_1_489' title='bbox 2071 4511 2138 4603; x_wconf 89' lang='lat' dir='ltr'><strong>ipsi</strong></span> <span class='ocrx_word' id='word_1_490' title='bbox 2160 4516 2391 4587; x_wconf 86' lang='lat' dir='ltr'><strong>retineantur.</strong></span> 
     </span>
     <span class='ocr_line' id='line_1_39' title="bbox 365 4600 2391 4707; baseline 0.008 -34"><span class='ocrx_word' id='word_1_491' title='bbox 365 4606 413 4676; x_wconf 89' lang='lat' dir='ltr'><strong>sis</strong></span> <span class='ocrx_word' id='word_1_492' title='bbox 437 4604 631 4704; x_wconf 79' lang='lat' dir='ltr'><strong>Aegyptias</strong></span> <span class='ocrx_word' id='word_1_493' title='bbox 653 4608 922 4702; x_wconf 89' lang='lat' dir='ltr'><strong>superstitiones</strong></span> <span class='ocrx_word' id='word_1_494' title='bbox 953 4608 1182 4681; x_wconf 84' lang='lat' dir='ltr'><strong>excusabunt.</strong></span> <span class='ocrx_word' id='word_1_495' title='bbox 1248 4606 1353 4681; x_wconf 80' lang='lat' dir='ltr'><strong>Absit</strong></span> <span class='ocrx_word' id='word_1_496' title='bbox 1405 4606 1602 4698; x_wconf 86' lang='lat' dir='ltr'><strong>Splendidc</strong></span> <span class='ocrx_word' id='word_1_497' title='bbox 1638 4600 1706 4676; x_wconf 92' lang='lat' dir='ltr'><strong>boc</strong></span> <span class='ocrx_word' id='word_1_498' title='bbox 1737 4607 1808 4678; x_wconf 88' lang='lat' dir='ltr'><strong>dici</strong></span> <span class='ocrx_word' id='word_1_499' title='bbox 1844 4608 2003 4693; x_wconf 87' lang='lat' dir='ltr'><strong>videtur,</strong></span> <span class='ocrx_word' id='word_1_500' title='bbox 2045 4634 2124 4683; x_wconf 90' lang='lat' dir='ltr'><strong>cnm</strong></span> <span class='ocrx_word' id='word_1_501' title='bbox 2155 4613 2262 4707; x_wconf 84' lang='lat' dir='ltr'><strong>longe</strong></span> <span class='ocrx_word' id='word_1_502' title='bbox 2291 4618 2391 4689; x_wconf 91' lang='lat' dir='ltr'><strong>aliud</strong></span> 
     </span>
     <span class='ocr_line' id='line_1_40' title="bbox 366 4704 1539 4801; baseline 0.002 -24"><span class='ocrx_word' id='word_1_503' title='bbox 366 4708 414 4777; x_wconf 90' lang='lat' dir='ltr'><strong>ab</strong></span> <span class='ocrx_word' id='word_1_504' title='bbox 433 4706 594 4783; x_wconf 85' lang='lat' dir='ltr'><strong>Ecclesia</strong></span> <span class='ocrx_word' id='word_1_505' title='bbox 617 4704 705 4781; x_wconf 90' lang='lat' dir='ltr'><strong>haec</strong></span> <span class='ocrx_word' id='word_1_506' title='bbox 735 4710 844 4801; x_wconf 89' lang='lat' dir='ltr'><strong>impia</strong></span> <span class='ocrx_word' id='word_1_507' title='bbox 867 4721 902 4779; x_wconf 92' lang='lat' dir='ltr'><strong>et</strong></span> <span class='ocrx_word' id='word_1_508' title='bbox 922 4709 1119 4800; x_wconf 87' lang='lat' dir='ltr'><strong>perniciosa</strong></span> <span class='ocrx_word' id='word_1_509' title='bbox 1147 4704 1352 4801; x_wconf 88' lang='lat' dir='ltr'><strong>sophistica,</strong></span> <span class='ocrx_word' id='word_1_510' title='bbox 1403 4722 1539 4797; x_wconf 85' lang='lat' dir='ltr'><strong>agatur.</strong></span> 
     </span>
     <span class='ocr_line' id='line_1_41' title="bbox 365 4801 2391 4907; baseline 0.007 -27"><span class='ocrx_word' id='word_1_511' title='bbox 365 4828 528 4901; x_wconf 87' lang='lat' dir='ltr'><strong>quaeest</strong></span> <span class='ocrx_word' id='word_1_512' title='bbox 547 4810 754 4907; x_wconf 87' lang='lat' dir='ltr'><strong>protestatio</strong></span> <span class='ocrx_word' id='word_1_513' title='bbox 776 4809 954 4883; x_wconf 87' lang='lat' dir='ltr'><strong>contraria</strong></span> <span class='ocrx_word' id='word_1_514' title='bbox 972 4811 1078 4883; x_wconf 91' lang='lat' dir='ltr'><strong>facto.</strong></span> <span class='ocrx_word' id='word_1_515' title='bbox 1127 4807 1256 4883; x_wconf 89' lang='lat' dir='ltr'><strong>Cultus</strong></span> <span class='ocrx_word' id='word_1_516' title='bbox 1277 4835 1350 4882; x_wconf 87' lang='lat' dir='ltr'><strong>non</strong></span> <span class='ocrx_word' id='word_1_517' title='bbox 1505 4806 1583 4878; x_wconf 87' lang='lat' dir='ltr'><strong>Hae</strong></span> <span class='ocrx_word' id='word_1_518' title='bbox 1597 4801 1848 4901; x_wconf 85' lang='lat' dir='ltr'><strong>sycophantiae</strong></span> <span class='ocrx_word' id='word_1_519' title='bbox 1863 4808 2077 4899; x_wconf 87' lang='lat' dir='ltr'><strong>significatae</strong></span> <span class='ocrx_word' id='word_1_520' title='bbox 2089 4828 2174 4887; x_wconf 91' lang='lat' dir='ltr'><strong>sunt</strong></span> <span class='ocrx_word' id='word_1_521' title='bbox 2188 4816 2228 4887; x_wconf 93' lang='lat' dir='ltr'><strong>in</strong></span> <span class='ocrx_word' id='word_1_522' title='bbox 2241 4814 2391 4895; x_wconf 86' lang='lat' dir='ltr'><strong>historia</strong></span> 
     </span>
     <span class='ocr_line' id='line_1_42' title="bbox 366 4905 2391 5007; baseline 0.002 -20"><span class='ocrx_word' id='word_1_523' title='bbox 366 4910 549 4987; x_wconf 81' lang='lat' dir='ltr'><strong>institutus</strong></span> <span class='ocrx_word' id='word_1_524' title='bbox 572 4935 735 5007; x_wconf 81' lang='lat' dir='ltr'><strong>expresso</strong></span> <span class='ocrx_word' id='word_1_525' title='bbox 755 4909 824 4983; x_wconf 84' lang='lat' dir='ltr'><strong>Dei</strong></span> <span class='ocrx_word' id='word_1_526' title='bbox 851 4914 981 4992; x_wconf 81' lang='lat' dir='ltr'><strong>serbo,</strong></span> <span class='ocrx_word' id='word_1_527' title='bbox 1014 4935 1079 5003; x_wconf 93' lang='lat' dir='ltr'><strong>per</strong></span> <span class='ocrx_word' id='word_1_528' title='bbox 1100 4934 1177 4983; x_wconf 89' lang='lat' dir='ltr'><strong>sese</strong></span> <span class='ocrx_word' id='word_1_529' title='bbox 1201 4912 1352 4985; x_wconf 88' lang='lat' dir='ltr'><strong>vitiosus</strong></span> <span class='ocrx_word' id='word_1_530' title='bbox 1401 4911 1448 4979; x_wconf 89' lang='lat' dir='ltr'><strong>de</strong></span> <span class='ocrx_word' id='word_1_531' title='bbox 1462 4905 1626 4992; x_wconf 91' lang='lat' dir='ltr'><strong>Christo,</strong></span> <span class='ocrx_word' id='word_1_532' title='bbox 1652 4932 1761 5006; x_wconf 89' lang='lat' dir='ltr'><strong>qoem</strong></span> <span class='ocrx_word' id='word_1_533' title='bbox 1785 4934 1867 4981; x_wconf 88' lang='lat' dir='ltr'><strong>cum</strong></span> <span class='ocrx_word' id='word_1_534' title='bbox 1887 4913 2010 4985; x_wconf 87' lang='lat' dir='ltr'><strong>oculos</strong></span> <span class='ocrx_word' id='word_1_535' title='bbox 2033 4916 2109 4986; x_wconf 88' lang='lat' dir='ltr'><strong>eius</strong></span> <span class='ocrx_word' id='word_1_536' title='bbox 2123 4918 2312 5007; x_wconf 74' lang='lat' dir='ltr'><strong>celassent,</strong></span> <span class='ocrx_word' id='word_1_537' title='bbox 2337 4925 2391 4993; x_wconf 89' lang='lat' dir='ltr'><strong>ei-</strong></span> 
     </span>
     <span class='ocr_line' id='line_1_43' title="bbox 366 5004 2389 5109; baseline 0.003 -22"><span class='ocrx_word' id='word_1_538' title='bbox 366 5028 437 5095; x_wconf 89' lang='lat' dir='ltr'><strong>est,</strong></span> <span class='ocrx_word' id='word_1_539' title='bbox 472 5015 613 5088; x_wconf 90' lang='lat' dir='ltr'><strong>etiamsi</strong></span> <span class='ocrx_word' id='word_1_540' title='bbox 637 5016 783 5107; x_wconf 80' lang='lat' dir='ltr'><strong>affingas</strong></span> <span class='ocrx_word' id='word_1_541' title='bbox 802 5036 1052 5109; x_wconf 89' lang='lat' dir='ltr'><strong>quamcunque</strong></span> <span class='ocrx_word' id='word_1_542' title='bbox 1075 5014 1170 5083; x_wconf 82' lang='lat' dir='ltr'><strong>voles</strong></span> <span class='ocrx_word' id='word_1_543' title='bbox 1185 5013 1350 5103; x_wconf 90' lang='lat' dir='ltr'><strong>glossam,</strong></span> <span class='ocrx_word' id='word_1_544' title='bbox 1400 5034 1471 5105; x_wconf 91' lang='lat' dir='ltr'><strong>qne</strong></span> <span class='ocrx_word' id='word_1_545' title='bbox 1486 5004 1654 5099; x_wconf 88' lang='lat' dir='ltr'><strong>colaphos</strong></span> <span class='ocrx_word' id='word_1_546' title='bbox 1670 5010 1897 5102; x_wconf 90' lang='lat' dir='ltr'><strong>impegissent</strong></span> <span class='ocrx_word' id='word_1_547' title='bbox 1919 5016 2061 5087; x_wconf 88' lang='lat' dir='ltr'><strong>lictores</strong></span> <span class='ocrx_word' id='word_1_548' title='bbox 2084 5018 2290 5106; x_wconf 81' lang='lat' dir='ltr'><strong>irridentes,</strong></span> <span class='ocrx_word' id='word_1_549' title='bbox 2315 5024 2389 5095; x_wconf 87' lang='lat' dir='ltr'><strong>ius-</strong></span> 
     </span>
     <span class='ocr_line' id='line_1_44' title="bbox 366 5110 2389 5209; baseline 0.005 -24"><span class='ocrx_word' id='word_1_550' title='bbox 366 5129 405 5187; x_wconf 92' lang='lat' dir='ltr'><strong>ut</strong></span> <span class='ocrx_word' id='word_1_551' title='bbox 424 5117 604 5191; x_wconf 78' lang='lat' dir='ltr'><strong>invnmtio</strong></span> <span class='ocrx_word' id='word_1_552' title='bbox 623 5131 828 5189; x_wconf 89' lang='lat' dir='ltr'><strong>sanctorum</strong></span> <span class='ocrx_word' id='word_1_553' title='bbox 857 5139 921 5209; x_wconf 88' lang='lat' dir='ltr'><strong>per</strong></span> <span class='ocrx_word' id='word_1_554' title='bbox 950 5139 989 5187; x_wconf 90' lang='lat' dir='ltr'><strong>se</strong></span> <span class='ocrx_word' id='word_1_555' title='bbox 1011 5114 1136 5185; x_wconf 85' lang='lat' dir='ltr'><strong>vitiosa</strong></span> <span class='ocrx_word' id='word_1_556' title='bbox 1161 5130 1231 5200; x_wconf 89' lang='lat' dir='ltr'><strong>est,</strong></span> <span class='ocrx_word' id='word_1_557' title='bbox 1265 5117 1348 5209; x_wconf 83' lang='lat' dir='ltr'><strong>quia</strong></span> <span class='ocrx_word' id='word_1_558' title='bbox 1401 5126 1526 5184; x_wconf 85' lang='lat' dir='ltr'><strong>serum</strong></span> <span class='ocrx_word' id='word_1_559' title='bbox 1542 5110 1749 5193; x_wconf 87' lang='lat' dir='ltr'><strong>vaticinari,</strong></span> <span class='ocrx_word' id='word_1_560' title='bbox 1776 5136 1882 5206; x_wconf 88' lang='lat' dir='ltr'><strong>aquo</strong></span> <span class='ocrx_word' id='word_1_561' title='bbox 1901 5138 2084 5205; x_wconf 83' lang='lat' dir='ltr'><strong>percussus</strong></span> <span class='ocrx_word' id='word_1_562' title='bbox 2102 5120 2203 5191; x_wconf 82' lang='lat' dir='ltr'><strong>esset.</strong></span> <span class='ocrx_word' id='word_1_563' title='bbox 2253 5120 2313 5195; x_wconf 82' lang='lat' dir='ltr'><strong>Sic</strong></span> <span class='ocrx_word' id='word_1_564' title='bbox 2328 5146 2389 5197; x_wconf 91' lang='lat' dir='ltr'><strong>ex-</strong></span> 
     </span>
     <span class='ocr_line' id='line_1_45' title="bbox 366 5210 2388 5303; baseline 0.004 -16"><span class='ocrx_word' id='word_1_565' title='bbox 366 5240 437 5287; x_wconf 88' lang='lat' dir='ltr'><strong>non</strong></span> <span class='ocrx_word' id='word_1_566' title='bbox 457 5235 512 5293; x_wconf 88' lang='lat' dir='ltr'><strong>est</strong></span> <span class='ocrx_word' id='word_1_567' title='bbox 539 5220 703 5293; x_wconf 89' lang='lat' dir='ltr'><strong>instituta</strong></span> <span class='ocrx_word' id='word_1_568' title='bbox 737 5219 930 5303; x_wconf 81' lang='lat' dir='ltr'><strong>divinitus,</strong></span> <span class='ocrx_word' id='word_1_569' title='bbox 970 5216 1101 5287; x_wconf 87' lang='lat' dir='ltr'><strong>deinde</strong></span> <span class='ocrx_word' id='word_1_570' title='bbox 1121 5230 1155 5287; x_wconf 93' lang='lat' dir='ltr'><strong>et</strong></span> <span class='ocrx_word' id='word_1_571' title='bbox 1181 5217 1230 5287; x_wconf 89' lang='lat' dir='ltr'><strong>ob</strong></span> <span class='ocrx_word' id='word_1_572' title='bbox 1256 5213 1349 5288; x_wconf 88' lang='lat' dir='ltr'><strong>hanc</strong></span> <span class='ocrx_word' id='word_1_573' title='bbox 1399 5226 1577 5284; x_wconf 88' lang='lat' dir='ltr'><strong>cusatores</strong></span> <span class='ocrx_word' id='word_1_574' title='bbox 1602 5210 1664 5282; x_wconf 89' lang='lat' dir='ltr'><strong>isti</strong></span> <span class='ocrx_word' id='word_1_575' title='bbox 1696 5212 1891 5303; x_wconf 89' lang='lat' dir='ltr'><strong>impiorum</strong></span> <span class='ocrx_word' id='word_1_576' title='bbox 1917 5217 2050 5289; x_wconf 87' lang='lat' dir='ltr'><strong>rituum</strong></span> <span class='ocrx_word' id='word_1_577' title='bbox 2076 5220 2233 5291; x_wconf 91' lang='lat' dir='ltr'><strong>ludibrio</strong></span> <span class='ocrx_word' id='word_1_578' title='bbox 2255 5219 2388 5297; x_wconf 89' lang='lat' dir='ltr'><strong>habent</strong></span> 
     </span>
     <span class='ocr_line' id='line_1_46' title="bbox 367 5308 2387 5413; baseline 0.001 -20"><span class='ocrx_word' id='word_1_579' title='bbox 367 5340 502 5393; x_wconf 79' lang='lat' dir='ltr'><strong>eausam</strong></span> <span class='ocrx_word' id='word_1_580' title='bbox 530 5344 659 5413; x_wconf 85' lang='lat' dir='ltr'><strong>perse</strong></span> <span class='ocrx_word' id='word_1_581' title='bbox 687 5321 816 5394; x_wconf 79' lang='lat' dir='ltr'><strong>vinosa</strong></span> <span class='ocrx_word' id='word_1_582' title='bbox 848 5333 917 5407; x_wconf 90' lang='lat' dir='ltr'><strong>est,</strong></span> <span class='ocrx_word' id='word_1_583' title='bbox 955 5319 1039 5412; x_wconf 90' lang='lat' dir='ltr'><strong>qnia</strong></span> <span class='ocrx_word' id='word_1_584' title='bbox 1067 5312 1128 5388; x_wconf 88' lang='lat' dir='ltr'><strong>hic</strong></span> <span class='ocrx_word' id='word_1_585' title='bbox 1153 5318 1230 5409; x_wconf 91' lang='lat' dir='ltr'><strong>ipse</strong></span> <span class='ocrx_word' id='word_1_586' title='bbox 1260 5342 1348 5405; x_wconf 86' lang='lat' dir='ltr'><strong>mos,</strong></span> <span class='ocrx_word' id='word_1_587' title='bbox 1396 5308 1581 5388; x_wconf 88' lang='lat' dir='ltr'><strong>Christum</strong></span> <span class='ocrx_word' id='word_1_588' title='bbox 1603 5326 1638 5383; x_wconf 92' lang='lat' dir='ltr'><strong>et</strong></span> <span class='ocrx_word' id='word_1_589' title='bbox 1656 5308 1863 5389; x_wconf 77' lang='lat' dir='ltr'><strong>Ecclesiam.</strong></span> <span class='ocrx_word' id='word_1_590' title='bbox 1925 5314 2117 5412; x_wconf 83' lang='lat' dir='ltr'><strong>Postquam</strong></span> <span class='ocrx_word' id='word_1_591' title='bbox 2132 5323 2305 5395; x_wconf 83' lang='lat' dir='ltr'><strong>insulsam</strong></span> <span class='ocrx_word' id='word_1_592' title='bbox 2321 5327 2387 5397; x_wconf 90' lang='lat' dir='ltr'><strong>eli-</strong></span> 
     </span>
     <span class='ocr_line' id='line_1_47' title="bbox 367 5414 2388 5519; baseline 0 -26"><span class='ocrx_word' id='word_1_593' title='bbox 367 5421 499 5493; x_wconf 79' lang='lat' dir='ltr'><strong>etiamsi</strong></span> <span class='ocrx_word' id='word_1_594' title='bbox 513 5423 692 5495; x_wconf 79' lang='lat' dir='ltr'><strong>diversum</strong></span> <span class='ocrx_word' id='word_1_595' title='bbox 707 5423 860 5512; x_wconf 84' lang='lat' dir='ltr'><strong>cogites,</strong></span> <span class='ocrx_word' id='word_1_596' title='bbox 885 5420 1016 5493; x_wconf 89' lang='lat' dir='ltr'><strong>tribuis</strong></span> <span class='ocrx_word' id='word_1_597' title='bbox 1025 5418 1155 5492; x_wconf 88' lang='lat' dir='ltr'><strong>sanctie</strong></span> <span class='ocrx_word' id='word_1_598' title='bbox 1168 5414 1345 5491; x_wconf 89' lang='lat' dir='ltr'><strong>bonorem</strong></span> <span class='ocrx_word' id='word_1_599' title='bbox 1397 5418 1494 5509; x_wconf 88' lang='lat' dir='ltr'><strong>quod</strong></span> <span class='ocrx_word' id='word_1_600' title='bbox 1510 5416 1682 5506; x_wconf 87' lang='lat' dir='ltr'><strong>glossema</strong></span> <span class='ocrx_word' id='word_1_601' title='bbox 1697 5416 1959 5505; x_wconf 78' lang='lat' dir='ltr'><strong>excogitarunt,</strong></span> <span class='ocrx_word' id='word_1_602' title='bbox 1986 5434 2112 5510; x_wconf 92' lang='lat' dir='ltr'><strong>putant</strong></span> <span class='ocrx_word' id='word_1_603' title='bbox 2133 5445 2172 5493; x_wconf 88' lang='lat' dir='ltr'><strong>se</strong></span> <span class='ocrx_word' id='word_1_604' title='bbox 2193 5424 2263 5493; x_wconf 90' lang='lat' dir='ltr'><strong>iam</strong></span> <span class='ocrx_word' id='word_1_605' title='bbox 2285 5447 2388 5519; x_wconf 80' lang='lat' dir='ltr'><strong>prae-</strong></span> 
     </span>
     <span class='ocr_line' id='line_1_48' title="bbox 367 5508 2387 5619; baseline 0.002 -26"><span class='ocrx_word' id='word_1_606' title='bbox 367 5515 438 5593; x_wconf 82' lang='lat' dir='ltr'><strong>Deo</strong></span> <span class='ocrx_word' id='word_1_607' title='bbox 452 5526 656 5617; x_wconf 90' lang='lat' dir='ltr'><strong>proprium,</strong></span> <span class='ocrx_word' id='word_1_608' title='bbox 681 5526 778 5618; x_wconf 89' lang='lat' dir='ltr'><strong>qnod</strong></span> <span class='ocrx_word' id='word_1_609' title='bbox 791 5546 916 5594; x_wconf 90' lang='lat' dir='ltr'><strong>omnes</strong></span> <span class='ocrx_word' id='word_1_610' title='bbox 930 5522 1091 5595; x_wconf 81' lang='lat' dir='ltr'><strong>audiant.</strong></span> <span class='ocrx_word' id='word_1_611' title='bbox 1396 5518 1579 5590; x_wconf 84' lang='lat' dir='ltr'><strong>strinxisse</strong></span> <span class='ocrx_word' id='word_1_612' title='bbox 1592 5508 1736 5585; x_wconf 88' lang='lat' dir='ltr'><strong>Christo</strong></span> <span class='ocrx_word' id='word_1_613' title='bbox 1752 5516 1885 5603; x_wconf 90' lang='lat' dir='ltr'><strong>oculos,</strong></span> <span class='ocrx_word' id='word_1_614' title='bbox 1914 5519 2043 5591; x_wconf 89' lang='lat' dir='ltr'><strong>deinde</strong></span> <span class='ocrx_word' id='word_1_615' title='bbox 2058 5524 2196 5595; x_wconf 86' lang='lat' dir='ltr'><strong>addunt</strong></span> <span class='ocrx_word' id='word_1_616' title='bbox 2209 5521 2387 5619; x_wconf 72' lang='lat' dir='ltr'><strong>colaphos,</strong></span> 
     </span>
     <span class='ocr_line' id='line_1_49' title="bbox 457 5612 2387 5718; baseline 0.001 -21"><span class='ocrx_word' id='word_1_617' title='bbox 457 5624 602 5697; x_wconf 85' lang='lat' dir='ltr'><strong>Possem</strong></span> <span class='ocrx_word' id='word_1_618' title='bbox 617 5626 776 5715; x_wconf 79' lang='lat' dir='ltr'><strong>exempla</strong></span> <span class='ocrx_word' id='word_1_619' title='bbox 796 5624 908 5696; x_wconf 83' lang='lat' dir='ltr'><strong>multa</strong></span> <span class='ocrx_word' id='word_1_620' title='bbox 930 5624 1097 5706; x_wconf 88' lang='lat' dir='ltr'><strong>recitare,</strong></span> <span class='ocrx_word' id='word_1_621' title='bbox 1121 5624 1184 5693; x_wconf 89' lang='lat' dir='ltr'><strong>scd</strong></span> <span class='ocrx_word' id='word_1_622' title='bbox 1207 5624 1343 5705; x_wconf 86' lang='lat' dir='ltr'><strong>desino.</strong></span> <span class='ocrx_word' id='word_1_623' title='bbox 1395 5612 1464 5687; x_wconf 91' lang='lat' dir='ltr'><strong>hnc</strong></span> <span class='ocrx_word' id='word_1_624' title='bbox 1484 5632 1555 5702; x_wconf 91' lang='lat' dir='ltr'><strong>est,</strong></span> <span class='ocrx_word' id='word_1_625' title='bbox 1590 5614 1805 5706; x_wconf 89' lang='lat' dir='ltr'><strong>impietatem</strong></span> <span class='ocrx_word' id='word_1_626' title='bbox 1840 5618 2055 5708; x_wconf 89' lang='lat' dir='ltr'><strong>stabilinut‚.</strong></span> <span class='ocrx_word' id='word_1_627' title='bbox 2075 5624 2269 5699; x_wconf 87' lang='lat' dir='ltr'><strong>incendunt</strong></span> <span class='ocrx_word' id='word_1_628' title='bbox 2290 5635 2387 5718; x_wconf 81' lang='lat' dir='ltr'><strong>reget</strong></span> 
     </span>
     <span class='ocr_line' id='line_1_50' title="bbox 366 5716 2385 5821; baseline 0 -24"><span class='ocrx_word' id='word_1_629' title='bbox 366 5742 404 5791; x_wconf 80' lang='lat' dir='ltr'><strong>ec</strong></span> <span class='ocrx_word' id='word_1_630' title='bbox 414 5725 492 5821; x_wconf 90' lang='lat' dir='ltr'><strong>pios</strong></span> <span class='ocrx_word' id='word_1_631' title='bbox 506 5722 650 5812; x_wconf 91' lang='lat' dir='ltr'><strong>hortor,</strong></span> <span class='ocrx_word' id='word_1_632' title='bbox 662 5742 703 5799; x_wconf 88' lang='lat' dir='ltr'><strong>ut</strong></span> <span class='ocrx_word' id='word_1_633' title='bbox 717 5726 822 5799; x_wconf 87' lang='lat' dir='ltr'><strong>istam</strong></span> <span class='ocrx_word' id='word_1_634' title='bbox 837 5724 1010 5797; x_wconf 88' lang='lat' dir='ltr'><strong>nefariam</strong></span> <span class='ocrx_word' id='word_1_635' title='bbox 1023 5718 1252 5813; x_wconf 88' lang='lat' dir='ltr'><strong>sophisticam</strong></span> <span class='ocrx_word' id='word_1_636' title='bbox 1262 5749 1343 5797; x_wconf 79' lang='lat' dir='ltr'><strong>exe·</strong></span> <span class='ocrx_word' id='word_1_637' title='bbox 1397 5720 1442 5791; x_wconf 89' lang='lat' dir='ltr'><strong>ad</strong></span> <span class='ocrx_word' id='word_1_638' title='bbox 1457 5718 1725 5801; x_wconf 86' lang='lat' dir='ltr'><strong>crudelitatem,</strong></span> <span class='ocrx_word' id='word_1_639' title='bbox 1749 5742 1790 5789; x_wconf 81' lang='lat' dir='ltr'><strong>uu</strong></span> <span class='ocrx_word' id='word_1_640' title='bbox 1807 5716 2012 5814; x_wconf 76' lang='lat' dir='ltr'><strong>triumphos</strong></span> <span class='ocrx_word' id='word_1_641' title='bbox 2036 5740 2164 5815; x_wconf 85' lang='lat' dir='ltr'><strong>egunt,</strong></span> <span class='ocrx_word' id='word_1_642' title='bbox 2190 5728 2291 5821; x_wconf 87' lang='lat' dir='ltr'><strong>qussi</strong></span> <span class='ocrx_word' id='word_1_643' title='bbox 2314 5729 2385 5799; x_wconf 90' lang='lat' dir='ltr'><strong>iam</strong></span> 
     </span>
     <span class='ocr_line' id='line_1_51' title="bbox 364 5816 2386 5923; baseline -0 -26"><span class='ocrx_word' id='word_1_644' title='bbox 364 5840 511 5903; x_wconf 69' lang='lat' dir='ltr'><strong>nentur.</strong></span> <span class='ocrx_word' id='word_1_645' title='bbox 554 5824 722 5903; x_wconf 72' lang='lat' dir='ltr'><strong>Ezechias</strong></span> <span class='ocrx_word' id='word_1_646' title='bbox 742 5850 818 5901; x_wconf 89' lang='lat' dir='ltr'><strong>non</strong></span> <span class='ocrx_word' id='word_1_647' title='bbox 839 5826 956 5901; x_wconf 88' lang='lat' dir='ltr'><strong>solum</strong></span> <span class='ocrx_word' id='word_1_648' title='bbox 977 5826 1238 5919; x_wconf 85' lang='lat' dir='ltr'><strong>superstitiosas</strong></span> <span class='ocrx_word' id='word_1_649' title='bbox 1257 5828 1337 5921; x_wconf 85' lang='lat' dir='ltr'><strong>opi·</strong></span> <span class='ocrx_word' id='word_1_650' title='bbox 1400 5842 1549 5917; x_wconf 88' lang='lat' dir='ltr'><strong>prorsus</strong></span> <span class='ocrx_word' id='word_1_651' title='bbox 1571 5816 1768 5897; x_wconf 82' lang='lat' dir='ltr'><strong>deleverint</strong></span> <span class='ocrx_word' id='word_1_652' title='bbox 1795 5820 1989 5901; x_wconf 82' lang='lat' dir='ltr'><strong>veritatem.</strong></span> <span class='ocrx_word' id='word_1_653' title='bbox 2064 5824 2136 5921; x_wconf 90' lang='lat' dir='ltr'><strong>lpei</strong></span> <span class='ocrx_word' id='word_1_654' title='bbox 2160 5828 2321 5923; x_wconf 82' lang='lat' dir='ltr'><strong>plausum</strong></span> <span class='ocrx_word' id='word_1_655' title='bbox 2345 5828 2386 5903; x_wconf 82' lang='lat' dir='ltr'><strong>ia</strong></span> 
     </span>
    </p>
   </div>
   <div class='ocr_carea' id='block_1_4' title="bbox 0 0 2918 6950">
    <p class='ocr_par' dir='ltr' id='par_1_4' title="bbox 0 0 2918 6950">
     <span class='ocr_line' id='line_1_52' title="bbox 0 0 2918 6950; baseline 0 1"><span class='ocrx_word' id='word_1_656' title='bbox 0 0 2918 6950; x_wconf 95' lang='lat' dir='ltr'><strong> </strong></span> 
     </span>
    </p>
   </div>
  </div>
 </body>
</html>
