5825 6950
398 677 465 758 ns
544 678 671 762 mur.
719 682 757 756 a.
788 675 1157 757 cousrnuranu
1179 675 1232 758 us
1256 673 1409 756 orror.
1435 673 1586 786 raum
1607 672 1677 754 au
1701 641 1970 770 nouruos.
2021 683 2127 769 car.
2153 689 2231 770 vn
2351 699 2426 782 en
2493 744 2499 754 .

397 857 467 930 dita
487 877 574 930 vore
599 851 786 948 Evangelii
810 828 951 947 erigunt
979 877 1034 943 se,
1065 869 1101 930 et
1129 876 1252 928 veram
1273 853 1380 925 iidem
1403 853 1411 997 Ι
1433 875 1496 936 rus
1519 868 1553 928 et
1575 855 1678 926 vivus
1698 868 1816 928 motus
1839 857 1969 942 animi,
1994 863 2054 932 sed
2070 877 2122 936 est
2137 865 2248 940 otiosa
2272 869 2426 952 imitatio

395 959 618 1052 concipiunt,
656 974 744 1032 tuuc
772 960 953 1052 incipiunt
980 958 1097 1032 Deum
1126 981 1317 1049 agnoscere
1346 971 1382 1030 et
1431 957 1585 1037 interior
1608 959 1665 1030 vel
1685 961 1855 1046 exterior,
1890 985 1954 1038 nec
1978 965 2029 1034 ibi
2049 981 2163 1059 potest
2180 994 2349 1048 cssevera
2367 980 2425 1050 in-

395 1063 578 1148 ἰιιιοιῦῐι,
610 1076 645 1143 et
673 1077 834 1137 autumna
862 1062 932 1134 sibi
956 1062 1111 1152 ignosci,
1142 1085 1181 1133 se
1206 1060 1381 1148 exaudiri,
1432 1062 1593 1145 vocatio,
1631 1062 1696 1134 ubi
1727 1085 1790 1134 coc
1818 1085 1893 1135 non
1918 1063 2155 1160 apprehendit
2177 1076 2421 1154 remissionem

395 1179 577 1255 expectant
599 1165 728 1236 bonaa
750 1161 839 1242 Deo.
890 1163 950 1236 Sic
968 1168 1014 1235 de
1036 1165 1199 1236 libertate
1219 1163 1381 1258 loquitur
1430 1179 1667 1256 peccatorum.

393 1261 610 1344 2Corinth.
634 1269 672 1340 8.
730 1264 778 1340 Et
802 1264 861 1338 hic
883 1268 954 1355 ait,
979 1268 1227 1340 liberationem
1251 1289 1293 1336 ex
1318 1266 1380 1336 illa
1534 1263 1690 1338 Econtra
1704 1265 1859 1359 Spiritus
1884 1269 2058 1361 significat
2080 1299 2181 1348 veros
2208 1293 2325 1352 motus
2344 1285 2420 1376 spi·

394 1369 595 1463 captivitate
611 1371 660 1442 ita
676 1370 828 1458 beri‚ut
842 1371 912 1442 iam
929 1372 1036 1442 corda
1049 1372 1197 1442 liberata
1212 1369 1380 1440 ditfiden·
1430 1368 1597 1460 rituales,
1631 1370 1766 1442 scilicet
1795 1395 1918 1442 verum
1941 1373 2104 1446 timorem
2134 1378 2201 1451 Dei
2235 1396 2271 1454 et
2300 1409 2419 1458 veram

395 1476 462 1553 tia,
487 1495 572 1546 vere
587 1487 778 1564 agnoscant
795 1470 924 1544 Deum.
976 1471 1063 1546 ldeo
1084 1474 1150 1545 ait:
1183 1470 1231 1546 Ut
1245 1471 1380 1544 seruia-
1429 1470 1620 1557 fiduciam,
1645 1497 1736 1566 quae
1748 1473 1999 1565 concipiuntur
2012 1478 2049 1547 in
2067 1503 2148 1552 vcra
2165 1487 2420 1576 consolatione,

392 1596 470 1648 mus
489 1575 528 1646 iu
545 1577 704 1648 novitate
724 1576 881 1667 spiritus.
1431 1599 1512 1645 cum
1537 1575 1669 1646 scilicet
1701 1578 1805 1646 corda
1830 1575 1867 1646 in
1892 1581 2089 1652 terroribus
2113 1585 2254 1673 erigunt
2276 1613 2313 1658 εε
2333 1615 2418 1682 prn-

1430 1677 1600 1760 missione
1622 1673 1830 1772 Evangelii,
1851 1693 1886 1749 ει
1919 1676 2194 1774 apprehendunt
2214 1690 2417 1764 misericor·

1429 1779 1546 1866 diam,
1585 1793 1730 1871 propter
1762 1777 1944 1852 Christum
1975 1787 2201 1878 promissam:
2243 1791 2298 1864 Ibi
2334 1817 2415 1867 cum

487 1882 689 1974 Descripsit
703 1882 910 1952 servitutem
926 1883 995 1952 sub
1018 1881 1093 1971 lege
1112 1880 1234 1972 paucis
1259 1880 1378 1954 verbis
1428 1896 1626 1972 agnoscunt
1654 1883 1953 1971 misericordiam,
1993 1888 2171 1980 incipiunt
2199 1917 2281 1964 vere
2310 1895 2415 1968 invo-

300 2030 325 2075 ¹.
390 1988 425 2056 in
450 1985 680 2056 conclusione
703 1985 882 2074 proxima,
914 1981 1023 2072 Quod
1052 1984 1217 2057 videlicet
1245 1984 1301 2053 lex
1325 1998 1378 2061 te·
1428 2009 1507 2054 carc
1530 1981 1665 2070 Deum,
1699 2001 1734 2056 et
1763 2011 1844 2056 vere
1874 2003 2054 2080 expectare
2085 1995 2131 2064 ab
2161 2019 2202 2066 eo
2230 1997 2416 2088 auxilium,

294 2084 329 2239 ‚p
391 2100 471 2159 neat
491 2087 631 2178 captiva
654 2089 782 2170 corda,
815 2099 849 2155 ει
869 2086 1102 2156 diffidentiam
1126 2110 1167 2154 ac
1182 2086 1377 2158 dubitatio·
1400 2157 1404 2191 ¹
1427 2110 1510 2158 nere
1531 2088 1678 2178 diligere
1699 2105 1763 2165 etc.
1815 2087 1863 2158 Hi
1889 2107 2005 2162 motus
2035 2110 2119 2166 sunt
2146 2099 2220 2168 veri
2243 2101 2358 2174 cultus
2381 2118 2415 2178 et

294 2262 328 2278 ,,
390 2214 469 2260 nem
491 2202 633 2279 augeat,
668 2214 760 2282 qnae
782 2188 927 2280 pariunt
947 2189 1249 2279 desperationem,
1280 2190 1376 2260 hlas-
1399 2196 1404 2275 ξ
1427 2213 1520 2260 nova
1544 2189 1766 2277 obedientia,
1798 2191 1842 2261 de
1863 2217 1931 2286 qua
1959 2189 2016 2264 hic
2036 2195 2207 2290 loquitur.
2259 2199 2414 2306 [ipsunt

289 2280 330 2378 ς’
389 2286 586 2384 phemiam,
612 2305 648 2362 et
670 2305 838 2369 avertunt
860 2291 968 2362 corda
989 2315 1011 2360 a
1033 2288 1132 2375 Deo,
1157 2304 1199 2361 ut
1215 2292 1375 2364 naautin
1400 2282 1404 2296 ’
1426 2291 1564 2362 excitati
1581 2315 1601 2362 a
1617 2291 1753 2384 Spiritu
1776 2307 1917 2379 sancto,
1944 2297 2061 2390 quiin
2083 2300 2143 2370 illa
2161 2305 2414 2392 consolatione,

292 2461 304 2468 ,
389 2393 483 2466 varia
500 2407 656 2482 peccata.
1426 2418 1506 2464 cum
1522 2395 1591 2463 fide
1607 2393 1794 2486 erigimur,
1814 2398 2026 2495 concipitur.
2069 2399 2169 2473 Sicut
2185 2405 2301 2498 inquit
2318 2406 2413 2480 Pau-

482 2494 626 2568 Deinde
662 2494 764 2566 addit
791 2491 968 2566 libertatis
1004 2490 1297 2582 descriptionem,
1339 2505 1374 2564 et
1424 2493 1650 2572 lusGal.³.:
1688 2495 1735 2572 Ut
1752 2499 2021 2590 promissi-onem
2039 2503 2185 2594 spiritus
2201 2510 2413 2602 accipiamus

292 2660 294 2675 ‚
383 2595 1089 2691 primuminquit,Nosmortuosesse
1121 2594 1209 2685 legi,
1240 2595 1373 2678 idest,
1424 2599 1622 2693 perfidem.
1658 2599 1718 2671 Sic
1733 2599 1841 2691 igitur
1856 2601 2108 2674 discernuntur
2123 2606 2278 2700 Spiritus
2296 2625 2328 2684 et
2346 2611 2410 2684 Li·

380 2703 554 2772 liberatos
573 2702 621 2771 ab
643 2700 707 2770 illa
723 2699 942 2791 captivitate:
963 2698 1048 2790 quia
1064 2693 1298 2788 Evangelium
1318 2697 1391 2768 af·'
1423 2715 1510 2774 tera.
1563 2699 1719 2793 Spiritus
1741 2703 1911 2793 significat
1936 2705 2036 2774 vivos
2060 2723 2178 2780 motus
2202 2711 2368 2785 excitatos
2390 2739 2411 2787 a

476 1735 591 1815 Nune
613 1710 731 1813 autem
748 1739 902 1814 liberali
922 1767 947 1813 a
969 1735 1206 1838 legeramus,
1230 1748 1293 1818 erc.

380 2805 449 2876 lert
471 2802 722 2874 remissionem
745 2816 982 2894 pcccatorum.
1039 2799 1163 2894 Neque
1185 2800 1281 2870 enirn
1307 2825 1373 2893 po·
1424 2802 1563 2896 Spiritu
1582 2819 1713 2875 sancto.
1763 2801 1881 2874 Litora
1907 2830 1991 2876 vero
2011 2811 2256 2900 cogitationes,
2290 2815 2410 2888 inteu-

380 2920 446 2978 test
474 2904 642 2978 invocari
664 2903 782 2991 Deus,
806 2917 870 2975 aut
892 2900 1033 2985 obediri
1054 2900 1149 2987 Deo,
1181 2904 1250 2973 nisi
1274 2903 1373 2995 prius
1423 2907 1558 2995 tiones,
1591 2907 1770 3000 proposita
1796 2921 1830 2977 ει
1859 2907 2075 2981 imitationes
2102 2915 2178 2984 siue
2201 2941 2284 2986 vero
2309 2934 2410 2992 motu

292 3062 301 3070 .
379 3023 524 3107 accepta
549 2997 758 3080 remissione
781 3019 1021 3097 peccatorum:
1061 3006 1145 3098 quia
1168 3007 1282 3076 donec
1311 3027 1372 3078 au·
1395 2959 1404 3058 i
1423 3009 1559 3082 cordis:
1587 3025 1620 3082 et
1636 3023 1756 3081 tamen
1770 3009 1871 3080 litera
1888 3012 1932 3080 ad
1949 3012 2174 3106 disciplinam
2199 3021 2364 3109 pertinet.

297 3144 316 3184 .·
376 3135 457 3180 mus
476 3111 613 3202 captivi
629 3110 736 3200 legis,
758 3131 824 3178 nec
840 3108 1006 3179 audimus
1027 3107 1271 3179 remissionem
1291 3132 1372 3200 pec·
1394 3055 1402 3224 Ι
1526 3109 1648 3184 Utitur
1662 3125 1777 3182 autem
1797 3111 1971 3184 vocabulo
1987 3113 2201 3205 Serviamus‚
2222 3144 2295 3190 nou
2314 3125 2411 3218 quod

293 3267 296 3277 .
374 3229 561 3300 catorum,
600 3215 764 3284 noudum
789 3210 992 3303 agnoscitur
1020 3209 1163 3280 bouitas
1180 3208 1267 3294 Dei,
1297 3234 1372 3280 nou
1422 3237 1518 3288 nora
1537 3215 1741 3285 obedientia
1764 3215 1809 3285 sit
1835 3215 1918 3286 talis
1940 3219 2111 3305 servitus,
2136 3223 2250 3316 qualis
2276 3238 2329 3296 εει
2352 3227 2430 3298 iu·-

295 3369 315 3395 .‚
375 3317 543 3387 sentiunt
558 3319 665 3388 corda
680 3335 747 3385 nos
760 3312 941 3398 exaudiri,
965 3311 1109 3401 lugiunt
1130 3312 1221 3382 iram
1244 3308 1313 3382 Ilei
1335 3326 1373 3384 et
1396 3307 1399 3332 ’
1422 3319 1521 3388 sticia
1538 3317 1644 3408 legis,
1657 3318 1727 3386 sed
1752 3331 1792 3388 ut
1806 3320 1928 3390 doceat
1943 3319 2047 3389 etiam
2065 3346 2194 3396 novam
2214 3341 2409 3398 creaturam

310 3402 316 3453 ¹
373 3414 739 3490 avertunturaDco.
789 3415 860 3488 Sed
877 3427 1063 3508 postquam
1085 3426 1224 3505 accepta
1247 3429 1296 3486 est
1313 3438 1372 3485 re·
1395 3427 1399 3498 Ε
1422 3421 1615 3493 subiectam
1648 3441 1721 3489 esse
1755 3417 1853 3507 Deo,
1891 3435 1923 3491 et
1947 3423 2146 3497 ordinatam
2170 3428 2212 3497 ad
2238 3429 2411 3501 obedien-

294 3582 299 3591 .
370 3522 502 3593 missio
518 3534 742 3613 peccatorum
767 3542 830 3608 per
845 3514 1080 3607 Evangelinm
1104 3530 1140 3591 et
1152 3518 1372 3608 agnitionem
1395 3519 1399 3590 ἓ
1421 3525 1529 3608 tiam,
1553 3518 1689 3593 etiamsi
1708 3522 1767 3591 illa
1784 3524 1986 3595 obedientia
2008 3540 2061 3598 εει
2086 3530 2298 3602 voluntaria.
2351 3530 2410 3603 Si-

367 3620 536 3705 (31111111ε
563 3636 649 3693 111111
671 3621 1037 3713 11111Ρ1101111111111111
1062 3620 1145 3713 111111
1169 3621 1240 3689 lam
1261 3644 1372 3711 ogno-
1421 3641 1481 3698 cot
1496 3630 1540 3697 ad
1556 3620 1729 3714 Ephesios
1745 3624 1883 3719 inquit:
1911 3625 2026 3719 ipsius
2049 3652 2171 3701 sumus
2188 3656 2296 3724 opus,
2323 3658 2410 3707 con.

303 3739 306 3750 '
366 3728 512 3795 scimus
529 3726 747 3797 voluntalem
768 3722 856 3811 Dei,
880 3725 978 3817 quod
1000 3723 1086 3792 111ῑὶ1
1107 3746 1174 3793 1101
1192 3724 1371 3810 exaudire,
1421 3730 1488 3801 diti
1506 3729 1542 3798 in
1560 3722 1703 3799 Christo
1722 3724 1799 3797 lesu
1814 3730 1857 3797 ad
1880 3728 1973 3797 bona
1996 3753 2132 3823 operas
2148 3758 2238 3827 quae
2263 3736 2410 3809 ordina·

288 3823 305 4000 p
369 3830 466 3899 velit
493 3827 672 3909 misereri,
706 3828 778 3897 iam
807 3827 1026 3901 invocamus.
1082 3822 1166 3897 ldeo
1192 3820 1251 3898 bic
1273 3828 1371 3913 dicit,
1420 3834 1474 3903 vit
1495 3826 1611 3914 Deus,
1636 3843 1677 3900 ut
1702 3831 1738 3896 in
1765 3830 1815 3897 eis
1839 3830 2070 3903 ambulemus.
2122 3832 2169 3905 Et
2182 3832 2307 3907 Esaiae
2329 3840 2408 3915 on:

277 3996 283 4004 ,
370 3948 466 4001 tunc
482 3929 620 4000 incoari
642 3930 907 4019 obedientiam,
932 3929 1078 4022 quando
1101 3952 1120 3999 a
1142 3929 1218 4017 lege
1240 3929 1370 3999 libera·
1421 3933 1656 4005 Vocabuntur
1676 3934 1820 4001 arbores
1837 3932 1970 4017 iustae,
2003 3946 2036 4005 et
2058 3935 2239 4027 plantulae
2261 3936 2410 4012 Domini

371 4057 461 4102 mer
484 4056 549 4125 per
570 4033 696 4117 iidem,
733 4033 770 4102 id
800 4045 871 4113 est,
897 4032 1041 4125 quando
1069 4032 1108 4101 in
1129 4026 1275 4103 Christo
1299 4031 1368 4101 iam
1419 4036 1463 4108 ad
1481 4034 1770 4126 glorificandum,
1794 4034 1832 4103 id
1849 4047 1972 4119 est‚ut
1987 4037 2183 4125 glorificent
2198 4042 2316 4113 Deum
2335 4068 2409 4116 non

373 4136 608 4225 agnoscimus
628 4137 848 4207 voluntatem
874 4148 912 4205 et
933 4134 1128 4205 bonitatem
1153 4130 1233 4203 Dei·
1292 4130 1369 4204 Do·
1418 4138 1574 4211 afficiant
1587 4134 1704 4207 Deum
1722 4138 1937 4207 contumelia
1955 4163 2016 4229 per
2038 4142 2213 4213 scandala.

375 4254 434 4307 cet
450 4236 563 4327 igitur
578 4235 665 4307 haec
684 4238 859 4308 sententia
872 4237 983 4305 clare:
1009 4234 1117 4325 Quod
1140 4236 1218 4306 sine
1243 4235 1369 4307 uua-ee
1757 4302 1764 4320 ,
1821 4304 1869 4321 ,,
1989 4304 1996 4323 ,

376 4356 479 4411 extra
505 4340 611 4409 iidem
634 4339 673 4407 iu
688 4336 890 4423 Christum,
913 4362 988 4409 non
1013 4340 1175 4429 placeant
1195 4334 1272 4408 Deo
1294 4339 1368 4408 ulla
1684 4298 1792 4401 ΟΜ
1811 4314 1929 4398 '3¹¹⁹'
1952 4300 2142 4381 dmm?

377 4466 510 4531 opera,
530 4464 596 4511 nec
612 4442 686 4513 εἰει
697 4442 836 4513 ἱειειίεἰε
851 4464 913 4511 sen
930 4441 1132 4511 obedientia
1145 4464 1227 4529 erga
1241 4436 1370 4526 Deum,
1521 4436 1696 4514 Absoluta
1719 4440 1955 4533 digressione,
1989 4444 2082 4517 redit
2105 4449 2149 4517 ad
2178 4447 2276 4517 illam
2298 4452 2409 4524 colla-

378 4544 436 4614 rel
451 4546 570 4616 cultus
586 4542 671 4629 Dei,
692 4544 785 4616 sicut
804 4566 911 4635 supra
936 4542 1071 4635 inquit:
1097 4541 1166 4614 Per
1185 4566 1290 4637 quem
1308 4564 1370 4614 ac·
1419 4548 1573 4632 tionem,
1598 4568 1707 4639 quam
1727 4566 1832 4638 supra
1853 4544 2009 4619 instituit
2026 4550 2071 4618 de
2083 4546 2160 4639 lege
2174 4562 2207 4621 et
2222 4552 2266 4620 de
2287 4554 2411 4642 gratia,

378 4670 516 4717 cessum
532 4642 706 4717 habemus
727 4649 771 4718 ad
788 4643 916 4720 Deum.
1421 4648 1476 4723 Ae
1488 4646 1675 4741 praecipue
1692 4640 1751 4717 bic
1768 4648 2000 4720 concionatur
2014 4651 2058 4721 de
2074 4674 2141 4721 usu
2163 4650 2268 4742 legis,
2291 4669 2331 4725 ut
2345 4651 2411 4730 has

482 4746 665 4820 Discernit
687 4764 805 4821 sutem
825 4770 955 4819 novam
977 4746 1217 4819 obedientiam
1242 4772 1263 4817 a
1292 4770 1371 4819 car·
1422 4756 1511 4824 duas
1527 4748 1714 4841 opiniones
1736 4772 1809 4819 non
1831 4763 1967 4821 tantum
1992 4752 2029 4821 in
2054 4749 2212 4840 ludaeis,
2239 4758 2298 4824 sed
2326 4758 2411 4827 uni-

384 4851 479 4943 nali,
505 4866 541 4923 et
571 4875 701 4923 novam
723 4864 825 4923 vocat
852 4850 1093 4943 spiritualem,
1116 4850 1264 4921 alteram
1287 4874 1373 4921 nero
1422 4852 1608 4925 versaliter
1622 4850 1659 4919 in
1676 4850 1840 4921 omnium
1862 4853 1989 4923 animis
2011 4848 2213 4935 haerentes,
2239 4861 2412 4931 emendet.

386 4967 486 5025 voest
499 4967 707 5027 vetustatem
722 4954 857 5026 literae.
890 4951 1006 5044 Supra
1023 4968 1140 5023 autem
1156 4953 1292 5023 dictum
1308 4966 1374 5038 eat,
1423 4953 1563 5029 Omnes
1585 4954 1680 5024 euim
1704 4952 1944 5043 imaginantur
1966 4954 2140 5025 iusticiam
2166 4958 2269 5049 legis,
2304 4986 2411 5055 quam

386 5052 540 5127 Literarn
564 5056 761 5146 significare
784 5077 908 5125 omnes
929 5055 1181 5145 cogitationes,
1214 5069 1373 5140 conatus,
1425 5070 1601 5153 praestare
1616 5050 1724 5129 bomo
1743 5056 2082 5146 potest‚satistacere
2100 5059 2189 5149 legi,
2215 5076 2247 5131 et
2263 5086 2336 5133 esse
2355 5064 2411 5133 iu-

388 5158 499 5228 bonas
526 5158 763 5243 intentiones,
795 5159 882 5228 item
905 5179 1030 5250 opera,
1064 5181 1155 5251 quae
1176 5155 1267 5229 ratio
1290 5158 1376 5228 iacit
1424 5160 1563 5233 stiriam
1586 5182 1706 5230 coram
1728 5158 1822 5243 Deo,
1849 5154 1916 5228 boo
1931 5173 2003 5249 est,
2030 5154 2194 5234 homines
2209 5188 2274 5235 ner
2289 5168 2413 5237 vident

390 5262 462 5330 sine
479 5284 565 5332 vero
583 5261 710 5331 timore
725 5258 814 5342 Dei,
838 5273 875 5331 et
889 5260 966 5329 sine
980 5283 1062 5331 vera
1083 5259 1213 5331 fiducia
1228 5256 1376 5345 Christi,
1425 5276 1606 5358 peccatum
1638 5273 1673 5331 ει
1706 5261 1972 5352 corruptionem
2002 5275 2165 5335 naturae:
2197 5292 2262 5339 uec
2291 5268 2413 5341 rident

390 5380 419 5435 et
441 5364 519 5433 siue
540 5362 680 5455 Spiritu
710 5376 841 5434 sancto.
900 5361 1001 5435 Sicut
1022 5361 1110 5434 Saul
1136 5356 1244 5433 babet
1263 5365 1375 5433 bonas
1426 5364 1671 5459 disciplinam,
1698 5385 1804 5457 quam
1822 5376 2002 5461 utcunque
2020 5378 2198 5455 praestant
2213 5390 2275 5459 per
2289 5372 2412 5461 legem,

392 5466 624 5550 intentiones,
649 5466 744 5537 bona
768 5464 968 5559 proposita,
990 5468 1086 5558 quod
1111 5465 1196 5536 velit
1210 5461 1288 5536 Deo
1302 5488 1377 5536 ser·
1427 5490 1503 5539 non
1534 5466 1731 5538 satisfacere
1759 5463 1847 5555 legi,
1879 5488 1954 5536 uon
1985 5488 2057 5535 εεεε
2085 5466 2263 5539 iusticiam
2293 5494 2412 5541 coram

310 5561 325 5666 Ἰ
391 5570 473 5638 rire.
527 5564 638 5653 ltcm,
659 5568 1109 5640 sacrificatetintereanec
1129 5566 1296 5637 timorem
1313 5562 1378 5638 ha·
1427 5568 1518 5642 Deo.
1570 5568 1785 5661 Quanquam
1810 5578 1927 5637 autem
1953 5568 2034 5637 illas
2062 5569 2249 5659 opiniones
2270 5571 2315 5642 de
2333 5571 2414 5663 lege

391 5672 458 5756 het,
489 5694 558 5741 nec
587 5693 706 5741 veram
736 5671 857 5745 fidem.
923 5668 1024 5741 Sicut
1043 5670 1212 5740 contritio
1232 5671 1377 5763 qnando
1427 5672 1580 5743 maxime
1594 5670 1831 5743 defendebant
1846 5665 1986 5755 ludaei,
2010 5683 2128 5740 tamen
2152 5684 2235 5741 sunt
2255 5695 2416 5743 commu-

390 5794 461 5844 non
487 5786 541 5845 est
561 5794 667 5845 verus
686 5772 809 5859 dolor,
836 5771 896 5842 sed
913 5769 1079 5841 accersita
1100 5772 1299 5853 moesticia,
1326 5785 1379 5845 est
1427 5796 1492 5845 nes
1522 5771 1683 5844 omnium
1708 5766 1914 5858 hominurn,
1945 5783 1981 5842 et
2001 5770 2202 5843 refutantur
2227 5773 2273 5844 ab
2294 5768 2416 5846 Evan-

392 5874 502 5951 litera.
536 5873 623 5946 ldeo
646 5874 742 5947 enirn
756 5874 888 5947 dicitur
911 5872 1034 5960 litera,
1059 5871 1235 5965 quianon
1252 5886 1303 5946 est
1316 5898 1379 5947 ve·
1426 5875 1539 5970 gelio,
1563 5875 1660 5972 quod
1676 5872 1909 6049 docptdllegem
1929 5894 2005 5944 non
2026 5894 2099 5945 esse
2121 5886 2258 5947 tantum
2273 5874 2414 5951 civilem
