5825 6950
327 703 418 784 tttt
545 700 651 780 Xlll.
701 702 736 775 7.
762 697 1004 777 uuauua't
1009 693 1061 773 10
1087 692 1244 772 EPIST.
1270 688 1475 771 amotus
1502 686 1570 767 AD
1596 688 1927 767 TlMOTllEUM.
1981 693 2088 771 CAP.
2115 694 2182 777 lll.
2262 698 2362 779 teto

416 875 579 951 Primum
609 888 704 948 recte
727 868 797 947 buc
831 872 903 947 dici
938 885 1078 965 potest,
1117 868 1308 941 Ministros
1333 882 1338 921 ¹
1360 862 1490 939 Ariani
1507 878 1626 958 postea
1643 888 1786 961 quoque
1800 860 1955 939 Nicenae
1970 866 2118 965 Synodo
2132 874 2355 947 contradice-

323 976 503 1072 Evaugelii
537 981 667 1051 debere
700 1002 861 1071 praeesse
896 976 1056 1061 iudiciis,
1105 987 1141 1045 et
1176 967 1308 1045 habere
1359 971 1465 1045 bant:
1499 992 1565 1043 uec
1593 972 1689 1043 valet
1708 969 1900 1043 declaratio
1923 986 2070 1065 propter
2091 975 2249 1049 iudicum
2270 1002 2351 1070 gra·

321 1088 524 1155 mandatum
541 1081 760 1153 convocandi
779 1079 975 1153 Ecclesiam
993 1080 1036 1147 ad
1053 1078 1306 1169 cognitionem,
1359 1075 1448 1144 dom
1465 1086 1526 1147 aut
1542 1096 1755 1157 numerum,
1775 1072 1867 1145 sicut
1883 1072 1919 1144 in
1937 1074 2072 1147 iudicio
2088 1078 2246 1171 politico.

320 1188 407 1258 utin
422 1186 522 1258 Actis
546 1209 620 1275 cap.
638 1180 698 1255 16.
720 1183 885 1275 Apostoli
905 1194 1071 1275 praesunt
1096 1176 1305 1279 cognitioni,
1459 1194 1530 1269 scd
1552 1194 1644 1263 ,pecc
1665 1188 1723 1263 hic
1749 1193 1894 1287 aliqui„
1921 1192 2113 1289 Nunqmm
2135 1198 2244 1289 3351,st
2266 1200 2347 1273 flag·

319 1304 352 1359 et
365 1286 536 1361 adhibent
553 1290 641 1359 alius
655 1306 695 1357 ex
711 1301 813 1358 coetu
827 1285 1020 1355 seniorum.
1069 1281 1305 1353 Normavero
1356 1296 1422 1366 ccic
1438 1297 1701 1368 dicccncicnum
1719 1296 1757 1364 i„
1770 1293 1955 1367 Ecclesia?
2004 1296 2238 1393 &390an
2261 1301 2344 1375 Non

317 1404 367 1463 est
387 1393 537 1463 verbnm
565 1389 657 1475 Dei,
698 1402 735 1461 ct
755 1388 934 1484 symbola,
975 1410 1067 1480 quae
1098 1398 1192 1455 certe
1220 1396 1305 1453 suut
1356 1412 1406 1470 ccc
1431 1400 1512 1469 fini,
1536 1412 1576 1471 uc
1601 1398 1639 1467 in
1663 1400 1843 1489 impcciic,
1879 1402 1939 1471 ,ed
1966 1403 2109 1474 candem
2132 1400 2228 1475 Dp„s
2249 1407 2345 1480 popm

316 1498 437 1567 luceres
450 1495 612 1579 articuli,
636 1491 745 1563 sumti
761 1504 899 1562 tantum
914 1512 956 1560 ex
972 1490 1085 1559 verbo
1099 1485 1188 1573 Dei,
1205 1486 1303 1555 iuxta
1356 1498 1602 1593 blasphemo„
1638 1502 1729 1571 cicccc
1750 1500 1879 1572 dccvii
1904 1503 2127 1599 synagoga„
2151 1504 2343 1591 ludam

314 1594 408 1669 banc
432 1621 594 1671 normam
618 1616 717 1665 nunc
737 1594 882 1687 quidem
905 1587 1301 1685 pustApostulosiudi-
1356 1599 1607 1684 Mmichcco„
1642 1599 1797 1673 Asiam„
1811 1618 1846 1674 cc
1863 1605 1963 1677 3110&
2015 1602 2131 1677 fficiam
2150 1624 2226 1700 po„
2243 1604 2343 1702 Apo„

314 1712 640 1783 ‘e'tf‘ssi‘fflwls
667 1692 848 1767 5⁰¹¹²h⁰⁰
866 1697 1019 1776 ‘licium’
1056 1691 1139 1764 th·
1158 1691 1302 1781 l·‘²l’·³
1354 1707 1528 1777 stolorum
1555 1710 1736 1777 decretum
1770 1712 1814 1776 de
1845 1707 1939 1795 lege,
1982 1722 2101 1781 tamen
2135 1728 2343 1785 manserunt

314 1804 359 1877 si
375 1804 454 1897 quis
469 1802 564 1871 alind
582 1797 818 1889 Evangelium
839 1799 962 1881 docet,
989 1792 1176 1865 anathema
1193 1794 1250 1863 sit.
1355 1810 1479 1893 ccciii,
1520 1810 1581 1905 qui
1609 1808 1913 1879 circumcisionem
1941 1824 1975 1882 ci
2007 1813 2094 1886 ciicc
2125 1816 2344 1888 ccccmccicc

417 1903 489 1978 see
508 1904 594 1997 qrsid
610 1904 641 1972 si
656 1903 702 1972 sit
720 1900 955 1990 ambiguitas?
987 1897 1056 1969 Hic
1074 1898 1228 1988 primunr
1245 1919 1300 1965 re-
1356 1910 1532 2015 Mccciccc
1557 1912 1794 1985 minimum,

315 2011 494 2101 spondeo:
521 2008 667 2077 Nunest
689 2004 902 2089 ambiguitas
923 2004 960 2071 iu
981 2004 1233 2079 laudamento,
1264 1999 1300 2067 id
1709 2060 1718 2079 ,
1803 2060 1811 2079 ‚
1857 2060 1866 2080 ,
1911 2062 1951 2081 ..

315 2126 389 2199 est,
425 2110 464 2179 in
490 2112 650 2201 partibus
673 2108 858 2175 doctrinae
880 2104 1104 2187 necessariis,
1138 2102 1302 2171 inlibris
1648 2057 1740 2133 ‘4²¹⁰
1768 2058 2053 2141 dm‘m‘l‘l‘ldi’·

315 2206 552 2308 propheticis,
576 2210 780 2300 apostolicis
807 2223 841 2281 et
858 2208 1044 2301 symbolis,
1073 2208 1193 2275 dextre
1215 2226 1301 2273 con·
1456 2196 1501 2269 ln
1515 2198 1657 2269 iudiciis
1673 2197 1828 2291 politicis
1841 2214 1993 2295 utraque
2014 2226 2094 2293 pars
2111 2206 2261 2299 obligari
2279 2234 2344 2301 pu-

317 2316 480 2389 sideratis
496 2314 682 2385 sententiis
702 2312 779 2381 sine
802 2305 1014 2399 sophistica,
1038 2322 1074 2379 et
1090 2308 1221 2378 cult-ato
1241 2305 1299 2374 in·
1355 2312 1518 2373 testante
1541 2302 1772 2385 senteutiam,
1799 2316 1838 2373 ut
1858 2305 2041 2394 promittat
2061 2328 2098 2378 se
2118 2310 2344 2404 obtempera·

319 2440 416 2511 tegro
433 2419 616 2489 doetrinae
631 2438 798 2503 corpore,
825 2411 886 2491 Ut,
905 2413 1042 2482 etiamsi
1053 2410 1303 2482 samosetanus
1356 2420 1471 2474 terram
1490 2428 1563 2475 esse
1578 2405 1746 2476 iudicatu.
1797 2403 1867 2478 Sed
1888 2406 1925 2475 in
1944 2406 2086 2479 iudiciis
2100 2412 2283 2485 doctrinae
2303 2414 2343 2485 iu

318 2523 502 2596 contendit
526 2544 599 2589 esse
613 2517 880 2607 ambiguitatem
905 2516 942 2592 in
966 2515 1077 2583 dicto:
1100 2510 1149 2593 ,lo
1170 2509 1303 2601 prioci-
1354 2503 1514 2577 Ecclesia
1537 2500 1701 2577 homines
1724 2506 1771 2597 pii
1795 2532 2016 2602 nequaquam
2033 2534 2071 2581 se
2087 2513 2245 2605 obligent
2262 2532 2344 2589 ante

319 2628 380 2720 pio
395 2622 650 2701 eratVerbum,
677 2640 795 2690 tamen
811 2616 1073 2687 circumstantia
1092 2629 1205 2684 reatus
1223 2637 1303 2680 eum
1356 2608 1581 2695 seutentiam,
1602 2608 1685 2702 qnia
1703 2602 1865 2680 homines
1880 2635 1996 2682 errare
2010 2629 2155 2703 possunt
2164 2667 2176 2702 ,
2193 2632 2226 2689 et
2242 2642 2344 2711 saepe

318 2726 517 2807 convincit,
558 2749 649 2819 quae
678 2720 851 2803 ostendit,
887 2718 1045 2789 Verbum
1069 2717 1121 2785 ibi
1153 2714 1304 2801 intelligi
1357 2712 1472 2780 maior
1487 2734 1568 2803 pars
1584 2710 1621 2779 in
1636 2708 1791 2805 Synurlis
1815 2727 1866 2781 est
1888 2714 2054 2786 fascinata
2079 2719 2181 2789 malis
2200 2722 2344 2813 opiniu-

318 2844 481 2921 oportere
506 2850 711 2918 personam,
752 2823 835 2916 quia
860 2836 974 2893 textus
1002 2819 1135 2913 inquit:
1170 2812 1305 2887 Omnia
1357 2814 1483 2897 nibus,
1510 2824 1548 2883 ut
1564 2813 1602 2881 in
1623 2810 1769 2906 Synodo
1786 2812 2002 2909 syrmiensi,
2035 2843 2240 2914 quauqnam
2262 2846 2344 2916 spe-

320 2958 384 3025 per
413 2932 529 3025 ipsum
554 2930 644 2999 lacta
670 2940 764 2997 sunt.
818 2923 921 2994 ltem:
955 2920 1003 2993 Et
1032 2922 1188 2989 l'erbism
1223 2942 1306 2989 caro
1358 2916 1453 2985 ciosa
1467 2928 1552 3001 eret,
1568 2928 1602 2985 ct
1618 2914 1736 3005 magni
1752 2916 1819 2983 viri
1836 2916 2021 2989 exGraeca
2039 2934 2073 2991 ct
2085 2920 2345 2996 LatineEccle·

321 3040 447 3105 iactum
474 3047 537 3103 est.
586 3029 674 3102 Item
701 3022 777 3101 lob.
798 3027 852 3102 8.:
888 3028 1091 3115 Antequam
1123 3016 1304 3091 Abrabam
1358 3019 1409 3087 sia
1434 3030 1692 3101 convenerant,
1722 3032 1842 3088 tamen
1868 3020 2006 3109 insigne
2027 3038 2183 3093 erratum
2208 3028 2347 3113 accidit,

322 3142 514 3222 natusest,
548 3158 614 3223 ego
638 3156 730 3205 sum.
776 3128 842 3202 Et:
876 3123 1058 3199 Abraham
1093 3124 1182 3193 vidit
1212 3123 1305 3192 diem
1357 3118 1577 3189 sustulerunt
1592 3142 1632 3187 ex
1647 3117 1820 3213 Symbulu
1837 3123 2051 3193 vocabulum
2073 3119 2288 3219 ὃμοούσιος,
2311 3144 2347 3203 et

318 3264 447 3314 mcum,
1359 3244 1423 3313 pro
1443 3244 1486 3289 eo
1506 3220 1616 3291 inseri
1637 3221 1829 3294 voluerunt
1860 3218 2005 3315 ὅμοιος,
2044 3226 2081 3297 id
2103 3244 2173 3316 est,
2205 3232 2346 3318 similis,

420 3341 603 3411 Praeterea
628 3336 767 3408 etiamsi
784 3333 873 3425 uuis
905 3324 1095 3422 sophistice
1122 3328 1308 3398 contendit
1358 3337 1398 3395 ut
1424 3317 1483 3392 hic
1506 3317 1703 3393 cothurnus
1722 3324 1861 3394 tolleret
1884 3326 2159 3416 dissensionem,
2184 3335 2243 3401 sed
2262 3335 2345 3425 quie

317 3470 394 3517 esse
416 3442 698 3534 ambiguitatem,
729 3454 770 3510 ut
790 3432 1043 3526 Anabaptistae
1063 3431 1108 3500 dc
1131 3430 1307 3502 inlautum
1358 3426 1572 3515 ambiguitas
1599 3426 1808 3497 obscurabat
1840 3429 2022 3500 veritatem
2048 3446 2080 3503 et
2115 3436 2348 3511 confirmabat

317 3551 503 3639 Baptismo
520 3545 768 3623 vociferantur,
784 3556 902 3612 tomen
917 3561 996 3610 cuns
1013 3556 1151 3623 semper
1163 3532 1207 3602 sit
1226 3555 1306 3602 aere
1359 3526 1534 3614 Arianos,
1562 3542 1639 3618 post
1655 3527 1841 3624 Synodum
1855 3525 2033 3604 Ecclesiae
2050 3551 2142 3606 recte
2155 3539 2347 3612 sentientes

317 3651 498 3731 Ecclesia,
523 3671 662 3736 semper
678 3646 715 3714 in
730 3643 910 3734 aliquibus
926 3663 987 3708 sen
1004 3636 1124 3704 multis
1138 3658 1200 3704 seu
1219 3659 1307 3724 pau·
1359 3628 1451 3702 hanc
1474 3631 1710 3720 corruptelam
1733 3633 1918 3703 admittere
1935 3637 2139 3714 noluerunt.

318 3757 599 3826 cismaoetvera
615 3751 686 3820 loa.
728 3743 778 3816 Hi
795 3745 833 3814 iu
850 3741 1040 3813 iudicando
1059 3738 1308 3828 pronunciant,
1462 3732 1542 3802 Non
1574 3747 1628 3803 est
1655 3733 1751 3802 enirn
1782 3735 1922 3825 alligata
1952 3739 2081 3810 ueritas
2106 3744 2150 3811 ed
2176 3743 2346 3813 maiorem

318 3857 515 3930 ostendunt
535 3875 635 3924 suam
660 3849 936 3933 confessionem,
964 3841 1120 3912 Narrant
1141 3840 1227 3932 quid
1251 3839 1307 3906 in·
1359 3859 1569 3920 numerum,
1596 3857 1662 3904 nec
1680 3837 1723 3904 ad
1741 3833 1943 3908 Romanum
1959 3839 2193 3934 Episcopum,
2219 3849 2347 3916 autad

319 3961 506 4050 telligant,
541 3970 575 4026 et
598 3971 682 4024 saint
704 3954 789 4022 certi
810 3974 852 4024 ex
875 3949 954 4039 ipso
975 3967 1138 4016 sermone
1155 3935 1308 4032 prophe-
1360 3937 1504 4008 titolum
1520 3932 1797 4029 Episcopurum,
1813 3940 1896 4032 quia
1912 3943 2080 4034 scriptum
2097 3961 2148 4016 est
2163 3944 2280 4020 Roma
2294 3948 2348 4022 2,:

320 4067 394 4137 tico
415 4079 451 4134 et
468 4058 685 4152 apostolico,
724 4069 758 4127 ct
782 4046 996 4122 testimoniis
1015 4043 1173 4135 Spiritus
1197 4043 1309 4114 sancti
1360 4038 1457 4110 Deus
1474 4062 1660 4130 personam
1677 4036 2072 4137 hominisnoneccipit.
2110 4045 2157 4120 Et
2173 4045 2298 4126 luban.
2315 4049 2349 4126 1.

322 4168 361 4236 in
384 4165 487 4254 ipsis,
528 4164 624 4232 iusta
648 4159 738 4228 illud
761 4149 891 4248 Ephes.
915 4152 968 4223 1.:
1011 4143 1204 4238 Obsignati
1228 4144 1311 4214 estis
1362 4143 1621 4232 scriptumest,
1661 4166 1780 4211 veram
1805 4137 1998 4216 Ecclesiam
2018 4173 2092 4220 non
2114 4173 2187 4222 esse
2208 4166 2348 4224 coetum

321 4269 463 4360 Spiritu
485 4280 619 4337 sancto.
1364 4245 1615 4336 propagatione
1629 4245 1783 4316 naturali
1801 4257 1940 4334 ortum,
1969 4263 2030 4321 ant
2052 4247 2218 4324 humanis
2238 4254 2349 4324 eolle-

426 4368 473 4440 Et
495 4365 667 4437 sententia
690 4358 819 4431 lionam
842 4380 904 4428 seu
926 4354 1119 4425 multorum
1135 4373 1198 4421 seo
1222 4374 1313 4442 pau-
1363 4347 1429 4436 giis
1445 4359 1479 4416 et
1495 4347 1781 4418 ordinationibus
1797 4349 2003 4437 collectum,
2028 4367 2068 4424 ut
2091 4371 2175 4426 snut
2198 4351 2349 4444 Episco-

321 4496 450 4546 eurum
469 4468 643 4541 cuulessio
659 4479 728 4550 est,
755 4460 808 4534 Ac
825 4471 971 4554 possunt
987 4452 1028 4526 hi
1043 4452 1204 4526 adiuvari
1225 4477 1312 4522 con·
1364 4472 1491 4542 porum
1512 4449 1674 4538 collegia:
1717 4452 1777 4522 sed
1804 4474 1845 4520 es
1871 4448 1948 4522 Deo
1971 4467 2110 4542 natum,
2144 4457 2240 4528 insta
2265 4453 2350 4528 haec

322 4575 481 4648 sessione
502 4584 722 4648 sanctorum,
748 4564 811 4659 qui
830 4576 931 4633 autea
952 4560 1116 4641 luerunt,
1142 4556 1234 4627 sieut
1248 4576 1314 4624 uus
1364 4551 1488 4621 verba:
1515 4548 1588 4641 Qui
1607 4573 1680 4622 nou
1703 4551 2010 4642 exsanguinibus,
2034 4578 2150 4650 neque
2164 4582 2205 4628 es
2220 4559 2351 4629 vulun-

320 4683 370 4750 de
394 4678 510 4747 tribus
532 4672 691 4768 personia
705 4667 919 4740 adiuvamur
934 4689 953 4732 a
969 4657 1144 4748 Gregorio
1160 4656 1311 4728 Neocae-
1364 4669 1436 4725 tate
1459 4655 1596 4740 canus,
1629 4677 1799 4748 nequeas
1818 4654 2000 4728 voluntate
2018 4658 2107 4748 viri,
2134 4661 2195 4731 sed
2214 4685 2254 4731 es
2271 4661 2352 4734 Deo

321 4779 496 4864 auriensi,
534 4778 581 4848 ab
605 4771 770 4857 leenaeo,
795 4765 1052 4840 acoulessione
1071 4759 1224 4830 Niceuae
1246 4757 1314 4851 Sy·
1366 4756 1440 4827 uati
1468 4769 1562 4830 suut.

321 4885 438 4969 nudi,
462 4883 546 4952 item
564 4882 609 4949 de
632 4875 809 4968 baptismo
821 4871 998 4941 inlautum
1013 4863 1223 4936 adiuvamur
1242 4862 1317 4930 siu·
1468 4853 1515 4929 Et
1537 4856 1669 4928 multae
1695 4860 1841 4932 leserunt
1870 4857 2007 4955 Synudi
2038 4860 2189 4953 impiae,
2223 4867 2353 4960 qrsibus

322 4986 420 5060 ceris
435 4980 649 5058 testimoniis
662 4979 829 5070 antiquae
838 4969 1027 5054 Ecclesiae,
1041 4967 1133 5038 sitast
1147 4965 1317 5056 scriptum
1367 4975 1487 5034 tamen
1504 4960 1573 5030 viri
1588 4963 1704 5051 magni
1721 4963 1979 5050 interfuerunt,
2006 4967 2123 5038 utillo
2139 4967 2355 5064 Syrmiensis

322 5103 382 5163 est
405 5087 523 5160 Lucae
538 5087 618 5161 222
651 5079 699 5156 Et
724 5095 764 5153 tu
786 5095 978 5150 conversus
1000 5069 1170 5140 confirma
1192 5067 1319 5141 iratres
1369 5077 1403 5134 et
1418 5059 1655 5134 seleuciensis
1669 5065 1736 5136 sub
1753 5063 1984 5153 Constantio,
2017 5071 2175 5160 quicum
2200 5083 2355 5142 vocasset

322 5209 424 5266 cccc,
1372 5163 1568 5256 Episcopus
1584 5161 1746 5253 Niceam,
1769 5166 1925 5238 lecturus
1939 5169 2156 5241 contrarium
2172 5177 2353 5246 decretum

435 5291 510 5362 lam
531 5289 592 5383 qui
607 5281 767 5377 agnoscit
782 5303 819 5350 se
836 5275 1001 5349 convinci
1017 5272 1128 5344 verbu
1142 5267 1231 5354 Dei,
1255 5271 1320 5337 ob-
1372 5266 1483 5356 priori
1500 5265 1830 5362 SynoduNicenae,
1857 5282 2072 5344 terraemotu
2088 5275 2248 5368 dissipati
2262 5290 2355 5347 snut.

325 5409 507 5488 temperat
531 5393 688 5464 iudicato
711 5397 856 5471 irruptos·
871 5381 1018 5450 verbum
1039 5374 1125 5458 Dei,
1151 5396 1222 5442 nun
1240 5396 1321 5462 pro·
1374 5370 1499 5443 Postea
1522 5393 1605 5440 veru
1627 5385 1868 5442 convenerunt
1890 5371 1928 5442 in
1951 5371 2130 5462 Seleucia,
2153 5377 2217 5449 ubi
2243 5377 2357 5448 maxi·

325 5515 416 5594 pter
434 5499 582 5589 gradum
606 5492 785 5562 iudicum:
819 5497 854 5554 et
873 5502 1078 5576 quanquam
1103 5475 1325 5546 eommunebt
1375 5473 1442 5542 ruis
1465 5473 1750 5544 contentionibus
1772 5473 1881 5567 impia
1901 5477 2040 5550 decreta
2061 5478 2254 5554 faeneum
2271 5503 2359 5552 cun·

325 5602 481 5674 anditur
504 5597 664 5668 iudicum
694 5613 799 5672 voce,
823 5603 944 5658 temen
967 5584 1054 5654 fides
1080 5579 1205 5650 nititur
1227 5575 1325 5648 testi·
1376 5590 1430 5648 tra
1456 5567 1674 5666 dpoodoaor.

324 5705 462 5776 monio
484 5700 628 5780 divino,
664 5694 758 5765 utin
776 5687 972 5762 bucdicto:
1000 5681 1042 5756 lu
1061 5679 1327 5774 principioerat
1481 5675 1584 5748 Talia
1609 5675 1766 5768 exempla
1792 5690 1908 5750 vetera
1932 5680 2163 5756 multarunt.
2198 5679 2295 5758 Utile
2311 5697 2364 5756 cst

327 5806 510 5876 Vccbcm.
563 5799 675 5873 Molti
693 5808 811 5862 autem
834 5792 918 5883 qraia
934 5811 1008 5860 uon
1026 5784 1148 5856 voluat
1163 5779 1328 5850 convinci
1379 5793 1418 5850 et
1439 5779 1633 5850 recentium
1649 5777 1879 5875 Syuudomm
1894 5795 2009 5856 errata
2031 5783 2267 5860 considerare.
2321 5783 2365 5857 ln

327 5911 449 5980 verbo
483 5905 571 5986 Dei,
608 5915 729 5995 postea
764 5918 907 5990 qssoque
941 5886 1204 5964 contradicunt,
1238 5883 1330 5952 sicut
1350 5877 1370 5960 l·
1385 5877 1814 6053 coucilirp5bpteraueusi,
1838 5886 1936 5978 quod
1953 5885 2060 5958 vsldc
2077 5886 2273 5961 cclcbccccc
2288 5903 2369 5961 ccc.
