<?xml version="1.0" encoding="UTF-8"?>
<!DOCTYPE html PUBLIC "-//W3C//DTD XHTML 1.0 Transitional//EN"
    "http://www.w3.org/TR/xhtml1/DTD/xhtml1-transitional.dtd">
<html xmlns="http://www.w3.org/1999/xhtml" xml:lang="en" lang="en">
 <head>
  <title>
</title>
<meta http-equiv="Content-Type" content="text/html;charset=utf-8" />
  <meta name='ocr-system' content='tesseract 3.04.00' />
  <meta name='ocr-capabilities' content='ocr_page ocr_carea ocr_par ocr_line ocrx_word'/>
</head>
<body>
  <div class='ocr_page' id='page_1' title='image "./philippimelanth08bindgoog_0249.png"; bbox 0 0 5825 6950; ppageno 0'>
   <div class='ocr_carea' id='block_1_1' title="bbox 632 630 2576 779">
    <p class='ocr_par' dir='ltr' id='par_1_1' title="bbox 632 630 2576 779">
     <span class='ocr_line' id='line_1_1' title="bbox 632 630 2576 779; baseline 0.002 -22"><span class='ocrx_word' id='word_1_1' title='bbox 632 690 710 779; x_wconf 61' lang='lat' dir='ltr'>sss</span> <span class='ocrx_word' id='word_1_2' title='bbox 982 650 1008 667; x_wconf 83' lang='lat'>&#39;&#39;</span> <span class='ocrx_word' id='word_1_3' title='bbox 1165 730 1172 735; x_wconf 85' lang='lat'><em>-</em></span> <span class='ocrx_word' id='word_1_4' title='bbox 1234 630 1504 764; x_wconf 78' lang='lat' dir='ltr'>aurnuns.</span> <span class='ocrx_word' id='word_1_5' title='bbox 1535 676 1748 755; x_wconf 57' lang='lat' dir='ltr'>mirra</span> <span class='ocrx_word' id='word_1_6' title='bbox 1778 674 2081 759; x_wconf 76' lang='lat' dir='ltr'>axsuancs</span> <span class='ocrx_word' id='word_1_7' title='bbox 2195 738 2200 748; x_wconf 91' lang='lat'><em>.</em></span> <span class='ocrx_word' id='word_1_8' title='bbox 2530 696 2576 775; x_wconf 72' lang='lat' dir='ltr'>sn</span> 
     </span>
    </p>
   </div>
   <div class='ocr_carea' id='block_1_2' title="bbox 642 850 2594 5955">
    <p class='ocr_par' dir='ltr' id='par_1_2' title="bbox 642 850 2592 3199">
     <span class='ocr_line' id='line_1_2' title="bbox 642 850 2576 959; baseline -0.005 -14"><span class='ocrx_word' id='word_1_9' title='bbox 642 868 750 945; x_wconf 82' lang='lat' dir='ltr'>initio</span> <span class='ocrx_word' id='word_1_10' title='bbox 764 862 983 941; x_wconf 81' lang='lat' dir='ltr'>dissimulata</span> <span class='ocrx_word' id='word_1_11' title='bbox 999 853 1215 955; x_wconf 84' lang='lat' dir='ltr'>propositio,</span> <span class='ocrx_word' id='word_1_12' title='bbox 1239 854 1396 949; x_wconf 84' lang='lat' dir='ltr'>prinum</span> <span class='ocrx_word' id='word_1_13' title='bbox 1419 854 1460 925; x_wconf 84' lang='lat' dir='ltr'>in</span> <span class='ocrx_word' id='word_1_14' title='bbox 1481 850 1627 925; x_wconf 87' lang='lat' dir='ltr'>conclu·</span> <span class='ocrx_word' id='word_1_15' title='bbox 1678 852 1757 949; x_wconf 84' lang='lat' dir='ltr'>puli</span> <span class='ocrx_word' id='word_1_16' title='bbox 1776 864 1915 949; x_wconf 85' lang='lat' dir='ltr'>partem</span> <span class='ocrx_word' id='word_1_17' title='bbox 1936 868 2173 949; x_wconf 83' lang='lat' dir='ltr'>perventurae</span> <span class='ocrx_word' id='word_1_18' title='bbox 2198 868 2320 932; x_wconf 72' lang='lat' dir='ltr'>essem</span> <span class='ocrx_word' id='word_1_19' title='bbox 2384 856 2473 937; x_wconf 80' lang='lat' dir='ltr'>Nunc</span> <span class='ocrx_word' id='word_1_20' title='bbox 2493 890 2576 959; x_wconf 72' lang='lat' dir='ltr'>panas</span> 
     </span>
     <span class='ocr_line' id='line_1_3' title="bbox 644 954 2578 1060; baseline -0.004 -12"><span class='ocrx_word' id='word_1_21' title='bbox 644 976 746 1049; x_wconf 88' lang='lat' dir='ltr'>sione</span> <span class='ocrx_word' id='word_1_22' title='bbox 772 971 865 1043; x_wconf 84' lang='lat' dir='ltr'>clare</span> <span class='ocrx_word' id='word_1_23' title='bbox 888 966 1053 1060; x_wconf 82' lang='lat' dir='ltr'>ponitur:</span> <span class='ocrx_word' id='word_1_24' title='bbox 1087 962 1128 1034; x_wconf 90' lang='lat' dir='ltr'>ld</span> <span class='ocrx_word' id='word_1_25' title='bbox 1151 958 1210 1031; x_wconf 91' lang='lat' dir='ltr'>hic</span> <span class='ocrx_word' id='word_1_26' title='bbox 1230 960 1361 1031; x_wconf 85' lang='lat' dir='ltr'>lactum</span> <span class='ocrx_word' id='word_1_27' title='bbox 1388 970 1451 1033; x_wconf 88' lang='lat' dir='ltr'>est.</span> <span class='ocrx_word' id='word_1_28' title='bbox 1514 954 1629 1047; x_wconf 79' lang='lat' dir='ltr'>Igitur</span> <span class='ocrx_word' id='word_1_29' title='bbox 1679 970 1817 1029; x_wconf 89' lang='lat' dir='ltr'>tantum</span> <span class='ocrx_word' id='word_1_30' title='bbox 1848 974 1883 1032; x_wconf 92' lang='lat' dir='ltr'>et</span> <span class='ocrx_word' id='word_1_31' title='bbox 1911 959 2056 1053; x_wconf 87' lang='lat' dir='ltr'>quidem</span> <span class='ocrx_word' id='word_1_32' title='bbox 2080 960 2223 1032; x_wconf 80' lang='lat' dir='ltr'>infimos</span> <span class='ocrx_word' id='word_1_33' title='bbox 2253 955 2404 1034; x_wconf 84' lang='lat' dir='ltr'>homiues</span> <span class='ocrx_word' id='word_1_34' title='bbox 2428 967 2578 1055; x_wconf 65' lang='lat' dir='ltr'>gloriaris</span> 
     </span>
     <span class='ocr_line' id='line_1_4' title="bbox 644 1057 2578 1161; baseline -0.006 -12"><span class='ocrx_word' id='word_1_35' title='bbox 644 1085 790 1149; x_wconf 85' lang='lat' dir='ltr'>nonest</span> <span class='ocrx_word' id='word_1_36' title='bbox 811 1068 984 1154; x_wconf 83' lang='lat' dir='ltr'>volentis,</span> <span class='ocrx_word' id='word_1_37' title='bbox 1010 1087 1124 1161; x_wconf 87' lang='lat' dir='ltr'>neque</span> <span class='ocrx_word' id='word_1_38' title='bbox 1145 1060 1340 1142; x_wconf 88' lang='lat' dir='ltr'>currentis,</span> <span class='ocrx_word' id='word_1_39' title='bbox 1366 1062 1428 1131; x_wconf 89' lang='lat' dir='ltr'>sed</span> <span class='ocrx_word' id='word_1_40' title='bbox 1454 1057 1627 1129; x_wconf 88' lang='lat' dir='ltr'>miseren·</span> <span class='ocrx_word' id='word_1_41' title='bbox 1680 1061 1826 1152; x_wconf 88' lang='lat' dir='ltr'>adeptos</span> <span class='ocrx_word' id='word_1_42' title='bbox 1839 1082 1913 1131; x_wconf 87' lang='lat' dir='ltr'>ease</span> <span class='ocrx_word' id='word_1_43' title='bbox 1928 1074 2001 1133; x_wconf 89' lang='lat' dir='ltr'>tarn</span> <span class='ocrx_word' id='word_1_44' title='bbox 2019 1062 2203 1155; x_wconf 70' lang='lat' dir='ltr'>magnifica</span> <span class='ocrx_word' id='word_1_45' title='bbox 2218 1063 2390 1155; x_wconf 83' lang='lat' dir='ltr'>promissa.</span> <span class='ocrx_word' id='word_1_46' title='bbox 2431 1065 2500 1139; x_wconf 86' lang='lat' dir='ltr'>Non</span> <span class='ocrx_word' id='word_1_47' title='bbox 2514 1074 2578 1143; x_wconf 77' lang='lat' dir='ltr'>ride.</span> 
     </span>
     <span class='ocr_line' id='line_1_5' title="bbox 644 1158 2580 1259; baseline -0.005 -9"><span class='ocrx_word' id='word_1_48' title='bbox 644 1180 692 1253; x_wconf 86' lang='lat' dir='ltr'>tis</span> <span class='ocrx_word' id='word_1_49' title='bbox 713 1172 794 1249; x_wconf 85' lang='lat' dir='ltr'>Dei.</span> <span class='ocrx_word' id='word_1_50' title='bbox 854 1170 939 1243; x_wconf 82' lang='lat' dir='ltr'>Non</span> <span class='ocrx_word' id='word_1_51' title='bbox 960 1189 1025 1241; x_wconf 80' lang='lat' dir='ltr'>ros</span> <span class='ocrx_word' id='word_1_52' title='bbox 1055 1186 1231 1237; x_wconf 89' lang='lat' dir='ltr'>meremur</span> <span class='ocrx_word' id='word_1_53' title='bbox 1253 1162 1335 1253; x_wconf 73' lang='lat' dir='ltr'>eligi</span> <span class='ocrx_word' id='word_1_54' title='bbox 1356 1162 1540 1232; x_wconf 84' lang='lat' dir='ltr'>voluntate</span> <span class='ocrx_word' id='word_1_55' title='bbox 1567 1173 1629 1232; x_wconf 91' lang='lat' dir='ltr'>aut</span> <span class='ocrx_word' id='word_1_56' title='bbox 1681 1163 1789 1235; x_wconf 88' lang='lat' dir='ltr'>batur</span> <span class='ocrx_word' id='word_1_57' title='bbox 1802 1166 2021 1256; x_wconf 88' lang='lat' dir='ltr'>respondere</span> <span class='ocrx_word' id='word_1_58' title='bbox 2043 1158 2104 1236; x_wconf 89' lang='lat' dir='ltr'>hic</span> <span class='ocrx_word' id='word_1_59' title='bbox 2123 1178 2267 1237; x_wconf 79' lang='lat' dir='ltr'>eventus</span> <span class='ocrx_word' id='word_1_60' title='bbox 2286 1167 2385 1241; x_wconf 85' lang='lat' dir='ltr'>tantis</span> <span class='ocrx_word' id='word_1_61' title='bbox 2401 1171 2580 1259; x_wconf 85' lang='lat' dir='ltr'>promissioni·</span> 
     </span>
     <span class='ocr_line' id='line_1_6' title="bbox 644 1262 2581 1362; baseline -0.004 -16"><span class='ocrx_word' id='word_1_62' title='bbox 644 1302 771 1362; x_wconf 80' lang='lat' dir='ltr'>cursu,</span> <span class='ocrx_word' id='word_1_63' title='bbox 796 1270 866 1345; x_wconf 88' lang='lat' dir='ltr'>hoc</span> <span class='ocrx_word' id='word_1_64' title='bbox 883 1286 952 1357; x_wconf 92' lang='lat' dir='ltr'>est,</span> <span class='ocrx_word' id='word_1_65' title='bbox 974 1270 1140 1362; x_wconf 90' lang='lat' dir='ltr'>operibus</span> <span class='ocrx_word' id='word_1_66' title='bbox 1160 1264 1308 1349; x_wconf 86' lang='lat' dir='ltr'>nostris,</span> <span class='ocrx_word' id='word_1_67' title='bbox 1332 1264 1394 1335; x_wconf 90' lang='lat' dir='ltr'>sed</span> <span class='ocrx_word' id='word_1_68' title='bbox 1418 1262 1629 1335; x_wconf 83' lang='lat' dir='ltr'>beneficium</span> <span class='ocrx_word' id='word_1_69' title='bbox 1680 1265 1766 1350; x_wconf 90' lang='lat' dir='ltr'>bus,</span> <span class='ocrx_word' id='word_1_70' title='bbox 1804 1287 1892 1359; x_wconf 84' lang='lat' dir='ltr'>quas</span> <span class='ocrx_word' id='word_1_71' title='bbox 1922 1268 1968 1337; x_wconf 90' lang='lat' dir='ltr'>ad</span> <span class='ocrx_word' id='word_1_72' title='bbox 1999 1267 2206 1339; x_wconf 83' lang='lat' dir='ltr'>universum</span> <span class='ocrx_word' id='word_1_73' title='bbox 2233 1269 2393 1359; x_wconf 88' lang='lat' dir='ltr'>populum</span> <span class='ocrx_word' id='word_1_74' title='bbox 2417 1273 2581 1361; x_wconf 64' lang='lat' dir='ltr'>pertinenter</span> 
     </span>
     <span class='ocr_line' id='line_1_7' title="bbox 644 1368 2583 1463; baseline -0.006 -8"><span class='ocrx_word' id='word_1_75' title='bbox 644 1394 699 1455; x_wconf 87' lang='lat' dir='ltr'>est</span> <span class='ocrx_word' id='word_1_76' title='bbox 724 1374 986 1450; x_wconf 66' lang='lat' dir='ltr'>misericordiae</span> <span class='ocrx_word' id='word_1_77' title='bbox 999 1370 1066 1441; x_wconf 89' lang='lat' dir='ltr'>Dei</span> <span class='ocrx_word' id='word_1_78' title='bbox 1087 1368 1194 1459; x_wconf 71' lang='lat' dir='ltr'>gratis</span> <span class='ocrx_word' id='word_1_79' title='bbox 1215 1369 1399 1439; x_wconf 86' lang='lat' dir='ltr'>donatum.</span> <span class='ocrx_word' id='word_1_80' title='bbox 1680 1389 1810 1459; x_wconf 87' lang='lat' dir='ltr'>paucos</span> <span class='ocrx_word' id='word_1_81' title='bbox 1830 1380 2000 1463; x_wconf 82' lang='lat' dir='ltr'>tanqsram</span> <span class='ocrx_word' id='word_1_82' title='bbox 2028 1392 2093 1461; x_wconf 88' lang='lat' dir='ltr'>per</span> <span class='ocrx_word' id='word_1_83' title='bbox 2113 1368 2320 1442; x_wconf 69' lang='lat' dir='ltr'>seditionem</span> <span class='ocrx_word' id='word_1_84' title='bbox 2346 1370 2489 1443; x_wconf 82' lang='lat' dir='ltr'>invadere</span> <span class='ocrx_word' id='word_1_85' title='bbox 2505 1376 2583 1444; x_wconf 87' lang='lat' dir='ltr'>eristi·</span> 
     </span>
     <span class='ocr_line' id='line_1_8' title="bbox 742 1465 2583 1563; baseline -0.004 -11"><span class='ocrx_word' id='word_1_86' title='bbox 742 1477 843 1551; x_wconf 75' lang='lat' dir='ltr'>cius</span> <span class='ocrx_word' id='word_1_87' title='bbox 870 1477 967 1549; x_wconf 88' lang='lat' dir='ltr'>alind</span> <span class='ocrx_word' id='word_1_88' title='bbox 1001 1470 1261 1553; x_wconf 91' lang='lat' dir='ltr'>testimonium,</span> <span class='ocrx_word' id='word_1_89' title='bbox 1301 1492 1373 1563; x_wconf 89' lang='lat' dir='ltr'>quo</span> <span class='ocrx_word' id='word_1_90' title='bbox 1402 1468 1531 1560; x_wconf 85' lang='lat' dir='ltr'>prohat</span> <span class='ocrx_word' id='word_1_91' title='bbox 1554 1489 1629 1538; x_wconf 87' lang='lat' dir='ltr'>nou</span> <span class='ocrx_word' id='word_1_92' title='bbox 1680 1469 1837 1541; x_wconf 85' lang='lat' dir='ltr'>mebant.</span> <span class='ocrx_word' id='word_1_93' title='bbox 1885 1465 2034 1562; x_wconf 65' lang='lat' dir='ltr'>Colligit</span> <span class='ocrx_word' id='word_1_94' title='bbox 2048 1472 2157 1563; x_wconf 75' lang='lat' dir='ltr'>igitur</span> <span class='ocrx_word' id='word_1_95' title='bbox 2172 1467 2302 1544; x_wconf 84' lang='lat' dir='ltr'>Paulus</span> <span class='ocrx_word' id='word_1_96' title='bbox 2317 1472 2583 1545; x_wconf 82' lang='lat' dir='ltr'>testimonisdesu·</span> 
     </span>
     <span class='ocr_line' id='line_1_9' title="bbox 647 1565 2582 1662; baseline -0.004 -8"><span class='ocrx_word' id='word_1_97' title='bbox 647 1606 721 1659; x_wconf 85' lang='lat' dir='ltr'>esse</span> <span class='ocrx_word' id='word_1_98' title='bbox 735 1592 937 1652; x_wconf 88' lang='lat' dir='ltr'>nostrarum</span> <span class='ocrx_word' id='word_1_99' title='bbox 955 1573 1107 1657; x_wconf 84' lang='lat' dir='ltr'>virium,</span> <span class='ocrx_word' id='word_1_100' title='bbox 1132 1572 1261 1644; x_wconf 89' lang='lat' dir='ltr'>mereri</span> <span class='ocrx_word' id='word_1_101' title='bbox 1283 1572 1445 1643; x_wconf 86' lang='lat' dir='ltr'>salutem.</span> <span class='ocrx_word' id='word_1_102' title='bbox 1496 1566 1539 1640; x_wconf 94' lang='lat' dir='ltr'>ln</span> <span class='ocrx_word' id='word_1_103' title='bbox 1560 1565 1630 1641; x_wconf 90' lang='lat' dir='ltr'>hoc</span> <span class='ocrx_word' id='word_1_104' title='bbox 1680 1569 1818 1643; x_wconf 85' lang='lat' dir='ltr'>catione</span> <span class='ocrx_word' id='word_1_105' title='bbox 1838 1572 2017 1662; x_wconf 76' lang='lat' dir='ltr'>gentium,</span> <span class='ocrx_word' id='word_1_106' title='bbox 2047 1588 2082 1645; x_wconf 89' lang='lat' dir='ltr'>es</span> <span class='ocrx_word' id='word_1_107' title='bbox 2107 1576 2152 1646; x_wconf 92' lang='lat' dir='ltr'>de</span> <span class='ocrx_word' id='word_1_108' title='bbox 2176 1573 2365 1645; x_wconf 87' lang='lat' dir='ltr'>delectione</span> <span class='ocrx_word' id='word_1_109' title='bbox 2386 1572 2582 1647; x_wconf 84' lang='lat' dir='ltr'>ludaeornost</span> 
     </span>
     <span class='ocr_line' id='line_1_10' title="bbox 647 1669 2441 1769; baseline -0.007 -10"><span class='ocrx_word' id='word_1_110' title='bbox 647 1682 795 1759; x_wconf 81' lang='lat' dir='ltr'>excitavi</span> <span class='ocrx_word' id='word_1_111' title='bbox 816 1694 851 1753; x_wconf 90' lang='lat' dir='ltr'>te</span> <span class='ocrx_word' id='word_1_112' title='bbox 866 1694 930 1754; x_wconf 83' lang='lat' dir='ltr'>etc.</span> <span class='ocrx_word' id='word_1_113' title='bbox 953 1696 1171 1769; x_wconf 89' lang='lat' dir='ltr'>consequens</span> <span class='ocrx_word' id='word_1_114' title='bbox 1192 1686 1263 1758; x_wconf 90' lang='lat' dir='ltr'>est,</span> <span class='ocrx_word' id='word_1_115' title='bbox 1304 1670 1400 1762; x_wconf 75' lang='lat' dir='ltr'>Ergo</span> <span class='ocrx_word' id='word_1_116' title='bbox 1425 1670 1528 1743; x_wconf 90' lang='lat' dir='ltr'>cuius</span> <span class='ocrx_word' id='word_1_117' title='bbox 1551 1670 1630 1744; x_wconf 82' lang='lat' dir='ltr'>vult</span> <span class='ocrx_word' id='word_1_118' title='bbox 1680 1673 1799 1744; x_wconf 92' lang='lat' dir='ltr'>obiter</span> <span class='ocrx_word' id='word_1_119' title='bbox 1813 1674 1948 1747; x_wconf 89' lang='lat' dir='ltr'>meritis</span> <span class='ocrx_word' id='word_1_120' title='bbox 1962 1697 2088 1749; x_wconf 85' lang='lat' dir='ltr'>rursus</span> <span class='ocrx_word' id='word_1_121' title='bbox 2103 1669 2441 1754; x_wconf 89' lang='lat' dir='ltr'>detrahithonorem,</span> 
     </span>
     <span class='ocr_line' id='line_1_11' title="bbox 645 1774 1630 1871; baseline -0.015 -13"><span class='ocrx_word' id='word_1_122' title='bbox 645 1788 849 1863; x_wconf 86' lang='lat' dir='ltr'>miseretur,</span> <span class='ocrx_word' id='word_1_123' title='bbox 874 1793 909 1851; x_wconf 91' lang='lat' dir='ltr'>et</span> <span class='ocrx_word' id='word_1_124' title='bbox 924 1802 1029 1871; x_wconf 88' lang='lat' dir='ltr'>quem</span> <span class='ocrx_word' id='word_1_125' title='bbox 1044 1777 1122 1848; x_wconf 80' lang='lat' dir='ltr'>vult</span> <span class='ocrx_word' id='word_1_126' title='bbox 1136 1776 1301 1861; x_wconf 88' lang='lat' dir='ltr'>indurat,</span> <span class='ocrx_word' id='word_1_127' title='bbox 1331 1774 1454 1859; x_wconf 91' lang='lat' dir='ltr'>idest,</span> <span class='ocrx_word' id='word_1_128' title='bbox 1479 1796 1556 1845; x_wconf 90' lang='lat' dir='ltr'>non</span> <span class='ocrx_word' id='word_1_129' title='bbox 1577 1785 1630 1844; x_wconf 87' lang='lat' dir='ltr'>est</span> 
     </span>
     <span class='ocr_line' id='line_1_12' title="bbox 648 1876 2293 2001; baseline -0.013 -41"><span class='ocrx_word' id='word_1_130' title='bbox 648 1898 850 1960; x_wconf 87' lang='lat' dir='ltr'>nostrarum</span> <span class='ocrx_word' id='word_1_131' title='bbox 872 1881 1004 1952; x_wconf 81' lang='lat' dir='ltr'>virium</span> <span class='ocrx_word' id='word_1_132' title='bbox 1029 1876 1255 1967; x_wconf 80' lang='lat' dir='ltr'>iustificatio,</span> <span class='ocrx_word' id='word_1_133' title='bbox 1285 1878 1346 1947; x_wconf 90' lang='lat' dir='ltr'>sed</span> <span class='ocrx_word' id='word_1_134' title='bbox 1367 1876 1630 1946; x_wconf 75' lang='lat' dir='ltr'>misericordiae</span> <span class='ocrx_word' id='word_1_135' title='bbox 2058 1910 2124 2001; x_wconf 57' lang='lat' dir='ltr'>ca</span> <span class='ocrx_word' id='word_1_136' title='bbox 2181 1920 2198 2001; x_wconf 66' lang='lat' dir='ltr'><strong>t</strong></span> <span class='ocrx_word' id='word_1_137' title='bbox 2238 1914 2293 2001; x_wconf 62' lang='lat' dir='ltr'>x</span> 
     </span>
     <span class='ocr_line' id='line_1_13' title="bbox 645 1940 2181 2072; baseline -0.013 -11"><span class='ocrx_word' id='word_1_138' title='bbox 645 1987 732 2072; x_wconf 84' lang='lat' dir='ltr'>Dei,</span> <span class='ocrx_word' id='word_1_139' title='bbox 771 2009 853 2057; x_wconf 86' lang='lat' dir='ltr'>eum</span> <span class='ocrx_word' id='word_1_140' title='bbox 882 2006 957 2054; x_wconf 93' lang='lat' dir='ltr'>non</span> <span class='ocrx_word' id='word_1_141' title='bbox 980 1980 1168 2053; x_wconf 91' lang='lat' dir='ltr'>miseretur</span> <span class='ocrx_word' id='word_1_142' title='bbox 1189 1978 1308 2065; x_wconf 84' lang='lat' dir='ltr'>Deus,</span> <span class='ocrx_word' id='word_1_143' title='bbox 1345 1990 1569 2072; x_wconf 78' lang='lat' dir='ltr'>perseverent</span> <span class='ocrx_word' id='word_1_144' title='bbox 1590 1978 1629 2048; x_wconf 93' lang='lat' dir='ltr'>in</span> <span class='ocrx_word' id='word_1_145' title='bbox 2123 1940 2181 2027; x_wconf 67' lang='lat' dir='ltr'>Pu</span> 
     </span>
     <span class='ocr_line' id='line_1_14' title="bbox 645 2077 2584 2185; baseline -0.004 -22"><span class='ocrx_word' id='word_1_146' title='bbox 645 2090 825 2185; x_wconf 73' lang='lat' dir='ltr'>impietate</span> <span class='ocrx_word' id='word_1_147' title='bbox 851 2080 1025 2159; x_wconf 85' lang='lat' dir='ltr'>homines.</span> <span class='ocrx_word' id='word_1_148' title='bbox 1783 2077 1899 2173; x_wconf 87' lang='lat' dir='ltr'>Supra</span> <span class='ocrx_word' id='word_1_149' title='bbox 1914 2080 2030 2175; x_wconf 84' lang='lat' dir='ltr'>coepit</span> <span class='ocrx_word' id='word_1_150' title='bbox 2044 2083 2090 2154; x_wconf 91' lang='lat' dir='ltr'>de</span> <span class='ocrx_word' id='word_1_151' title='bbox 2102 2084 2294 2156; x_wconf 91' lang='lat' dir='ltr'>reiectione</span> <span class='ocrx_word' id='word_1_152' title='bbox 2308 2079 2490 2154; x_wconf 85' lang='lat' dir='ltr'>ludaeorum</span> <span class='ocrx_word' id='word_1_153' title='bbox 2505 2080 2584 2155; x_wconf 80' lang='lat' dir='ltr'>dices.</span> 
     </span>
     <span class='ocr_line' id='line_1_15' title="bbox 1288 2175 2581 2289; baseline 0 -38"><span class='ocrx_word' id='word_1_154' title='bbox 1288 2270 1296 2289; x_wconf 30' lang='lat'><strong>⁹</strong></span> <span class='ocrx_word' id='word_1_155' title='bbox 1683 2180 1723 2251; x_wconf 89' lang='lat' dir='ltr'>in</span> <span class='ocrx_word' id='word_1_156' title='bbox 1750 2175 1821 2251; x_wconf 90' lang='lat' dir='ltr'>hoe</span> <span class='ocrx_word' id='word_1_157' title='bbox 1852 2182 1930 2254; x_wconf 93' lang='lat' dir='ltr'>loco</span> <span class='ocrx_word' id='word_1_158' title='bbox 1960 2198 2144 2257; x_wconf 83' lang='lat' dir='ltr'>consumet</span> <span class='ocrx_word' id='word_1_159' title='bbox 2169 2200 2205 2259; x_wconf 87' lang='lat' dir='ltr'>et</span> <span class='ocrx_word' id='word_1_160' title='bbox 2228 2189 2299 2258; x_wconf 93' lang='lat' dir='ltr'>duo</span> <span class='ocrx_word' id='word_1_161' title='bbox 2316 2184 2476 2279; x_wconf 83' lang='lat' dir='ltr'>sequentis</span> <span class='ocrx_word' id='word_1_162' title='bbox 2499 2182 2581 2273; x_wconf 81' lang='lat' dir='ltr'>sapiu·</span> 
     </span>
     <span class='ocr_line' id='line_1_16' title="bbox 954 2266 2586 2377; baseline -0.001 -23"><span class='ocrx_word' id='word_1_163' title='bbox 954 2266 1116 2337; x_wconf 65' lang='lat' dir='ltr'>sesam</span> <span class='ocrx_word' id='word_1_164' title='bbox 1134 2277 1324 2353; x_wconf 66' lang='lat' dir='ltr'>ureretu-</span> <span class='ocrx_word' id='word_1_165' title='bbox 1684 2278 1776 2355; x_wconf 73' lang='lat' dir='ltr'>asan</span> <span class='ocrx_word' id='word_1_166' title='bbox 1797 2283 1907 2375; x_wconf 62' lang='lat' dir='ltr'>surus</span> <span class='ocrx_word' id='word_1_167' title='bbox 1929 2287 2016 2357; x_wconf 74' lang='lat' dir='ltr'>novt</span> <span class='ocrx_word' id='word_1_168' title='bbox 2035 2283 2096 2357; x_wconf 73' lang='lat' dir='ltr'>aa</span> <span class='ocrx_word' id='word_1_169' title='bbox 2119 2287 2295 2373; x_wconf 73' lang='lat' dir='ltr'>tussiens,</span> <span class='ocrx_word' id='word_1_170' title='bbox 2331 2288 2387 2358; x_wconf 66' lang='lat' dir='ltr'>ssa</span> <span class='ocrx_word' id='word_1_171' title='bbox 2407 2284 2498 2377; x_wconf 68' lang='lat' dir='ltr'>pergis</span> <span class='ocrx_word' id='word_1_172' title='bbox 2512 2284 2586 2353; x_wconf 63' lang='lat' dir='ltr'>aas</span> 
     </span>
     <span class='ocr_line' id='line_1_17' title="bbox 750 2382 2587 2485; baseline -0.008 -18"><span class='ocrx_word' id='word_1_173' title='bbox 750 2393 887 2467; x_wconf 86' lang='lat' dir='ltr'>lterum</span> <span class='ocrx_word' id='word_1_174' title='bbox 917 2391 1043 2463; x_wconf 88' lang='lat' dir='ltr'>inserit</span> <span class='ocrx_word' id='word_1_175' title='bbox 1066 2391 1326 2476; x_wconf 88' lang='lat' dir='ltr'>obiectionem,</span> <span class='ocrx_word' id='word_1_176' title='bbox 1366 2388 1510 2461; x_wconf 85' lang='lat' dir='ltr'>videtur</span> <span class='ocrx_word' id='word_1_177' title='bbox 1535 2386 1632 2459; x_wconf 85' lang='lat' dir='ltr'>enim</span> <span class='ocrx_word' id='word_1_178' title='bbox 1684 2388 1730 2456; x_wconf 92' lang='lat' dir='ltr'>de</span> <span class='ocrx_word' id='word_1_179' title='bbox 1745 2383 1957 2458; x_wconf 86' lang='lat' dir='ltr'>ludaeorum</span> <span class='ocrx_word' id='word_1_180' title='bbox 1978 2390 2193 2477; x_wconf 85' lang='lat' dir='ltr'>deiectione,</span> <span class='ocrx_word' id='word_1_181' title='bbox 2214 2390 2434 2485; x_wconf 82' lang='lat' dir='ltr'>eteliqoanto</span> <span class='ocrx_word' id='word_1_182' title='bbox 2451 2398 2510 2479; x_wconf 86' lang='lat' dir='ltr'>post</span> <span class='ocrx_word' id='word_1_183' title='bbox 2524 2382 2587 2455; x_wconf 77' lang='lat' dir='ltr'>tari</span> 
     </span>
     <span class='ocr_line' id='line_1_18' title="bbox 647 2486 2587 2587; baseline -0.012 -13"><span class='ocrx_word' id='word_1_184' title='bbox 647 2512 801 2573; x_wconf 74' lang='lat' dir='ltr'>extreme</span> <span class='ocrx_word' id='word_1_185' title='bbox 814 2496 1029 2574; x_wconf 88' lang='lat' dir='ltr'>absurdum,</span> <span class='ocrx_word' id='word_1_186' title='bbox 1055 2494 1193 2579; x_wconf 89' lang='lat' dir='ltr'>dicere,</span> <span class='ocrx_word' id='word_1_187' title='bbox 1219 2494 1315 2587; x_wconf 88' lang='lat' dir='ltr'>quod</span> <span class='ocrx_word' id='word_1_188' title='bbox 1335 2516 1408 2563; x_wconf 90' lang='lat' dir='ltr'>non</span> <span class='ocrx_word' id='word_1_189' title='bbox 1425 2490 1472 2563; x_wconf 91' lang='lat' dir='ltr'>sit</span> <span class='ocrx_word' id='word_1_190' title='bbox 1492 2504 1632 2563; x_wconf 89' lang='lat' dir='ltr'>nostra·</span> <span class='ocrx_word' id='word_1_191' title='bbox 1685 2486 1808 2559; x_wconf 89' lang='lat' dir='ltr'>monia</span> <span class='ocrx_word' id='word_1_192' title='bbox 1828 2488 1930 2581; x_wconf 86' lang='lat' dir='ltr'>plura</span> <span class='ocrx_word' id='word_1_193' title='bbox 1955 2492 2131 2563; x_wconf 84' lang='lat' dir='ltr'>recitabit.</span> <span class='ocrx_word' id='word_1_194' title='bbox 2181 2491 2255 2566; x_wconf 84' lang='lat' dir='ltr'>Sed</span> <span class='ocrx_word' id='word_1_195' title='bbox 2277 2516 2349 2563; x_wconf 94' lang='lat' dir='ltr'>non</span> <span class='ocrx_word' id='word_1_196' title='bbox 2372 2502 2468 2583; x_wconf 89' lang='lat' dir='ltr'>potest</span> <span class='ocrx_word' id='word_1_197' title='bbox 2482 2488 2587 2555; x_wconf 78' lang='lat' dir='ltr'>virun-</span> 
     </span>
     <span class='ocr_line' id='line_1_19' title="bbox 646 2582 2587 2687; baseline -0.012 -14"><span class='ocrx_word' id='word_1_198' title='bbox 646 2625 730 2673; x_wconf 89' lang='lat' dir='ltr'>rum</span> <span class='ocrx_word' id='word_1_199' title='bbox 751 2598 884 2669; x_wconf 82' lang='lat' dir='ltr'>virium</span> <span class='ocrx_word' id='word_1_200' title='bbox 905 2594 1118 2669; x_wconf 76' lang='lat' dir='ltr'>iustificatio.</span> <span class='ocrx_word' id='word_1_201' title='bbox 1188 2592 1230 2667; x_wconf 89' lang='lat' dir='ltr'>Si</span> <span class='ocrx_word' id='word_1_202' title='bbox 1252 2617 1318 2665; x_wconf 92' lang='lat' dir='ltr'>nos</span> <span class='ocrx_word' id='word_1_203' title='bbox 1340 2618 1415 2665; x_wconf 83' lang='lat' dir='ltr'>non</span> <span class='ocrx_word' id='word_1_204' title='bbox 1442 2616 1634 2687; x_wconf 86' lang='lat' dir='ltr'>possumus</span> <span class='ocrx_word' id='word_1_205' title='bbox 1685 2602 1762 2661; x_wconf 88' lang='lat' dir='ltr'>ctus</span> <span class='ocrx_word' id='word_1_206' title='bbox 1792 2604 1912 2663; x_wconf 75' lang='lat' dir='ltr'>uotae</span> <span class='ocrx_word' id='word_1_207' title='bbox 1941 2593 2150 2665; x_wconf 75' lang='lat' dir='ltr'>calamitatis</span> <span class='ocrx_word' id='word_1_208' title='bbox 2173 2596 2390 2677; x_wconf 85' lang='lat' dir='ltr'>meminisse,</span> <span class='ocrx_word' id='word_1_209' title='bbox 2416 2614 2462 2661; x_wconf 90' lang='lat' dir='ltr'>sen</span> <span class='ocrx_word' id='word_1_210' title='bbox 2477 2582 2587 2657; x_wconf 78' lang='lat' dir='ltr'>inellei</span> 
     </span>
     <span class='ocr_line' id='line_1_20' title="bbox 648 2682 2584 2788; baseline -0.008 -15"><span class='ocrx_word' id='word_1_211' title='bbox 648 2700 852 2786; x_wconf 83' lang='lat' dir='ltr'>iustificari,</span> <span class='ocrx_word' id='word_1_212' title='bbox 876 2698 945 2769; x_wconf 88' lang='lat' dir='ltr'>uisi</span> <span class='ocrx_word' id='word_1_213' title='bbox 961 2697 1143 2788; x_wconf 78' lang='lat' dir='ltr'>contingat</span> <span class='ocrx_word' id='word_1_214' title='bbox 1157 2696 1412 2770; x_wconf 85' lang='lat' dir='ltr'>misericordia.</span> <span class='ocrx_word' id='word_1_215' title='bbox 1462 2690 1512 2767; x_wconf 78' lang='lat' dir='ltr'>Et</span> <span class='ocrx_word' id='word_1_216' title='bbox 1525 2697 1632 2766; x_wconf 91' lang='lat' dir='ltr'>mise·</span> <span class='ocrx_word' id='word_1_217' title='bbox 1684 2704 1822 2773; x_wconf 85' lang='lat' dir='ltr'>tantae,</span> <span class='ocrx_word' id='word_1_218' title='bbox 1847 2694 1924 2765; x_wconf 88' lang='lat' dir='ltr'>sine</span> <span class='ocrx_word' id='word_1_219' title='bbox 1939 2695 2167 2767; x_wconf 87' lang='lat' dir='ltr'>acerbissimo</span> <span class='ocrx_word' id='word_1_220' title='bbox 2183 2698 2313 2769; x_wconf 90' lang='lat' dir='ltr'>dolore</span> <span class='ocrx_word' id='word_1_221' title='bbox 2326 2694 2436 2776; x_wconf 84' lang='lat' dir='ltr'>animi,</span> <span class='ocrx_word' id='word_1_222' title='bbox 2450 2692 2507 2759; x_wconf 87' lang='lat' dir='ltr'>ideo</span> <span class='ocrx_word' id='word_1_223' title='bbox 2515 2682 2584 2753; x_wconf 68' lang='lat' dir='ltr'>addit</span> 
     </span>
     <span class='ocr_line' id='line_1_21' title="bbox 648 2782 2588 2889; baseline -0.006 -13"><span class='ocrx_word' id='word_1_224' title='bbox 648 2803 839 2875; x_wconf 80' lang='lat' dir='ltr'>secordiam</span> <span class='ocrx_word' id='word_1_225' title='bbox 854 2798 952 2871; x_wconf 88' lang='lat' dir='ltr'>Deus</span> <span class='ocrx_word' id='word_1_226' title='bbox 965 2822 1040 2869; x_wconf 92' lang='lat' dir='ltr'>non</span> <span class='ocrx_word' id='word_1_227' title='bbox 1054 2798 1213 2889; x_wconf 89' lang='lat' dir='ltr'>impertit</span> <span class='ocrx_word' id='word_1_228' title='bbox 1227 2799 1413 2883; x_wconf 87' lang='lat' dir='ltr'>omnibus,</span> <span class='ocrx_word' id='word_1_229' title='bbox 1436 2794 1513 2869; x_wconf 89' lang='lat' dir='ltr'>Cur</span> <span class='ocrx_word' id='word_1_230' title='bbox 1526 2797 1635 2887; x_wconf 74' lang='lat' dir='ltr'>igitur</span> <span class='ocrx_word' id='word_1_231' title='bbox 1686 2794 1857 2877; x_wconf 84' lang='lat' dir='ltr'>affectus,</span> <span class='ocrx_word' id='word_1_232' title='bbox 1893 2819 2033 2869; x_wconf 89' lang='lat' dir='ltr'>causam</span> <span class='ocrx_word' id='word_1_233' title='bbox 2057 2800 2166 2869; x_wconf 91' lang='lat' dir='ltr'>etiam</span> <span class='ocrx_word' id='word_1_234' title='bbox 2183 2800 2320 2869; x_wconf 89' lang='lat' dir='ltr'>erroris</span> <span class='ocrx_word' id='word_1_235' title='bbox 2342 2794 2467 2869; x_wconf 82' lang='lat' dir='ltr'>ostendit</span> <span class='ocrx_word' id='word_1_236' title='bbox 2480 2782 2588 2865; x_wconf 64' lang='lat' dir='ltr'>luderis</span> 
     </span>
     <span class='ocr_line' id='line_1_22' title="bbox 648 2884 2554 2995; baseline -0.007 -16"><span class='ocrx_word' id='word_1_237' title='bbox 648 2916 804 2979; x_wconf 80' lang='lat' dir='ltr'>acmssat</span> <span class='ocrx_word' id='word_1_238' title='bbox 826 2924 893 2973; x_wconf 91' lang='lat' dir='ltr'>nos</span> <span class='ocrx_word' id='word_1_239' title='bbox 908 2900 1029 2974; x_wconf 83' lang='lat' dir='ltr'>Deus?</span> <span class='ocrx_word' id='word_1_240' title='bbox 1067 2897 1266 2971; x_wconf 88' lang='lat' dir='ltr'>lnclcmens</span> <span class='ocrx_word' id='word_1_241' title='bbox 1286 2913 1355 2987; x_wconf 88' lang='lat' dir='ltr'>est,</span> <span class='ocrx_word' id='word_1_242' title='bbox 1381 2900 1444 2995; x_wconf 86' lang='lat' dir='ltr'>qui</span> <span class='ocrx_word' id='word_1_243' title='bbox 1469 2899 1634 2992; x_wconf 88' lang='lat' dir='ltr'>impossi·</span> <span class='ocrx_word' id='word_1_244' title='bbox 1684 2908 1726 2967; x_wconf 94' lang='lat' dir='ltr'>ut</span> <span class='ocrx_word' id='word_1_245' title='bbox 1739 2891 1806 2969; x_wconf 91' lang='lat' dir='ltr'>hac</span> <span class='ocrx_word' id='word_1_246' title='bbox 1821 2898 1978 2983; x_wconf 85' lang='lat' dir='ltr'>sublata,</span> <span class='ocrx_word' id='word_1_247' title='bbox 2002 2900 2141 2993; x_wconf 90' lang='lat' dir='ltr'>aliquos</span> <span class='ocrx_word' id='word_1_248' title='bbox 2157 2902 2202 2971; x_wconf 89' lang='lat' dir='ltr'>ad</span> <span class='ocrx_word' id='word_1_249' title='bbox 2218 2896 2399 2973; x_wconf 85' lang='lat' dir='ltr'>Christum</span> <span class='ocrx_word' id='word_1_250' title='bbox 2412 2884 2554 2989; x_wconf 78' lang='lat' dir='ltr'>pertrahat.</span> 
     </span>
     <span class='ocr_line' id='line_1_23' title="bbox 648 2986 2592 3099; baseline -0.004 -19"><span class='ocrx_word' id='word_1_251' title='bbox 648 3008 736 3081; x_wconf 88' lang='lat' dir='ltr'>bilia</span> <span class='ocrx_word' id='word_1_252' title='bbox 753 3004 872 3096; x_wconf 67' lang='lat' dir='ltr'>eripit,</span> <span class='ocrx_word' id='word_1_253' title='bbox 886 3005 948 3099; x_wconf 85' lang='lat' dir='ltr'>qui</span> <span class='ocrx_word' id='word_1_254' title='bbox 963 3002 1068 3095; x_wconf 86' lang='lat' dir='ltr'>punit</span> <span class='ocrx_word' id='word_1_255' title='bbox 1081 2998 1245 3075; x_wconf 90' lang='lat' dir='ltr'>homines</span> <span class='ocrx_word' id='word_1_256' title='bbox 1261 3026 1339 3075; x_wconf 86' lang='lat' dir='ltr'>cum</span> <span class='ocrx_word' id='word_1_257' title='bbox 1354 3003 1518 3074; x_wconf 80' lang='lat' dir='ltr'>videatur</span> <span class='ocrx_word' id='word_1_258' title='bbox 1529 3001 1633 3095; x_wconf 92' lang='lat' dir='ltr'>culpa</span> <span class='ocrx_word' id='word_1_259' title='bbox 1788 2997 1897 3071; x_wconf 91' lang='lat' dir='ltr'>lnitio</span> <span class='ocrx_word' id='word_1_260' title='bbox 1919 2991 2017 3095; x_wconf 78' lang='grc' dir='ltr'>ἦθος</span> <span class='ocrx_word' id='word_1_261' title='bbox 2040 3015 2112 3087; x_wconf 89' lang='lat' dir='ltr'>est,</span> <span class='ocrx_word' id='word_1_262' title='bbox 2142 3026 2203 3074; x_wconf 90' lang='lat' dir='ltr'>seu</span> <span class='ocrx_word' id='word_1_263' title='bbox 2226 3004 2396 3088; x_wconf 82' lang='lat' dir='ltr'>affectus,</span> <span class='ocrx_word' id='word_1_264' title='bbox 2427 2991 2487 3087; x_wconf 68' lang='lat' dir='ltr'>tp</span> <span class='ocrx_word' id='word_1_265' title='bbox 2503 2986 2592 3081; x_wconf 54' lang='lat'>⁰9¹5&amp;</span> 
     </span>
     <span class='ocr_line' id='line_1_24' title="bbox 648 3100 2258 3199; baseline -0.003 -16"><span class='ocrx_word' id='word_1_266' title='bbox 648 3110 769 3183; x_wconf 86' lang='lat' dir='ltr'>abesse</span> <span class='ocrx_word' id='word_1_267' title='bbox 776 3156 790 3193; x_wconf 91' lang='lat'>,</span> <span class='ocrx_word' id='word_1_268' title='bbox 815 3104 987 3199; x_wconf 82' lang='lat' dir='ltr'>quianon</span> <span class='ocrx_word' id='word_1_269' title='bbox 1003 3118 1151 3198; x_wconf 79' lang='lat' dir='ltr'>possunt</span> <span class='ocrx_word' id='word_1_270' title='bbox 1165 3106 1383 3177; x_wconf 76' lang='lat' dir='ltr'>benefacere.</span> <span class='ocrx_word' id='word_1_271' title='bbox 1687 3100 1771 3172; x_wconf 83' lang='lat' dir='ltr'>volo</span> <span class='ocrx_word' id='word_1_272' title='bbox 1789 3100 1949 3185; x_wconf 83' lang='lat' dir='ltr'>ludaeis,</span> <span class='ocrx_word' id='word_1_273' title='bbox 1974 3116 2011 3175; x_wconf 91' lang='lat' dir='ltr'>et</span> <span class='ocrx_word' id='word_1_274' title='bbox 2025 3127 2092 3197; x_wconf 91' lang='lat' dir='ltr'>pro</span> <span class='ocrx_word' id='word_1_275' title='bbox 2108 3103 2159 3175; x_wconf 90' lang='lat' dir='ltr'>eis</span> <span class='ocrx_word' id='word_1_276' title='bbox 2174 3129 2258 3179; x_wconf 87' lang='lat' dir='ltr'>oro.</span> 
     </span>
    </p>

    <p class='ocr_par' dir='ltr' id='par_1_3' title="bbox 646 3196 2594 4424">
     <span class='ocr_line' id='line_1_25' title="bbox 749 3196 2592 3301; baseline -0.009 -21"><span class='ocrx_word' id='word_1_277' title='bbox 749 3204 852 3280; x_wconf 71' lang='lat' dir='ltr'>Nihil</span> <span class='ocrx_word' id='word_1_278' title='bbox 878 3207 1071 3299; x_wconf 80' lang='lat' dir='ltr'>respondet</span> <span class='ocrx_word' id='word_1_279' title='bbox 1092 3209 1138 3276; x_wconf 89' lang='lat' dir='ltr'>ad</span> <span class='ocrx_word' id='word_1_280' title='bbox 1160 3200 1253 3277; x_wconf 90' lang='lat' dir='ltr'>hauc</span> <span class='ocrx_word' id='word_1_281' title='bbox 1280 3207 1538 3296; x_wconf 87' lang='lat' dir='ltr'>obiectionem‚</span> <span class='ocrx_word' id='word_1_282' title='bbox 1571 3207 1633 3278; x_wconf 85' lang='lat' dir='ltr'>aed</span> <span class='ocrx_word' id='word_1_283' title='bbox 1787 3202 1939 3277; x_wconf 87' lang='lat' dir='ltr'>Causam</span> <span class='ocrx_word' id='word_1_284' title='bbox 1965 3206 2096 3277; x_wconf 88' lang='lat' dir='ltr'>erroris</span> <span class='ocrx_word' id='word_1_285' title='bbox 2117 3207 2231 3291; x_wconf 90' lang='lat' dir='ltr'>tollit,</span> <span class='ocrx_word' id='word_1_286' title='bbox 2269 3218 2392 3301; x_wconf 88' lang='lat' dir='ltr'>putant</span> <span class='ocrx_word' id='word_1_287' title='bbox 2411 3196 2545 3273; x_wconf 84' lang='lat' dir='ltr'>iusticiam</span> <span class='ocrx_word' id='word_1_288' title='bbox 2560 3212 2592 3257; x_wconf 75' lang='lat' dir='ltr'>tt</span> 
     </span>
     <span class='ocr_line' id='line_1_26' title="bbox 646 3292 2592 3407; baseline -0.011 -21"><span class='ocrx_word' id='word_1_289' title='bbox 646 3310 812 3407; x_wconf 89' lang='lat' dir='ltr'>repudiat</span> <span class='ocrx_word' id='word_1_290' title='bbox 831 3332 909 3380; x_wconf 90' lang='lat' dir='ltr'>eam</span> <span class='ocrx_word' id='word_1_291' title='bbox 926 3308 1037 3397; x_wconf 66' lang='lat' dir='ltr'>veluti</span> <span class='ocrx_word' id='word_1_292' title='bbox 1055 3308 1260 3397; x_wconf 82' lang='lat' dir='ltr'>indignam,</span> <span class='ocrx_word' id='word_1_293' title='bbox 1287 3304 1378 3380; x_wconf 89' lang='lat' dir='ltr'>hanc</span> <span class='ocrx_word' id='word_1_294' title='bbox 1396 3310 1546 3398; x_wconf 83' lang='lat' dir='ltr'>liguram</span> <span class='ocrx_word' id='word_1_295' title='bbox 1569 3333 1635 3380; x_wconf 83' lang='lat' dir='ltr'>vo·</span> <span class='ocrx_word' id='word_1_296' title='bbox 1686 3329 1763 3377; x_wconf 86' lang='lat' dir='ltr'>ram</span> <span class='ocrx_word' id='word_1_297' title='bbox 1776 3304 1854 3379; x_wconf 85' lang='lat' dir='ltr'>Deo</span> <span class='ocrx_word' id='word_1_298' title='bbox 1870 3328 1943 3377; x_wconf 90' lang='lat' dir='ltr'>esse</span> <span class='ocrx_word' id='word_1_299' title='bbox 1958 3330 2065 3399; x_wconf 89' lang='lat' dir='ltr'>opera</span> <span class='ocrx_word' id='word_1_300' title='bbox 2079 3331 2156 3384; x_wconf 87' lang='lat' dir='ltr'>sua.</span> <span class='ocrx_word' id='word_1_301' title='bbox 2200 3307 2329 3405; x_wconf 85' lang='lat' dir='ltr'>Neque</span> <span class='ocrx_word' id='word_1_302' title='bbox 2344 3330 2422 3379; x_wconf 89' lang='lat' dir='ltr'>sane</span> <span class='ocrx_word' id='word_1_303' title='bbox 2433 3311 2523 3396; x_wconf 91' lang='lat' dir='ltr'>potest</span> <span class='ocrx_word' id='word_1_304' title='bbox 2532 3292 2592 3363; x_wconf 73' lang='lat' dir='ltr'>aliter</span> 
     </span>
     <span class='ocr_line' id='line_1_27' title="bbox 646 3405 2592 3507; baseline -0.01 -21"><span class='ocrx_word' id='word_1_305' title='bbox 646 3426 730 3486; x_wconf 90' lang='lat' dir='ltr'>cant</span> <span class='ocrx_word' id='word_1_306' title='bbox 754 3406 985 3503; x_wconf 63' lang='lat' dir='ltr'>duodicem,</span> <span class='ocrx_word' id='word_1_307' title='bbox 1024 3432 1107 3482; x_wconf 90' lang='lat' dir='ltr'>cum</span> <span class='ocrx_word' id='word_1_308' title='bbox 1137 3424 1345 3500; x_wconf 74' lang='lat' dir='ltr'>argumento</span> <span class='ocrx_word' id='word_1_309' title='bbox 1366 3410 1504 3482; x_wconf 88' lang='lat' dir='ltr'>dillicili</span> <span class='ocrx_word' id='word_1_310' title='bbox 1527 3411 1634 3483; x_wconf 90' lang='lat' dir='ltr'>nolu·</span> <span class='ocrx_word' id='word_1_311' title='bbox 1687 3405 1841 3482; x_wconf 86' lang='lat' dir='ltr'>humana</span> <span class='ocrx_word' id='word_1_312' title='bbox 1863 3407 1956 3481; x_wconf 87' lang='lat' dir='ltr'>ratio</span> <span class='ocrx_word' id='word_1_313' title='bbox 1981 3409 2160 3495; x_wconf 86' lang='lat' dir='ltr'>indicere,</span> <span class='ocrx_word' id='word_1_314' title='bbox 2185 3434 2296 3506; x_wconf 88' lang='lat' dir='ltr'>quam</span> <span class='ocrx_word' id='word_1_315' title='bbox 2315 3411 2405 3507; x_wconf 87' lang='lat' dir='ltr'>quod</span> <span class='ocrx_word' id='word_1_316' title='bbox 2425 3408 2592 3494; x_wconf 77' lang='lat' dir='ltr'>operanostn</span> 
     </span>
     <span class='ocr_line' id='line_1_28' title="bbox 646 3495 2594 3608; baseline -0.007 -20"><span class='ocrx_word' id='word_1_317' title='bbox 646 3539 728 3588; x_wconf 85' lang='lat' dir='ltr'>mus</span> <span class='ocrx_word' id='word_1_318' title='bbox 740 3515 974 3608; x_wconf 88' lang='lat' dir='ltr'>respondere,</span> <span class='ocrx_word' id='word_1_319' title='bbox 999 3525 1052 3598; x_wconf 90' lang='lat' dir='ltr'>et,</span> <span class='ocrx_word' id='word_1_320' title='bbox 1077 3525 1118 3584; x_wconf 90' lang='lat' dir='ltr'>ut</span> <span class='ocrx_word' id='word_1_321' title='bbox 1140 3513 1325 3584; x_wconf 79' lang='lat' dir='ltr'>videamur</span> <span class='ocrx_word' id='word_1_322' title='bbox 1348 3515 1510 3586; x_wconf 86' lang='lat' dir='ltr'>consulta</span> <span class='ocrx_word' id='word_1_323' title='bbox 1531 3536 1634 3607; x_wconf 88' lang='lat' dir='ltr'>prae·</span> <span class='ocrx_word' id='word_1_324' title='bbox 1686 3511 1888 3607; x_wconf 85' lang='lat' dir='ltr'>etquidem</span> <span class='ocrx_word' id='word_1_325' title='bbox 1912 3535 1933 3582; x_wconf 87' lang='lat' dir='ltr'>a</span> <span class='ocrx_word' id='word_1_326' title='bbox 1956 3507 2033 3584; x_wconf 85' lang='lat' dir='ltr'>Deo</span> <span class='ocrx_word' id='word_1_327' title='bbox 2054 3516 2243 3602; x_wconf 84' lang='lat' dir='ltr'>mandata,</span> <span class='ocrx_word' id='word_1_328' title='bbox 2284 3517 2428 3586; x_wconf 88' lang='lat' dir='ltr'>reddant</span> <span class='ocrx_word' id='word_1_329' title='bbox 2444 3505 2534 3578; x_wconf 83' lang='lat' dir='ltr'>Deam</span> <span class='ocrx_word' id='word_1_330' title='bbox 2552 3495 2594 3588; x_wconf 62' lang='lat' dir='ltr'>tlt*</span> 
     </span>
     <span class='ocr_line' id='line_1_29' title="bbox 647 3614 2585 3714; baseline -0.003 -24"><span class='ocrx_word' id='word_1_331' title='bbox 647 3617 776 3708; x_wconf 89' lang='lat' dir='ltr'>terire,</span> <span class='ocrx_word' id='word_1_332' title='bbox 808 3615 1009 3688; x_wconf 88' lang='lat' dir='ltr'>reiiciamns</span> <span class='ocrx_word' id='word_1_333' title='bbox 1032 3627 1201 3708; x_wconf 85' lang='lat' dir='ltr'>tanquam</span> <span class='ocrx_word' id='word_1_334' title='bbox 1231 3614 1542 3706; x_wconf 79' lang='lat' dir='ltr'>intempestivum,</span> <span class='ocrx_word' id='word_1_335' title='bbox 1573 3629 1636 3687; x_wconf 91' lang='lat' dir='ltr'>ant</span> <span class='ocrx_word' id='word_1_336' title='bbox 1686 3627 1816 3688; x_wconf 86' lang='lat' dir='ltr'>catum.</span> <span class='ocrx_word' id='word_1_337' title='bbox 1881 3683 1892 3714; x_wconf 61' lang='lat'><strong><em>‚</em></strong></span> <span class='ocrx_word' id='word_1_338' title='bbox 2561 3695 2585 3714; x_wconf 91' lang='lat'>..</span> 
     </span>
     <span class='ocr_line' id='line_1_30' title="bbox 646 3707 2594 3810; baseline -0.011 -18"><span class='ocrx_word' id='word_1_339' title='bbox 646 3720 849 3810; x_wconf 74' lang='lat' dir='ltr'>indignum.</span> <span class='ocrx_word' id='word_1_340' title='bbox 916 3714 968 3790; x_wconf 88' lang='lat' dir='ltr'>lta</span> <span class='ocrx_word' id='word_1_341' title='bbox 996 3714 1055 3786; x_wconf 91' lang='lat' dir='ltr'>hic</span> <span class='ocrx_word' id='word_1_342' title='bbox 1084 3714 1219 3788; x_wconf 86' lang='lat' dir='ltr'>Paulus</span> <span class='ocrx_word' id='word_1_343' title='bbox 1246 3717 1419 3808; x_wconf 74' lang='lat' dir='ltr'>significat</span> <span class='ocrx_word' id='word_1_344' title='bbox 1448 3717 1634 3810; x_wconf 77' lang='lat' dir='ltr'>indignam</span> <span class='ocrx_word' id='word_1_345' title='bbox 1786 3711 1920 3787; x_wconf 89' lang='lat' dir='ltr'>Obiter</span> <span class='ocrx_word' id='word_1_346' title='bbox 1950 3710 2019 3789; x_wconf 91' lang='lat' dir='ltr'>hoc</span> <span class='ocrx_word' id='word_1_347' title='bbox 2049 3718 2128 3810; x_wconf 89' lang='lat' dir='ltr'>loco</span> <span class='ocrx_word' id='word_1_348' title='bbox 2159 3715 2332 3792; x_wconf 72' lang='lat' dir='ltr'>inseritrir</span> <span class='ocrx_word' id='word_1_349' title='bbox 2359 3711 2487 3790; x_wconf 87' lang='lat' dir='ltr'>collatio</span> <span class='ocrx_word' id='word_1_350' title='bbox 2511 3707 2594 3775; x_wconf 81' lang='lat' dir='ltr'>insunt</span> 
     </span>
     <span class='ocr_line' id='line_1_31' title="bbox 647 3807 2594 3912; baseline -0.01 -18"><span class='ocrx_word' id='word_1_351' title='bbox 647 3843 722 3894; x_wconf 92' lang='lat' dir='ltr'>esse</span> <span class='ocrx_word' id='word_1_352' title='bbox 737 3819 995 3903; x_wconf 84' lang='lat' dir='ltr'>obiectionem,</span> <span class='ocrx_word' id='word_1_353' title='bbox 1020 3817 1071 3890; x_wconf 90' lang='lat' dir='ltr'>ait</span> <span class='ocrx_word' id='word_1_354' title='bbox 1089 3840 1155 3889; x_wconf 91' lang='lat' dir='ltr'>nos</span> <span class='ocrx_word' id='word_1_355' title='bbox 1179 3841 1254 3888; x_wconf 93' lang='lat' dir='ltr'>non</span> <span class='ocrx_word' id='word_1_356' title='bbox 1269 3820 1397 3891; x_wconf 90' lang='lat' dir='ltr'>debere</span> <span class='ocrx_word' id='word_1_357' title='bbox 1413 3821 1635 3911; x_wconf 85' lang='lat' dir='ltr'>expostulare</span> <span class='ocrx_word' id='word_1_358' title='bbox 1685 3817 1774 3909; x_wconf 80' lang='lat' dir='ltr'>legis</span> <span class='ocrx_word' id='word_1_359' title='bbox 1798 3829 1833 3888; x_wconf 91' lang='lat' dir='ltr'>et</span> <span class='ocrx_word' id='word_1_360' title='bbox 1855 3817 2015 3889; x_wconf 82' lang='lat' dir='ltr'>iusticias</span> <span class='ocrx_word' id='word_1_361' title='bbox 2039 3820 2137 3891; x_wconf 90' lang='lat' dir='ltr'>lidei.</span> <span class='ocrx_word' id='word_1_362' title='bbox 2186 3819 2234 3894; x_wconf 86' lang='lat' dir='ltr'>Et</span> <span class='ocrx_word' id='word_1_363' title='bbox 2260 3833 2375 3894; x_wconf 85' lang='lat' dir='ltr'>sumta</span> <span class='ocrx_word' id='word_1_364' title='bbox 2395 3830 2443 3888; x_wconf 87' lang='lat' dir='ltr'>est</span> <span class='ocrx_word' id='word_1_365' title='bbox 2458 3807 2594 3912; x_wconf 63' lang='lat' dir='ltr'>collatiotj</span> 
     </span>
     <span class='ocr_line' id='line_1_32' title="bbox 647 3915 2594 4016; baseline -0.008 -20"><span class='ocrx_word' id='word_1_366' title='bbox 647 3947 730 3996; x_wconf 85' lang='lat' dir='ltr'>cum</span> <span class='ocrx_word' id='word_1_367' title='bbox 745 3925 847 4007; x_wconf 86' lang='lat' dir='ltr'>Deo,</span> <span class='ocrx_word' id='word_1_368' title='bbox 868 3921 952 4016; x_wconf 83' lang='lat' dir='ltr'>quia</span> <span class='ocrx_word' id='word_1_369' title='bbox 968 3917 1045 3992; x_wconf 90' lang='lat' dir='ltr'>Deo</span> <span class='ocrx_word' id='word_1_370' title='bbox 1059 3919 1165 3993; x_wconf 87' lang='lat' dir='ltr'>liceat</span> <span class='ocrx_word' id='word_1_371' title='bbox 1178 3921 1232 3991; x_wconf 91' lang='lat' dir='ltr'>uti</span> <span class='ocrx_word' id='word_1_372' title='bbox 1256 3923 1427 3993; x_wconf 89' lang='lat' dir='ltr'>creaturis</span> <span class='ocrx_word' id='word_1_373' title='bbox 1450 3946 1516 4014; x_wconf 92' lang='lat' dir='ltr'>pro</span> <span class='ocrx_word' id='word_1_374' title='bbox 1537 3923 1636 3994; x_wconf 87' lang='lat' dir='ltr'>arbi·</span> <span class='ocrx_word' id='word_1_375' title='bbox 1687 3920 1967 3994; x_wconf 83' lang='lat' dir='ltr'>delinitionibus.</span> <span class='ocrx_word' id='word_1_376' title='bbox 2039 3919 2241 3994; x_wconf 80' lang='lat' dir='ltr'>Nemeum</span> <span class='ocrx_word' id='word_1_377' title='bbox 2274 3922 2414 3994; x_wconf 80' lang='lat' dir='ltr'>dixisset</span> <span class='ocrx_word' id='word_1_378' title='bbox 2433 3915 2548 3986; x_wconf 84' lang='lat' dir='ltr'>ludaeos</span> <span class='ocrx_word' id='word_1_379' title='bbox 2564 3923 2594 3968; x_wconf 79' lang='lat'>¹¹¹·</span> 
     </span>
     <span class='ocr_line' id='line_1_33' title="bbox 648 3999 2594 4118; baseline -0.008 -21"><span class='ocrx_word' id='word_1_380' title='bbox 648 4025 733 4101; x_wconf 89' lang='lat' dir='ltr'>trio.</span> <span class='ocrx_word' id='word_1_381' title='bbox 781 4019 897 4097; x_wconf 73' lang='lat' dir='ltr'>aeda</span> <span class='ocrx_word' id='word_1_382' title='bbox 919 4024 1062 4094; x_wconf 90' lang='lat' dir='ltr'>deluto</span> <span class='ocrx_word' id='word_1_383' title='bbox 1085 4034 1121 4092; x_wconf 91' lang='lat' dir='ltr'>et</span> <span class='ocrx_word' id='word_1_384' title='bbox 1142 4021 1251 4112; x_wconf 68' lang='lat' dir='ltr'>figulo</span> <span class='ocrx_word' id='word_1_385' title='bbox 1275 4022 1570 4109; x_wconf 90' lang='lat' dir='ltr'>similitudinem,</span> <span class='ocrx_word' id='word_1_386' title='bbox 1594 4038 1635 4097; x_wconf 92' lang='lat' dir='ltr'>ut</span> <span class='ocrx_word' id='word_1_387' title='bbox 1687 4022 1799 4094; x_wconf 87' lang='lat' dir='ltr'>mium</span> <span class='ocrx_word' id='word_1_388' title='bbox 1816 4021 1971 4094; x_wconf 88' lang='lat' dir='ltr'>tribuere</span> <span class='ocrx_word' id='word_1_389' title='bbox 1986 4021 2145 4096; x_wconf 83' lang='lat' dir='ltr'>iusticias</span> <span class='ocrx_word' id='word_1_390' title='bbox 2158 4025 2267 4118; x_wconf 76' lang='lat' dir='ltr'>legis,</span> <span class='ocrx_word' id='word_1_391' title='bbox 2292 4024 2421 4116; x_wconf 82' lang='lat' dir='ltr'>proluit</span> <span class='ocrx_word' id='word_1_392' title='bbox 2436 4017 2541 4090; x_wconf 88' lang='lat' dir='ltr'>addere</span> <span class='ocrx_word' id='word_1_393' title='bbox 2549 3999 2594 4074; x_wconf 63' lang='lat' dir='ltr'>dd</span> 
     </span>
     <span class='ocr_line' id='line_1_34' title="bbox 648 4123 2590 4221; baseline -0.003 -23"><span class='ocrx_word' id='word_1_394' title='bbox 648 4127 710 4201; x_wconf 76' lang='lat' dir='ltr'>lat</span> <span class='ocrx_word' id='word_1_395' title='bbox 732 4125 865 4198; x_wconf 86' lang='lat' dir='ltr'>clarior</span> <span class='ocrx_word' id='word_1_396' title='bbox 884 4125 976 4196; x_wconf 84' lang='lat' dir='ltr'>ratio</span> <span class='ocrx_word' id='word_1_397' title='bbox 998 4123 1203 4216; x_wconf 85' lang='lat' dir='ltr'>repudiatae</span> <span class='ocrx_word' id='word_1_398' title='bbox 1216 4125 1445 4208; x_wconf 90' lang='lat' dir='ltr'>obiectionis,</span> <span class='ocrx_word' id='word_1_399' title='bbox 1471 4126 1638 4198; x_wconf 82' lang='lat' dir='ltr'>videlicet</span> <span class='ocrx_word' id='word_1_400' title='bbox 1689 4124 1844 4196; x_wconf 88' lang='lat' dir='ltr'>nitiones</span> <span class='ocrx_word' id='word_1_401' title='bbox 1856 4123 2016 4197; x_wconf 81' lang='lat' dir='ltr'>iusticias</span> <span class='ocrx_word' id='word_1_402' title='bbox 2030 4125 2116 4215; x_wconf 71' lang='lat' dir='ltr'>lepis</span> <span class='ocrx_word' id='word_1_403' title='bbox 2133 4142 2168 4198; x_wconf 89' lang='lat' dir='ltr'>et</span> <span class='ocrx_word' id='word_1_404' title='bbox 2183 4127 2346 4200; x_wconf 83' lang='lat' dir='ltr'>iustitiae</span> <span class='ocrx_word' id='word_1_405' title='bbox 2360 4123 2450 4197; x_wconf 87' lang='lat' dir='ltr'>lidei.</span> <span class='ocrx_word' id='word_1_406' title='bbox 2565 4201 2590 4221; x_wconf 28' lang='grc' dir='ltr'>α,</span> 
     </span>
     <span class='ocr_line' id='line_1_35' title="bbox 649 4211 2591 4324; baseline -0.006 -24"><span class='ocrx_word' id='word_1_407' title='bbox 649 4230 747 4324; x_wconf 83' lang='lat' dir='ltr'>quod</span> <span class='ocrx_word' id='word_1_408' title='bbox 761 4221 856 4298; x_wconf 79' lang='lat' dir='ltr'>nihil</span> <span class='ocrx_word' id='word_1_409' title='bbox 870 4227 995 4298; x_wconf 87' lang='lat' dir='ltr'>debeat</span> <span class='ocrx_word' id='word_1_410' title='bbox 1016 4225 1120 4296; x_wconf 92' lang='lat' dir='ltr'>nobia</span> <span class='ocrx_word' id='word_1_411' title='bbox 1134 4223 1251 4312; x_wconf 90' lang='lat' dir='ltr'>Deus,</span> <span class='ocrx_word' id='word_1_412' title='bbox 1270 4249 1381 4320; x_wconf 86' lang='lat' dir='ltr'>qnare</span> <span class='ocrx_word' id='word_1_413' title='bbox 1403 4251 1480 4298; x_wconf 89' lang='lat' dir='ltr'>non</span> <span class='ocrx_word' id='word_1_414' title='bbox 1504 4229 1636 4299; x_wconf 88' lang='lat' dir='ltr'>debea-</span> <span class='ocrx_word' id='word_1_415' title='bbox 1790 4224 1971 4298; x_wconf 87' lang='lat' dir='ltr'>lusticissn</span> <span class='ocrx_word' id='word_1_416' title='bbox 2008 4228 2095 4318; x_wconf 68' lang='lat' dir='ltr'>legis</span> <span class='ocrx_word' id='word_1_417' title='bbox 2124 4229 2248 4304; x_wconf 84' lang='lat' dir='ltr'>delinit</span> <span class='ocrx_word' id='word_1_418' title='bbox 2282 4253 2324 4302; x_wconf 82' lang='lat' dir='ltr'>er</span> <span class='ocrx_word' id='word_1_419' title='bbox 2355 4225 2464 4298; x_wconf 82' lang='lat' dir='ltr'>verbis</span> <span class='ocrx_word' id='word_1_420' title='bbox 2490 4211 2591 4289; x_wconf 63' lang='lat' dir='ltr'>Larino</span> 
     </span>
     <span class='ocr_line' id='line_1_36' title="bbox 648 4303 2593 4424; baseline -0.007 -20"><span class='ocrx_word' id='word_1_421' title='bbox 648 4353 730 4424; x_wconf 75' lang='lat' dir='ltr'>spus</span> <span class='ocrx_word' id='word_1_422' title='bbox 745 4353 827 4404; x_wconf 91' lang='lat' dir='ltr'>eum</span> <span class='ocrx_word' id='word_1_423' title='bbox 843 4350 1025 4409; x_wconf 82' lang='lat' dir='ltr'>accusare,</span> <span class='ocrx_word' id='word_1_424' title='bbox 1050 4338 1085 4397; x_wconf 91' lang='lat' dir='ltr'>et</span> <span class='ocrx_word' id='word_1_425' title='bbox 1097 4339 1267 4420; x_wconf 89' lang='lat' dir='ltr'>tanquam</span> <span class='ocrx_word' id='word_1_426' title='bbox 1286 4329 1324 4399; x_wconf 92' lang='lat' dir='ltr'>in</span> <span class='ocrx_word' id='word_1_427' title='bbox 1339 4326 1396 4400; x_wconf 88' lang='lat' dir='ltr'>ius</span> <span class='ocrx_word' id='word_1_428' title='bbox 1411 4352 1548 4400; x_wconf 84' lang='lat' dir='ltr'>vocare.</span> <span class='ocrx_word' id='word_1_429' title='bbox 1689 4326 1764 4420; x_wconf 86' lang='lat' dir='ltr'>Qui</span> <span class='ocrx_word' id='word_1_430' title='bbox 1780 4329 1904 4400; x_wconf 87' lang='lat' dir='ltr'>lecerit</span> <span class='ocrx_word' id='word_1_431' title='bbox 1919 4351 1980 4416; x_wconf 87' lang='lat' dir='ltr'>ea,</span> <span class='ocrx_word' id='word_1_432' title='bbox 2006 4329 2104 4401; x_wconf 82' lang='lat' dir='ltr'>vivet</span> <span class='ocrx_word' id='word_1_433' title='bbox 2125 4331 2164 4401; x_wconf 90' lang='lat' dir='ltr'>in</span> <span class='ocrx_word' id='word_1_434' title='bbox 2182 4333 2245 4404; x_wconf 87' lang='lat' dir='ltr'>eia.</span> <span class='ocrx_word' id='word_1_435' title='bbox 2297 4329 2467 4402; x_wconf 86' lang='lat' dir='ltr'>losticiam</span> <span class='ocrx_word' id='word_1_436' title='bbox 2478 4303 2593 4390; x_wconf 63' lang='lat' dir='ltr'>fideiiel</span> 
     </span>
    </p>

    <p class='ocr_par' dir='ltr' id='par_1_4' title="bbox 647 4415 2594 4931">
     <span class='ocr_line' id='line_1_37' title="bbox 751 4415 2594 4526; baseline -0.012 -20"><span class='ocrx_word' id='word_1_437' title='bbox 751 4426 818 4506; x_wconf 75' lang='lat' dir='ltr'>Eu</span> <span class='ocrx_word' id='word_1_438' title='bbox 843 4429 883 4500; x_wconf 89' lang='lat' dir='ltr'>in</span> <span class='ocrx_word' id='word_1_439' title='bbox 904 4425 974 4502; x_wconf 91' lang='lat' dir='ltr'>hoc</span> <span class='ocrx_word' id='word_1_440' title='bbox 994 4429 1073 4500; x_wconf 92' lang='lat' dir='ltr'>loco</span> <span class='ocrx_word' id='word_1_441' title='bbox 1095 4421 1425 4520; x_wconf 73' lang='grc' dir='ltr'>ἁναντοπόδοτον,</span> <span class='ocrx_word' id='word_1_442' title='bbox 1453 4432 1538 4526; x_wconf 88' lang='lat' dir='ltr'>quia</span> <span class='ocrx_word' id='word_1_443' title='bbox 1559 4455 1634 4502; x_wconf 91' lang='lat' dir='ltr'>non</span> <span class='ocrx_word' id='word_1_444' title='bbox 1688 4432 1744 4504; x_wconf 89' lang='lat' dir='ltr'>nit</span> <span class='ocrx_word' id='word_1_445' title='bbox 1774 4453 1817 4502; x_wconf 86' lang='lat' dir='ltr'>ex</span> <span class='ocrx_word' id='word_1_446' title='bbox 1848 4431 1968 4504; x_wconf 83' lang='lat' dir='ltr'>verbis</span> <span class='ocrx_word' id='word_1_447' title='bbox 1991 4431 2293 4504; x_wconf 86' lang='lat' dir='ltr'>Deuteronomii:</span> <span class='ocrx_word' id='word_1_448' title='bbox 2336 4429 2469 4502; x_wconf 88' lang='lat' dir='ltr'>losticis</span> <span class='ocrx_word' id='word_1_449' title='bbox 2491 4415 2594 4490; x_wconf 67' lang='lat' dir='ltr'>fissia</span> 
     </span>
     <span class='ocr_line' id='line_1_38' title="bbox 647 4521 2594 4622; baseline -0.005 -16"><span class='ocrx_word' id='word_1_450' title='bbox 647 4535 792 4608; x_wconf 81' lang='lat' dir='ltr'>ridetur</span> <span class='ocrx_word' id='word_1_451' title='bbox 821 4531 983 4606; x_wconf 87' lang='lat' dir='ltr'>absoluta</span> <span class='ocrx_word' id='word_1_452' title='bbox 1013 4533 1240 4602; x_wconf 84' lang='lat' dir='ltr'>constructio.</span> <span class='ocrx_word' id='word_1_453' title='bbox 1313 4529 1353 4604; x_wconf 89' lang='lat' dir='ltr'>Si</span> <span class='ocrx_word' id='word_1_454' title='bbox 1384 4531 1482 4604; x_wconf 88' lang='lat' dir='ltr'>Deus</span> <span class='ocrx_word' id='word_1_455' title='bbox 1512 4533 1636 4606; x_wconf 83' lang='lat' dir='ltr'>volens</span> <span class='ocrx_word' id='word_1_456' title='bbox 1687 4529 1819 4604; x_wconf 91' lang='lat' dir='ltr'>habere</span> <span class='ocrx_word' id='word_1_457' title='bbox 1839 4533 1985 4604; x_wconf 78' lang='lat' dir='ltr'>verbum</span> <span class='ocrx_word' id='word_1_458' title='bbox 2005 4532 2046 4604; x_wconf 94' lang='lat' dir='ltr'>in</span> <span class='ocrx_word' id='word_1_459' title='bbox 2061 4535 2169 4605; x_wconf 85' lang='lat' dir='ltr'>eorde</span> <span class='ocrx_word' id='word_1_460' title='bbox 2192 4547 2228 4606; x_wconf 93' lang='lat' dir='ltr'>et</span> <span class='ocrx_word' id='word_1_461' title='bbox 2250 4560 2334 4622; x_wconf 86' lang='lat' dir='ltr'>ore,</span> <span class='ocrx_word' id='word_1_462' title='bbox 2359 4533 2496 4603; x_wconf 79' lang='lat' dir='ltr'>verbnm</span> <span class='ocrx_word' id='word_1_463' title='bbox 2510 4521 2594 4609; x_wconf 74' lang='lat' dir='ltr'>inqua</span> 
     </span>
     <span class='ocr_line' id='line_1_39' title="bbox 650 4630 2476 4730; baseline 0.001 -22"><span class='ocrx_word' id='word_1_464' title='bbox 650 4639 839 4710; x_wconf 84' lang='lat' dir='ltr'>ostendere</span> <span class='ocrx_word' id='word_1_465' title='bbox 849 4636 960 4726; x_wconf 87' lang='lat' dir='ltr'>iram,</span> <span class='ocrx_word' id='word_1_466' title='bbox 982 4631 1148 4705; x_wconf 81' lang='lat' dir='ltr'>toleravit</span> <span class='ocrx_word' id='word_1_467' title='bbox 1161 4655 1243 4704; x_wconf 85' lang='lat' dir='ltr'>vasa</span> <span class='ocrx_word' id='word_1_468' title='bbox 1256 4645 1321 4707; x_wconf 88' lang='lat' dir='ltr'>etc.</span> <span class='ocrx_word' id='word_1_469' title='bbox 1366 4632 1635 4707; x_wconf 88' lang='lat' dir='ltr'>Circumductio</span> <span class='ocrx_word' id='word_1_470' title='bbox 1688 4635 1785 4730; x_wconf 86' lang='lat' dir='ltr'>quod</span> <span class='ocrx_word' id='word_1_471' title='bbox 1808 4636 2050 4728; x_wconf 85' lang='lat' dir='ltr'>praedicamus</span> <span class='ocrx_word' id='word_1_472' title='bbox 2070 4637 2116 4708; x_wconf 92' lang='lat' dir='ltr'>de</span> <span class='ocrx_word' id='word_1_473' title='bbox 2135 4630 2293 4710; x_wconf 83' lang='lat' dir='ltr'>Christo·</span> <span class='ocrx_word' id='word_1_474' title='bbox 2471 4633 2476 4648; x_wconf 87' lang='lat'>&#39;</span> 
     </span>
     <span class='ocr_line' id='line_1_40' title="bbox 650 4706 2594 4828; baseline -0.005 -19"><span class='ocrx_word' id='word_1_475' title='bbox 650 4739 701 4810; x_wconf 87' lang='lat' dir='ltr'>ita</span> <span class='ocrx_word' id='word_1_476' title='bbox 719 4737 787 4812; x_wconf 88' lang='lat' dir='ltr'>erit</span> <span class='ocrx_word' id='word_1_477' title='bbox 809 4735 964 4828; x_wconf 74' lang='lat' dir='ltr'>integra,</span> <span class='ocrx_word' id='word_1_478' title='bbox 994 4735 1026 4804; x_wconf 90' lang='lat' dir='ltr'>si</span> <span class='ocrx_word' id='word_1_479' title='bbox 1046 4746 1227 4827; x_wconf 87' lang='lat' dir='ltr'>repetatur</span> <span class='ocrx_word' id='word_1_480' title='bbox 1256 4757 1297 4805; x_wconf 84' lang='lat' dir='ltr'>er</span> <span class='ocrx_word' id='word_1_481' title='bbox 1326 4737 1528 4827; x_wconf 89' lang='lat' dir='ltr'>superiore,</span> <span class='ocrx_word' id='word_1_482' title='bbox 1559 4761 1635 4809; x_wconf 91' lang='lat' dir='ltr'>non</span> <span class='ocrx_word' id='word_1_483' title='bbox 1792 4737 1869 4807; x_wconf 85' lang='lat' dir='ltr'>Alii</span> <span class='ocrx_word' id='word_1_484' title='bbox 1889 4737 1993 4808; x_wconf 89' lang='lat' dir='ltr'>aliter</span> <span class='ocrx_word' id='word_1_485' title='bbox 2012 4750 2165 4810; x_wconf 88' lang='lat' dir='ltr'>tractant</span> <span class='ocrx_word' id='word_1_486' title='bbox 2190 4735 2283 4812; x_wconf 89' lang='lat' dir='ltr'>hanc</span> <span class='ocrx_word' id='word_1_487' title='bbox 2302 4735 2523 4810; x_wconf 76' lang='lat' dir='ltr'>collationem.</span> <span class='ocrx_word' id='word_1_488' title='bbox 2563 4706 2594 4796; x_wconf 61' lang='lat' dir='ltr'>fl</span> 
     </span>
     <span class='ocr_line' id='line_1_41' title="bbox 652 4809 2593 4931; baseline -0.004 -21"><span class='ocrx_word' id='word_1_489' title='bbox 652 4852 704 4913; x_wconf 90' lang='lat' dir='ltr'>est</span> <span class='ocrx_word' id='word_1_490' title='bbox 720 4853 821 4912; x_wconf 89' lang='lat' dir='ltr'>tunso</span> <span class='ocrx_word' id='word_1_491' title='bbox 839 4833 1097 4931; x_wconf 89' lang='lat' dir='ltr'>reprehendere</span> <span class='ocrx_word' id='word_1_492' title='bbox 1114 4837 1191 4910; x_wconf 89' lang='lat' dir='ltr'>eius</span> <span class='ocrx_word' id='word_1_493' title='bbox 1207 4836 1407 4909; x_wconf 87' lang='lat' dir='ltr'>eonsilium.</span> <span class='ocrx_word' id='word_1_494' title='bbox 1689 4839 1891 4910; x_wconf 84' lang='lat' dir='ltr'>collationis</span> <span class='ocrx_word' id='word_1_495' title='bbox 1921 4853 2051 4912; x_wconf 87' lang='lat' dir='ltr'>statum</span> <span class='ocrx_word' id='word_1_496' title='bbox 2084 4840 2239 4930; x_wconf 90' lang='lat' dir='ltr'>positum</span> <span class='ocrx_word' id='word_1_497' title='bbox 2279 4861 2356 4912; x_wconf 90' lang='lat' dir='ltr'>esse</span> <span class='ocrx_word' id='word_1_498' title='bbox 2393 4834 2501 4908; x_wconf 82' lang='lat' dir='ltr'>iudico</span> <span class='ocrx_word' id='word_1_499' title='bbox 2527 4809 2593 4892; x_wconf 56' lang='lat' dir='ltr'>inb</span> 
     </span>
    </p>

    <p class='ocr_par' dir='ltr' id='par_1_5' title="bbox 648 4915 2594 5955">
     <span class='ocr_line' id='line_1_42' title="bbox 753 4915 2593 5034; baseline -0.002 -22"><span class='ocrx_word' id='word_1_500' title='bbox 753 4935 826 5012; x_wconf 82' lang='lat' dir='ltr'>Hic</span> <span class='ocrx_word' id='word_1_501' title='bbox 844 4939 970 5034; x_wconf 89' lang='lat' dir='ltr'>incipit</span> <span class='ocrx_word' id='word_1_502' title='bbox 994 4939 1141 5011; x_wconf 87' lang='lat' dir='ltr'>recitare</span> <span class='ocrx_word' id='word_1_503' title='bbox 1164 4937 1366 5012; x_wconf 85' lang='lat' dir='ltr'>testimonis</span> <span class='ocrx_word' id='word_1_504' title='bbox 1384 4941 1429 5010; x_wconf 93' lang='lat' dir='ltr'>de</span> <span class='ocrx_word' id='word_1_505' title='bbox 1451 4940 1637 5012; x_wconf 80' lang='lat' dir='ltr'>vocatione</span> <span class='ocrx_word' id='word_1_506' title='bbox 1688 4940 1875 5012; x_wconf 85' lang='lat' dir='ltr'>membris:</span> <span class='ocrx_word' id='word_1_507' title='bbox 1906 4937 2058 5026; x_wconf 77' lang='lat' dir='ltr'>Facere,</span> <span class='ocrx_word' id='word_1_508' title='bbox 2089 4955 2127 5013; x_wconf 91' lang='lat' dir='ltr'>et</span> <span class='ocrx_word' id='word_1_509' title='bbox 2149 4939 2310 5016; x_wconf 85' lang='lat' dir='ltr'>Verbum</span> <span class='ocrx_word' id='word_1_510' title='bbox 2335 4939 2460 5013; x_wconf 87' lang='lat' dir='ltr'>hahere</span> <span class='ocrx_word' id='word_1_511' title='bbox 2478 4933 2512 5002; x_wconf 75' lang='lat' dir='ltr'>in</span> <span class='ocrx_word' id='word_1_512' title='bbox 2536 4915 2593 4994; x_wconf 60' lang='lat'>‘⁰¹⁶</span> 
     </span>
     <span class='ocr_line' id='line_1_43' title="bbox 651 5036 2594 5138; baseline -0.006 -22"><span class='ocrx_word' id='word_1_513' title='bbox 651 5037 834 5137; x_wconf 70' lang='lat' dir='ltr'>gentium,</span> <span class='ocrx_word' id='word_1_514' title='bbox 869 5055 905 5114; x_wconf 91' lang='lat' dir='ltr'>et</span> <span class='ocrx_word' id='word_1_515' title='bbox 928 5042 973 5112; x_wconf 86' lang='lat' dir='ltr'>de</span> <span class='ocrx_word' id='word_1_516' title='bbox 1002 5039 1198 5112; x_wconf 84' lang='lat' dir='ltr'>delectione</span> <span class='ocrx_word' id='word_1_517' title='bbox 1221 5037 1446 5116; x_wconf 88' lang='lat' dir='ltr'>ludaeorum.</span> <span class='ocrx_word' id='word_1_518' title='bbox 1519 5039 1636 5133; x_wconf 89' lang='lat' dir='ltr'>Supra</span> <span class='ocrx_word' id='word_1_519' title='bbox 1688 5039 1787 5114; x_wconf 85' lang='lat' dir='ltr'>Haeo</span> <span class='ocrx_word' id='word_1_520' title='bbox 1807 5043 1967 5114; x_wconf 88' lang='lat' dir='ltr'>membra</span> <span class='ocrx_word' id='word_1_521' title='bbox 1998 5042 2249 5116; x_wconf 74' lang='lat' dir='ltr'>definitionum</span> <span class='ocrx_word' id='word_1_522' title='bbox 2272 5043 2406 5138; x_wconf 82' lang='lat' dir='ltr'>opponi</span> <span class='ocrx_word' id='word_1_523' title='bbox 2435 5039 2519 5107; x_wconf 84' lang='lat' dir='ltr'>inter</span> <span class='ocrx_word' id='word_1_524' title='bbox 2536 5036 2594 5096; x_wconf 64' lang='grc' dir='ltr'>κ’</span> 
     </span>
     <span class='ocr_line' id='line_1_44' title="bbox 652 5139 2594 5238; baseline -0.002 -20"><span class='ocrx_word' id='word_1_525' title='bbox 652 5145 750 5218; x_wconf 86' lang='lat' dir='ltr'>enim</span> <span class='ocrx_word' id='word_1_526' title='bbox 764 5141 843 5214; x_wconf 84' lang='lat' dir='ltr'>disi</span> <span class='ocrx_word' id='word_1_527' title='bbox 862 5139 1014 5214; x_wconf 88' lang='lat' dir='ltr'>ludaeos</span> <span class='ocrx_word' id='word_1_528' title='bbox 1028 5143 1244 5234; x_wconf 90' lang='lat' dir='ltr'>disputasse,</span> <span class='ocrx_word' id='word_1_529' title='bbox 1269 5141 1365 5236; x_wconf 86' lang='lat' dir='ltr'>quod</span> <span class='ocrx_word' id='word_1_530' title='bbox 1381 5144 1426 5213; x_wconf 87' lang='lat' dir='ltr'>sd</span> <span class='ocrx_word' id='word_1_531' title='bbox 1443 5141 1541 5234; x_wconf 91' lang='lat' dir='ltr'>ipsos</span> <span class='ocrx_word' id='word_1_532' title='bbox 1555 5166 1638 5234; x_wconf 88' lang='lat' dir='ltr'>per-</span> <span class='ocrx_word' id='word_1_533' title='bbox 1689 5144 1818 5218; x_wconf 89' lang='lat' dir='ltr'>bitror.</span> <span class='ocrx_word' id='word_1_534' title='bbox 1868 5141 1959 5218; x_wconf 84' lang='lat' dir='ltr'>Vult</span> <span class='ocrx_word' id='word_1_535' title='bbox 1983 5145 2080 5216; x_wconf 89' lang='lat' dir='ltr'>enim</span> <span class='ocrx_word' id='word_1_536' title='bbox 2101 5143 2280 5238; x_wconf 67' lang='lat' dir='ltr'>insignem</span> <span class='ocrx_word' id='word_1_537' title='bbox 2300 5139 2594 5218; x_wconf 59' lang='lat' dir='ltr'>distantiarum</span> 
     </span>
     <span class='ocr_line' id='line_1_45' title="bbox 651 5239 2594 5342; baseline -0.002 -23"><span class='ocrx_word' id='word_1_538' title='bbox 651 5247 810 5319; x_wconf 87' lang='lat' dir='ltr'>tinerent</span> <span class='ocrx_word' id='word_1_539' title='bbox 824 5242 1091 5336; x_wconf 87' lang='lat' dir='ltr'>promissiones,</span> <span class='ocrx_word' id='word_1_540' title='bbox 1116 5267 1192 5314; x_wconf 91' lang='lat' dir='ltr'>non</span> <span class='ocrx_word' id='word_1_541' title='bbox 1212 5245 1259 5314; x_wconf 87' lang='lat' dir='ltr'>ad</span> <span class='ocrx_word' id='word_1_542' title='bbox 1282 5255 1422 5336; x_wconf 69' lang='lat' dir='ltr'>rentes,</span> <span class='ocrx_word' id='word_1_543' title='bbox 1447 5246 1544 5338; x_wconf 74' lang='lat' dir='ltr'>quod</span> <span class='ocrx_word' id='word_1_544' title='bbox 1567 5244 1637 5335; x_wconf 89' lang='lat' dir='ltr'>ipsi</span> <span class='ocrx_word' id='word_1_545' title='bbox 1689 5267 1909 5339; x_wconf 86' lang='lat' dir='ltr'>proponere,</span> <span class='ocrx_word' id='word_1_546' title='bbox 1940 5259 1976 5318; x_wconf 92' lang='lat' dir='ltr'>et</span> <span class='ocrx_word' id='word_1_547' title='bbox 2005 5245 2137 5318; x_wconf 82' lang='lat' dir='ltr'>diserte</span> <span class='ocrx_word' id='word_1_548' title='bbox 2168 5250 2314 5334; x_wconf 86' lang='lat' dir='ltr'>docere,</span> <span class='ocrx_word' id='word_1_549' title='bbox 2345 5245 2441 5342; x_wconf 78' lang='lat' dir='ltr'>quod</span> <span class='ocrx_word' id='word_1_550' title='bbox 2461 5253 2553 5330; x_wconf 69' lang='lat' dir='ltr'>epm</span> <span class='ocrx_word' id='word_1_551' title='bbox 2568 5239 2594 5290; x_wconf 57' lang='grc' dir='ltr'><strong><em>Ν</em></strong></span> 
     </span>
     <span class='ocr_line' id='line_1_46' title="bbox 652 5335 2594 5436; baseline -0.002 -16"><span class='ocrx_word' id='word_1_552' title='bbox 652 5348 752 5422; x_wconf 86' lang='lat' dir='ltr'>cultu</span> <span class='ocrx_word' id='word_1_553' title='bbox 768 5368 832 5416; x_wconf 87' lang='lat' dir='ltr'>suo</span> <span class='ocrx_word' id='word_1_554' title='bbox 846 5355 1067 5416; x_wconf 89' lang='lat' dir='ltr'>mererentur</span> <span class='ocrx_word' id='word_1_555' title='bbox 1082 5345 1243 5436; x_wconf 72' lang='lat' dir='ltr'>gratiam.</span> <span class='ocrx_word' id='word_1_556' title='bbox 1299 5341 1371 5418; x_wconf 86' lang='lat' dir='ltr'>Sed</span> <span class='ocrx_word' id='word_1_557' title='bbox 1394 5339 1465 5416; x_wconf 87' lang='lat' dir='ltr'>hoc</span> <span class='ocrx_word' id='word_1_558' title='bbox 1487 5349 1636 5419; x_wconf 73' lang='grc' dir='ltr'><strong>κοοᾶο·</strong></span> <span class='ocrx_word' id='word_1_559' title='bbox 1689 5347 1761 5418; x_wconf 91' lang='lat' dir='ltr'>sint</span> <span class='ocrx_word' id='word_1_560' title='bbox 1776 5345 1915 5418; x_wconf 87' lang='lat' dir='ltr'>iusticia</span> <span class='ocrx_word' id='word_1_561' title='bbox 1929 5344 2017 5433; x_wconf 86' lang='lat' dir='ltr'>Dei,</span> <span class='ocrx_word' id='word_1_562' title='bbox 2040 5359 2082 5420; x_wconf 91' lang='lat' dir='ltr'>ut</span> <span class='ocrx_word' id='word_1_563' title='bbox 2093 5371 2252 5422; x_wconf 87' lang='lat' dir='ltr'>errorem</span> <span class='ocrx_word' id='word_1_564' title='bbox 2270 5347 2477 5422; x_wconf 86' lang='lat' dir='ltr'>ludaeorum</span> <span class='ocrx_word' id='word_1_565' title='bbox 2495 5335 2594 5407; x_wconf 78' lang='lat' dir='ltr'>daret</span> 
     </span>
     <span class='ocr_line' id='line_1_47' title="bbox 650 5433 2594 5543; baseline -0.003 -22"><span class='ocrx_word' id='word_1_566' title='bbox 650 5448 729 5521; x_wconf 88' lang='lat' dir='ltr'>lum</span> <span class='ocrx_word' id='word_1_567' title='bbox 750 5445 865 5517; x_wconf 87' lang='lat' dir='ltr'>multo</span> <span class='ocrx_word' id='word_1_568' title='bbox 884 5445 992 5519; x_wconf 89' lang='lat' dir='ltr'>etiam</span> <span class='ocrx_word' id='word_1_569' title='bbox 1016 5445 1128 5536; x_wconf 70' lang='lat' dir='ltr'>magis</span> <span class='ocrx_word' id='word_1_570' title='bbox 1150 5445 1264 5518; x_wconf 85' lang='lat' dir='ltr'>movit</span> <span class='ocrx_word' id='word_1_571' title='bbox 1287 5445 1501 5533; x_wconf 88' lang='lat' dir='ltr'>imbecilles,</span> <span class='ocrx_word' id='word_1_572' title='bbox 1537 5451 1636 5542; x_wconf 80' lang='lat' dir='ltr'>quod</span> <span class='ocrx_word' id='word_1_573' title='bbox 1689 5444 1910 5543; x_wconf 83' lang='lat' dir='ltr'>prehendere</span> <span class='ocrx_word' id='word_1_574' title='bbox 1924 5449 2156 5540; x_wconf 68' lang='lat' dir='ltr'>intelligatur.</span> <span class='ocrx_word' id='word_1_575' title='bbox 2209 5450 2352 5524; x_wconf 89' lang='lat' dir='ltr'>lossicia</span> <span class='ocrx_word' id='word_1_576' title='bbox 2371 5446 2456 5538; x_wconf 68' lang='lat' dir='ltr'>legis</span> <span class='ocrx_word' id='word_1_577' title='bbox 2473 5433 2594 5512; x_wconf 54' lang='lat' dir='ltr'>assu</span> 
     </span>
     <span class='ocr_line' id='line_1_48' title="bbox 651 5523 2594 5645; baseline -0.002 -23"><span class='ocrx_word' id='word_1_578' title='bbox 651 5563 726 5622; x_wconf 85' lang='lat' dir='ltr'>tam</span> <span class='ocrx_word' id='word_1_579' title='bbox 740 5547 846 5642; x_wconf 87' lang='lat' dir='ltr'>pauci</span> <span class='ocrx_word' id='word_1_580' title='bbox 867 5569 910 5620; x_wconf 83' lang='lat' dir='ltr'>ex</span> <span class='ocrx_word' id='word_1_581' title='bbox 926 5544 1065 5619; x_wconf 85' lang='lat' dir='ltr'>ludaeis</span> <span class='ocrx_word' id='word_1_582' title='bbox 1077 5546 1317 5623; x_wconf 88' lang='lat' dir='ltr'>erediderunt.</span> <span class='ocrx_word' id='word_1_583' title='bbox 1368 5524 1494 5644; x_wconf 74' lang='lat' dir='ltr'>lasciue</span> <span class='ocrx_word' id='word_1_584' title='bbox 1512 5550 1636 5640; x_wconf 90' lang='lat' dir='ltr'>dispo-</span> <span class='ocrx_word' id='word_1_585' title='bbox 1689 5551 1814 5636; x_wconf 85' lang='lat' dir='ltr'>idest,</span> <span class='ocrx_word' id='word_1_586' title='bbox 1839 5564 1981 5622; x_wconf 84' lang='lat' dir='ltr'>esterna</span> <span class='ocrx_word' id='word_1_587' title='bbox 2001 5574 2109 5645; x_wconf 85' lang='lat' dir='ltr'>opere</span> <span class='ocrx_word' id='word_1_588' title='bbox 2129 5553 2269 5625; x_wconf 87' lang='lat' dir='ltr'>ratione</span> <span class='ocrx_word' id='word_1_589' title='bbox 2286 5523 2594 5630; x_wconf 64' lang='lat' dir='ltr'>iniunretesend</span> 
     </span>
     <span class='ocr_line' id='line_1_49' title="bbox 650 5642 2575 5746; baseline 0 -20"><span class='ocrx_word' id='word_1_590' title='bbox 650 5649 777 5726; x_wconf 86' lang='lat' dir='ltr'>esbans</span> <span class='ocrx_word' id='word_1_591' title='bbox 793 5643 890 5722; x_wconf 88' lang='lat' dir='ltr'>hunc</span> <span class='ocrx_word' id='word_1_592' title='bbox 913 5671 986 5720; x_wconf 90' lang='lat' dir='ltr'>uon</span> <span class='ocrx_word' id='word_1_593' title='bbox 1010 5669 1084 5719; x_wconf 85' lang='lat' dir='ltr'>esse</span> <span class='ocrx_word' id='word_1_594' title='bbox 1097 5642 1301 5724; x_wconf 90' lang='lat' dir='ltr'>Christum.</span> <span class='ocrx_word' id='word_1_595' title='bbox 1322 5673 1429 5746; x_wconf 86' lang='lat' dir='ltr'>qnam</span> <span class='ocrx_word' id='word_1_596' title='bbox 1453 5651 1636 5742; x_wconf 86' lang='lat' dir='ltr'>praedica-</span> <span class='ocrx_word' id='word_1_597' title='bbox 1689 5675 1779 5729; x_wconf 80' lang='lat' dir='ltr'>cers.</span> <span class='ocrx_word' id='word_1_598' title='bbox 1839 5646 1890 5724; x_wconf 77' lang='lat' dir='ltr'>At</span> <span class='ocrx_word' id='word_1_599' title='bbox 1914 5651 2052 5726; x_wconf 83' lang='lat' dir='ltr'>iusticia</span> <span class='ocrx_word' id='word_1_600' title='bbox 2076 5654 2160 5724; x_wconf 85' lang='lat' dir='ltr'>lidei</span> <span class='ocrx_word' id='word_1_601' title='bbox 2182 5668 2254 5742; x_wconf 89' lang='lat' dir='ltr'>est,</span> <span class='ocrx_word' id='word_1_602' title='bbox 2283 5651 2426 5726; x_wconf 79' lang='lat' dir='ltr'>Habere</span> <span class='ocrx_word' id='word_1_603' title='bbox 2451 5642 2575 5714; x_wconf 58' lang='lat' dir='ltr'>”W</span> 
     </span>
     <span class='ocr_line' id='line_1_50' title="bbox 648 5735 2594 5850; baseline -0.003 -22"><span class='ocrx_word' id='word_1_604' title='bbox 648 5755 741 5828; x_wconf 71' lang='lat' dir='ltr'>esus</span> <span class='ocrx_word' id='word_1_605' title='bbox 760 5747 945 5845; x_wconf 78' lang='lat' dir='ltr'>Apostoli,</span> <span class='ocrx_word' id='word_1_606' title='bbox 971 5749 1058 5846; x_wconf 83' lang='lat' dir='ltr'>qnia</span> <span class='ocrx_word' id='word_1_607' title='bbox 1082 5747 1334 5842; x_wconf 86' lang='lat' dir='ltr'>promissiones</span> <span class='ocrx_word' id='word_1_608' title='bbox 1356 5753 1401 5825; x_wconf 91' lang='lat' dir='ltr'>de</span> <span class='ocrx_word' id='word_1_609' title='bbox 1422 5747 1569 5828; x_wconf 85' lang='lat' dir='ltr'>Christo</span> <span class='ocrx_word' id='word_1_610' title='bbox 1588 5753 1636 5824; x_wconf 85' lang='lat' dir='ltr'>sd</span> <span class='ocrx_word' id='word_1_611' title='bbox 1688 5755 1794 5825; x_wconf 90' lang='lat' dir='ltr'>corde</span> <span class='ocrx_word' id='word_1_612' title='bbox 1819 5766 1857 5825; x_wconf 90' lang='lat' dir='ltr'>et</span> <span class='ocrx_word' id='word_1_613' title='bbox 1876 5776 1957 5839; x_wconf 92' lang='lat' dir='ltr'>ore,</span> <span class='ocrx_word' id='word_1_614' title='bbox 1995 5755 2097 5850; x_wconf 82' lang='lat' dir='ltr'>qussi</span> <span class='ocrx_word' id='word_1_615' title='bbox 2117 5756 2229 5831; x_wconf 82' lang='lat' dir='ltr'>dieat:</span> <span class='ocrx_word' id='word_1_616' title='bbox 2264 5755 2340 5828; x_wconf 86' lang='lat' dir='ltr'>Vos</span> <span class='ocrx_word' id='word_1_617' title='bbox 2364 5743 2534 5824; x_wconf 67' lang='lat' dir='ltr'>montis</span> <span class='ocrx_word' id='word_1_618' title='bbox 2552 5735 2594 5842; x_wconf 41' lang='lat'>³⁰?</span> 
     </span>
     <span class='ocr_line' id='line_1_51' title="bbox 649 5833 2594 5955; baseline 0.004 -27"><span class='ocrx_word' id='word_1_619' title='bbox 649 5855 859 5928; x_wconf 70' lang='lat' dir='ltr'>ulmum</span> <span class='ocrx_word' id='word_1_620' title='bbox 873 5849 1068 5955; x_wconf 86' lang='lat' dir='ltr'>populum,</span> <span class='ocrx_word' id='word_1_621' title='bbox 1092 5865 1155 5926; x_wconf 89' lang='lat' dir='ltr'>sut</span> <span class='ocrx_word' id='word_1_622' title='bbox 1176 5863 1270 5924; x_wconf 84' lang='lat' dir='ltr'>ceste</span> <span class='ocrx_word' id='word_1_623' title='bbox 1287 5853 1336 5948; x_wconf 72' lang='lat' dir='ltr'>ad</span> <span class='ocrx_word' id='word_1_624' title='bbox 1357 5854 1547 5948; x_wconf 79' lang='lat' dir='ltr'>maximam</span> <span class='ocrx_word' id='word_1_625' title='bbox 1568 5877 1636 5950; x_wconf 88' lang='lat' dir='ltr'>po·</span> <span class='ocrx_word' id='word_1_626' title='bbox 1690 5855 1782 5930; x_wconf 87' lang='lat' dir='ltr'>ciam</span> <span class='ocrx_word' id='word_1_627' title='bbox 1797 5855 1870 5930; x_wconf 89' lang='lat' dir='ltr'>Dei</span> <span class='ocrx_word' id='word_1_628' title='bbox 1886 5877 1963 5929; x_wconf 91' lang='lat' dir='ltr'>esse</span> <span class='ocrx_word' id='word_1_629' title='bbox 1976 5879 2083 5952; x_wconf 87' lang='lat' dir='ltr'>opera</span> <span class='ocrx_word' id='word_1_630' title='bbox 2098 5871 2233 5948; x_wconf 83' lang='lat' dir='ltr'>vestre,</span> <span class='ocrx_word' id='word_1_631' title='bbox 2256 5855 2333 5930; x_wconf 82' lang='lat' dir='ltr'>lios</span> <span class='ocrx_word' id='word_1_632' title='bbox 2346 5877 2430 5932; x_wconf 80' lang='lat' dir='ltr'>sero</span> <span class='ocrx_word' id='word_1_633' title='bbox 2444 5833 2594 5936; x_wconf 50' lang='grc' dir='ltr'>ΜΨ*</span> 
     </span>
    </p>
   </div>
   <div class='ocr_carea' id='block_1_3' title="bbox 0 0 2923 6948">
    <p class='ocr_par' dir='ltr' id='par_1_6' title="bbox 0 0 2923 6948">
     <span class='ocr_line' id='line_1_52' title="bbox 0 0 2923 6948; baseline 0 0"><span class='ocrx_word' id='word_1_634' title='bbox 0 0 2923 6948; x_wconf 95' lang='lat' dir='ltr'> </span> 
     </span>
    </p>
   </div>
  </div>
 </body>
</html>
