5825 6950
566 716 642 792 trs
1155 711 1280 787 rtttn.
1309 713 1426 793 Mna.
1452 715 1661 796 SCRIPTA
1691 709 1993 788 nxnnnrtca
2517 721 2582 798 776

568 892 740 982 gnitatem
769 907 869 956 anam
898 885 1123 970 labefactari,
1164 889 1318 959 oderunt
1346 890 1558 974 doctrinam,
1611 887 1796 956 ferendum
1823 899 1874 956 est
1897 887 2066 958 omnibus
2095 890 2200 959 rebus
2231 883 2422 975 humanis,
2459 890 2579 981 legibus

571 1016 663 1086 qnae
686 989 829 1058 videtur
846 987 1019 1060 offectura
1041 991 1237 1060 commodis
1252 991 1430 1079 ipsorum,
1455 995 1558 1064 deui-
1612 986 1819 1072 bominum,
1851 987 2029 1079 imperiis,
2065 992 2269 1061 ordinariae
2296 991 2476 1082 potestati,
2505 997 2582 1084 pati,

572 1119 642 1190 que
665 1093 758 1162 alius
781 1088 889 1160 aliam
905 1090 1013 1160 babet
1039 1114 1191 1160 cansam.
1241 1091 1380 1162 Horum
1398 1097 1559 1166 omnium
1612 1093 1768 1184 patriae,
1801 1091 2021 1162 concordiae.
2090 1092 2157 1163 llis
2192 1093 2398 1163 nominibus
2429 1089 2515 1163 nihil
2541 1111 2584 1168 est

573 1220 643 1266 una
659 1217 726 1262 vor
746 1203 799 1262 est
820 1190 860 1260 in
881 1213 1005 1282 regum
1018 1193 1197 1264 consiliis:
1231 1194 1376 1265 Nullam
1392 1200 1563 1270 mutatio·
1614 1193 1819 1282 augustius,
1861 1195 1922 1262 scd
1948 1206 2065 1264 tamen
2096 1196 2365 1269 anteferendum
2389 1207 2440 1265 est
2466 1221 2583 1268 nomen

572 1321 654 1368 nem
670 1294 935 1364 concedendam
952 1315 1046 1378 esse,
1072 1294 1296 1366 retinendam
1314 1322 1387 1368 esse
1412 1323 1563 1372 concor·
1615 1294 1695 1366 Dei.
1921 1323 1926 1332 ·
1980 1341 1992 1350 ,

574 1400 670 1468 diam
712 1394 915 1481 Ecclesiae,
955 1394 1182 1468 autoritatem
1222 1401 1425 1472 ordinariae
1463 1415 1564 1495 potc-
1715 1390 1935 1486 Prophetae,
1964 1391 2125 1485 Apostoli
2150 1389 2245 1465 haud
2271 1398 2381 1468 dubie
2402 1401 2585 1489 patriamct

577 1501 690 1573 statis.
1618 1495 1752 1588 patriae
1771 1497 2085 1590 tranquillitatem,
2111 1497 2139 1566 si
2160 1500 2222 1590 qui
2241 1502 2320 1586 alii,
2347 1515 2507 1572 amarunt
2521 1525 2586 1572 ma·

674 1599 811 1693 Deinde
827 1593 960 1669 babent
974 1621 1057 1670 anos
1081 1596 1262 1688 rhetores,
1288 1604 1352 1698 qui
1376 1601 1563 1676 artheman.
1618 1600 1723 1670 xime.
1786 1595 1835 1668 Et
1857 1612 1975 1669 tamen
1997 1594 2257 1691 reprehendere
2280 1603 2410 1693 impios
2432 1603 2538 1674 cultus
2558 1617 2586 1675 ct

575 1703 730 1776 tissimus
744 1700 934 1771 conciones
947 1701 985 1769 in
1002 1725 1082 1773 eam
1095 1705 1304 1775 sententiam
1321 1709 1450 1795 edunt,
1477 1731 1566 1801 quos
1617 1723 1743 1792 pravas
1763 1701 1950 1792 opiniones
1974 1703 2084 1771 coacti
2105 1715 2198 1771 sunt.
2256 1701 2303 1776 Et
2326 1704 2469 1797 quidem
2492 1701 2584 1776 Chri-

575 1804 759 1874 nominari
789 1824 914 1872 omnes
935 1800 1029 1872 nihil
1057 1826 1148 1898 opus
1173 1819 1234 1876 est.
1308 1806 1440 1879 Extant
1470 1812 1565 1879 enim
1615 1818 1688 1872 stus
1710 1803 1895 1896 profitetur
1917 1825 1955 1871 se
1977 1803 2159 1873 doctrinae
2183 1826 2293 1893 genus
2316 1807 2477 1890 adferre,
2514 1821 2581 1876 tan-

575 1907 770 1976 mnltorum
794 1905 942 1996 scripta:
975 1906 1037 1975 sed
1056 1929 1097 1976 ex
1118 1909 1286 1980 omnibus
1306 1910 1378 1981 illis
1400 1927 1567 1983 centones
1617 1928 1722 1998 quam
1740 1907 1876 1994 ignem,
1900 1905 1963 1997 qui
1988 1905 2033 1976 sit
2050 1929 2260 1976 accensurus
2283 1908 2446 1997 ingentes
2467 1908 2585 1977 discor·

575 2031 693 2098 nnper
707 2005 847 2076 consuit
862 2001 1091 2097 Omphafius.
1144 2008 1437 2106 luitiotanquarn
1455 2013 1567 2085 Solon
1617 2011 1706 2078 dias.
1738 2005 1887 2077 Necesse
1900 2022 1952 2077 eat
1967 2007 2061 2076 enirn
2079 2008 2225 2078 existere
2241 2011 2435 2079 certamina
2449 2011 2491 2078 de
2505 2010 2585 2080 culto

578 2123 639 2180 aot
655 2105 870 2199 Areopagita
891 2108 1022 2201 aliquis
1044 2110 1279 2183 concionatur
1299 2117 1343 2183 de
1370 2117 1488 2203 legum
1509 2117 1566 2185 di·
1618 2106 1703 2194 Dei,
1729 2108 1815 2202 quia
1836 2107 2002 2178 diabolus
2025 2113 2135 2184 ardet·
2151 2104 2318 2181 horribili
2342 2112 2427 2182 odio
2447 2108 2529 2194 Dei,
2556 2125 2584 2180 rt

577 2211 732 2302 gnitate,
758 2209 934 2301 vituperat
948 2212 1141 2281 reditiones
1156 2227 1191 2283 et
1207 2215 1324 2304 legum
1349 2231 1566 2289 contemtum
1616 2223 1790 2304 quantum
1815 2212 2122 2308 potest,.verbum
2147 2207 2215 2281 Dei
2239 2213 2360 2282 delere
2382 2226 2539 2296 conatur,
2559 2227 2586 2280 ct

578 2323 849 2395 commemorat,
882 2333 996 2404 quant
1016 2313 1130 2383 dulcis
1152 2310 1335 2386 harmonia
1356 2319 1401 2390 sit
1431 2319 1568 2389 ordinis
1615 2316 1782 2382 adversus
1797 2309 1912 2380 Deum
1929 2311 2090 2383 homines
2107 2312 2236 2405 impios
2249 2315 2399 2398 incitat,
2425 2337 2463 2384 ac
2483 2337 2582 2383 secuto

579 2427 614 2484 et
629 2406 798 2494 εὐταξίας
809 2409 1116 2508 inRepnb.quam
1127 2417 1220 2508 leges
1234 2419 1401 2493 efficiunt.
1429 2419 1569 2492 Deinde
1618 2407 1728 2484 trahit
1755 2413 2006 2484 florentissima
2037 2415 2203 2507 imperia:
2248 2439 2330 2488 cum
2361 2411 2418 2488 his
2446 2411 2585 2488 hostibus

580 2515 647 2587 etsi
677 2538 754 2586 non
775 2513 939 2586 nominat
966 2531 1098 2587 certam
1129 2519 1411 2609 professionem,
1449 2537 1568 2592 tamen
1617 2515 1847 2605 belligeratur
1861 2511 2035 2588 Christus.

582 2639 672 2712 quos
695 2616 883 2708 praecipue
905 2630 1017 2707 petat,
1048 2619 1134 2689 satir
1157 2623 1333 2710 ostendit,
1367 2625 1571 2696 declamitas
1720 2615 1943 2705 Quaestum
1967 2641 2106 2690 necesse
2127 2619 2174 2690 sit
2199 2619 2267 2713 piis
2290 2617 2579 2713 reprehenderer

583 2720 752 2790 adversus
782 2740 868 2798 tros,
912 2719 975 2810 qni
1006 2722 1175 2813 quasdam
1205 2727 1408 2817 tyrannicae
1439 2740 1473 2797 et
1503 2727 1571 2795 im.
1617 2718 1758 2788 abolere
1773 2719 1902 2811 impios
1917 2719 2048 2805 cultus,
2073 2745 2150 2792 uon
2166 2737 2318 2813 possunt
2334 2747 2406 2793 non
2428 2745 2496 2792 esse
2514 2741 2575 2786 tnn-

581 2821 658 2913 pias
684 2819 778 2909 leges
808 2819 1014 2910 pontificum
1045 2823 1271 2900 excussimus.
1343 2824 1423 2899 Etsi
1452 2843 1570 2901 autem
1618 2821 1794 2890 tationum
1815 2835 1956 2890 autores
1979 2819 2175 2913 Prophetae
2198 2838 2234 2895 et
2253 2826 2432 2916 Apostoli.
2481 2820 2581 2909 Quan-

581 2945 657 2993 non
677 2921 809 3013 opinor
828 2943 909 2990 eum
929 2915 1018 2991 baec
1037 2925 1147 3011 gratis
1173 2926 1309 3012 dicere,
1343 2943 1569 3001 tamencum
1619 2945 1723 3015 qnam
1750 2922 1859 3012 igitur
1888 2923 2031 3013 politica
2061 2926 2233 3017 sapientia
2265 2922 2436 2998 abhorret
2457 2923 2579 3012 abipso

583 3025 705 3094 eadem
728 3021 894 3093 dicantur
914 3045 935 3091 a
956 3024 1081 3093 moltis
1099 3029 1246 3099 summis
1263 3043 1297 3099 ct
1320 3033 1571 3126 eloquentibus
1621 3024 1830 3093 mutationis
1845 3026 2006 3110 nomine,
2032 3039 2066 3098 et
2089 3028 2157 3118 pii,
2183 3029 2245 3120 qui
2269 3042 2366 3099 certe
2386 3050 2456 3096 non
2478 3043 2582 3093 omntt

583 3123 689 3204 viris,
714 3147 787 3193 non
808 3122 1001 3214 disputabo
1017 3127 1105 3216 quid
1123 3128 1189 3198 iste
1204 3144 1328 3219 captet.
1620 3126 1742 3196 stolidi
1766 3142 1828 3196 aut
1850 3127 1938 3196 fatui
1961 3143 2062 3212 sunt,
2088 3130 2294 3219 intelligunt
2322 3144 2489 3224 quantum
2507 3123 2584 3193 dilli-

689 3224 823 3297 Totnm
839 3219 908 3296 hoc
920 3247 1032 3315 genus
1048 3229 1260 3300 concionum
1275 3248 1407 3323 spectat
1421 3238 1465 3304 ad
1484 3260 1571 3307 con.
1620 3228 1792 3298 cultarum
1810 3242 1844 3298 et
1863 3228 2101 3319 periculorum
2118 3233 2280 3302 adferant
2297 3231 2520 3310 mutationes,
2541 3237 2583 3294 tr·

584 3328 782 3404 firmandos
794 3341 979 3416 potentum
995 3329 1152 3414 animos,
1180 3355 1224 3401 ne
1239 3335 1312 3403 ulla
1337 3338 1515 3408 moderata
1539 3351 1572 3408 et
1622 3353 1702 3398 men
1723 3325 1965 3400 Christianum
1990 3349 2109 3420 pectus
2133 3332 2282 3404 antefert
2305 3334 2504 3403 mandatum
2520 3325 2583 3410 Dei,

585 3431 644 3520 pia
671 3427 818 3498 consilia
839 3430 1049 3511 audiantur,
1076 3433 1206 3504 deiude
1228 3449 1267 3506 ut
1280 3438 1492 3511 inflammati
1515 3441 1573 3509 in·
1622 3443 1657 3501 el
1671 3433 1805 3503 excelso
1830 3433 1950 3504 animo
1973 3434 2101 3527 excipit
2125 3457 2249 3506 omne·
2263 3434 2501 3516 difficullfllQ
2523 3450 2581 3498 0³⁸·

586 3529 911 3603 iustamsaevitiam
928 3547 1124 3605 exerceant.
1173 3534 1223 3607 Ut
1240 3551 1356 3608 autem
1378 3539 1494 3609 David
1513 3567 1573 3633 pe.
1622 3556 1691 3626 que
1713 3534 1879 3622 intelligit
1901 3536 1976 3625 regi
1997 3536 2194 3623 aChristo,
2223 3538 2280 3609 cni
2304 3538 2426 3609 omnia
2446 3534 2576 3605 subiecit

584 3635 692 3716 tehat,
708 3654 755 3703 ne
771 3630 928 3704 valerent
943 3635 1091 3704 consilia
1104 3633 1331 3730 Acbitophel,
1348 3643 1397 3710 sic
1413 3668 1478 3711 nos
1495 3667 1574 3731 pre·
1622 3650 1725 3716 sunt,
1751 3649 1791 3706 ¹¹¹
1807 3637 1924 3727 inquil
1943 3635 2133 3729 Propheta·

587 3735 748 3805 cabimnr
768 3730 905 3819 Deum,
945 3757 991 3805 ne
1013 3732 1140 3806 horum
1166 3733 1347 3811 rhetorum
1372 3745 1574 3839 eloquentia
1724 3734 1820 3807 Haec
1835 3737 1990 3809 breviter
2004 3740 2219 3829 respondeo,
2244 3762 2322 3810 non
2336 3752 2407 3811 tarn
2423 3728 2582 3827 Omphalii

587 3835 770 3906 veritatem
793 3848 830 3905 et
850 3836 1000 3924 gloriam
1021 3834 1156 3911 Christi
1178 3843 1369 3933 opprimat.
1421 3843 1573 3917 Etcum
1624 3838 1797 3923 orationi,
1831 3863 1936 3932 quam
1967 3840 2111 3913 illorum
2141 3842 2343 3933 sapientum
2380 3834 2582 3930 argumentis,

587 3938 757 4027 scriptum
771 3937 837 4007 sit:
863 3934 918 4008 Es
931 3960 994 4008 ore
1006 3937 1198 4035 infantium
1213 3958 1248 4014 et
1261 3946 1466 4019 lactentium
1492 3972 1573 4041 per.
1623 3940 1686 4032 qui
1703 3941 1741 4007 in
1758 3943 1924 4012 omnibns
1938 3944 2097 4013 consiliis
2111 3946 2371 4015 concionantur
2387 3944 2430 4012 de
2449 3936 2580 4008 vitandis

586 4040 701 4109 fecisti
721 4038 884 4122 laudem,
909 4042 1129 4129 sperabimus
1144 4041 1259 4114 Deum
1275 4070 1349 4116 non
1367 4049 1574 4121 defuturum
1623 4042 1898 4122 mulationibus‚
1929 4048 1973 4113 de
1995 4047 2198 4117 concordia.
2250 4042 2330 4117 Etsi
2351 4058 2464 4115 antean
2485 4035 2582 4109 honri·
2627 4076 2628 4097 t

587 4140 694 4210 nobis
707 4162 781 4209 esse
797 4140 836 4209 in
853 4140 1048 4213 refutandis
1069 4143 1141 4215 illis
1156 4146 1364 4235 calumniis,
1389 4166 1424 4223 et
1440 4152 1479 4223 in
1499 4152 1574 4243 glo-
1623 4166 1686 4212 ⁰0⁵
1715 4140 1809 4215 athei
1843 4140 1935 4213 hanc
1962 4148 2226 4237 responsionem
2259 4148 2450 4227 derident,
2486 4154 2582 4209 imin
2627 4156 2628 4159 ’

587 4242 641 4311 ria
659 4235 796 4312 Christi
812 4241 1035 4319 illustranda.
1622 4246 1692 4336 piis
1711 4246 1799 4317 utile
1814 4261 1864 4316 est
1880 4248 2104 4319 considerare
2123 4244 2209 4319 hacc
2226 4260 2448 4340 argumenta,
2475 4264 2515 4310 ne
2532 4236 2581 4305 illa

690 4340 773 4412 Scio
788 4342 1026 4433 plausibiliter
1042 4347 1114 4416 dici
1129 4349 1173 4417 de
1187 4348 1303 4439 legum
1320 4352 1503 4443 dignitate,
1530 4358 1575 4427 de
1623 4348 1814 4438 sapientiae
1837 4350 1969 4439 species
1990 4354 2165 4423 deterreat
2180 4350 2321 4421 animos
2336 4372 2355 4421 a
2370 4345 2504 4441 phialis
2527 4350 2583 4407 ΕΗ

588 4465 693 4535 pace,
717 4444 763 4513 de
778 4446 1037 4538 tranquillitate
1053 4454 1252 4521 communi:
1280 4480 1352 4525 non
1369 4457 1456 4526 adeo
1477 4460 1576 4529 rudis
1622 4450 1839 4541 professione
1855 4452 2023 4527 veritatis.

590 4567 667 4613 aum
684 4545 885 4629 literarum,
911 4570 977 4620 nec
998 4552 1087 4619 adeo
1108 4551 1246 4624 alienus
1267 4578 1287 4624 a
1310 4558 1407 4626 civili
1423 4582 1575 4629 consue·
1722 4547 1770 4621 Et
1796 4552 1881 4623 baec
1903 4554 2019 4623 scribo
2041 4553 2192 4623 manime
2214 4548 2457 4625 admonendae
2477 4540 2582 4609 iuven·

589 4646 715 4717 tudine
740 4648 845 4718 vitae.
896 4647 1022 4721 Sentio
1047 4652 1153 4721 etiam
1176 4652 1572 4748 inRepnb.communt
1622 4652 1838 4729 tntiscausa.
1892 4655 1997 4746 lmpii
2014 4678 2093 4725 cnm
2110 4656 2189 4726 aliis
2204 4655 2397 4737 illecebris,
2422 4643 2538 4737 opibus
2554 4645 2582 4702 rt

589 4748 839 4842 tranquillitati
866 4774 907 4821 ea
941 4774 1051 4823 onera
1079 4755 1315 4830 condonanda
1346 4784 1445 4845 esse,
1485 4787 1576 4856 quae
1623 4753 1703 4823 aliis
1731 4760 1927 4826 commodis
1951 4758 2088 4827 animos
2118 4759 2313 4829 mullorum
2337 4753 2491 4845 capiunt,
2520 4753 2580 4808 ¹⁰⁰¹

500 4932 506 4945 ι
589 4850 665 4917 sine
689 4849 869 4939 impietate
896 4852 1040 4923 tolerari
1064 4872 1224 4947 possunt.
1300 4860 1449 4933 Valeant
1472 4865 1510 4933 in
1534 4890 1575 4934 eo
1624 4858 1845 4929 verreriam
1878 4859 2032 4929 irretitos
2068 4872 2191 4930 tenent
2220 4856 2276 4930 bis
2309 4840 2581 4951 persut⁸i⁰⁰lb¹¹h

589 4972 717 5039 genere
745 4948 831 5019 baec
855 4957 1066 5025 sententiae:
1103 4953 1147 5028 ad
1171 4956 1291 5033 κακὸν
1321 4954 1363 5037 εὖ
1388 4960 1574 5054 κείμενον,
1623 4958 1721 5050 quod
1742 4959 1910 5028 vitandae'
1930 4962 2001 5030 sint
2028 4961 2262 5044 mutationes,
2287 4960 2383 5057 quod
2407 4954 2518 5023 deceat
2537 4939 2579 5005 ft·

589 5045 643 5143 μὴ
666 5047 845 5143 κινητέον.
897 5050 945 5126 Et
968 5060 1063 5151 quod
1081 5054 1311 5134 Plato'disit:
1335 5078 1377 5137 nt
1391 5066 1495 5135 deliri
1512 5092 1575 5159 pa.
1623 5082 1705 5129 vere
1727 5062 1929 5131 ordinariae
1959 5062 2145 5153 potestati,-
2184 5062 2275 5134 tucri
2293 5066 2500 5155 praesentem
2518 5041 2581 5157 sps·

590 5153 674 5233 tris,
701 5152 749 5220 ita
765 5154 900 5243 patriae
914 5157 1119 5248 desipientis
1137 5186 1252 5233 mores
1268 5166 1472 5237 tolerandos
1489 5192 1573 5244 esse.
1622 5184 1715 5229 mam
1733 5162 1960 5253 reipublicae.
2011 5161 2108 5233 Haec
2131 5176 2304 5257 quatenus
2324 5152 2495 5233 laudanda
2513 5148 2580 5215 arnt,

589 5250 701 5323 Recte
714 5253 781 5324 ista
797 5255 834 5323 in
851 5256 931 5327 loco
952 5260 1122 5330 dicuutur
1146 5265 1190 5332 de
1213 5266 1379 5338 civilibus
1392 5270 1574 5356 oneribus,
1621 5258 1818 5334 Christiani
1850 5266 2106 5354 praemonendi
2134 5278 2238 5352 sont,-
2277 5290 2323 5337 ne
2349 5252 2579 5333 obliviscantur

588 5376 680 5446 qnae
706 5354 786 5424 sine
806 5357 987 5450 impietate
1009 5364 1224 5451 tolerantur,
1249 5371 1311 5438 sed
1337 5365 1423 5440 haec
1452 5366 1573 5461 pltilo-
1621 5357 1728 5437 huius
1743 5367 1939 5456 praecepti:
1966 5366 2047 5437 Non
2063 5362 2211 5436 babebit
2225 5364 2318 5439 Deos
2333 5364 2470 5435 alienos.

589 5450 714 5544 sophia
742 5480 817 5527 non
847 5461 1080 5535 transferatur
1100 5468 1145 5536 ad
1171 5468 1392 5540 ohnrendam
1420 5472 1570 5563 gloriam
1722 5465 1836 5537 Doleo
1855 5471 2027 5561 quosdam
2051 5468 2303 5540 excellentibus
2324 5456 2470 5553 ingeniis
2490 5458 2575 5557 lif*

589 5553 671 5630 Dei.
729 5556 922 5631 Doctrinae
944 5585 1080 5636 errores
1103 5581 1138 5638 et
1159 5568 1321 5641 idolatria
1345 5597 1570 5669 nequaquam
1620 5568 1715 5638 ditos
1733 5570 1936 5659 conspirare
1951 5594 2030 5640 oum
2047 5570 2189 5663 impiis,
2215 5592 2255 5640 ac
2275 5572 2365 5641 faces
2380 5580 2450 5632 esse
2466 5550 2573 5666 afim·

588 5660 804 5731 dissimubari
819 5664 968 5748 debent,
992 5668 1082 5737 sicut
1094 5664 1255 5741 Christus
1270 5674 1407 5767 inquit:
1434 5675 1570 5771 Siquis
1618 5671 1780 5741 citandos
1802 5694 1900 5761 reges
1929 5676 1974 5743 ad
1998 5672 2260 5757 crudelitatem,
2292 5685 2325 5743 et
2346 5666 2389 5737 ad
2413 5647 2572 5763 crebriter·

462 5804 470 5821 ·
588 5762 768 5848 ”effflffl
787 5786 865 5844 me,
890 5768 1106 5837 contundam
1128 5792 1222 5843 eum.
1284 5773 1446 5848 Primum
1466 5801 1569 5870 prae-
1618 5773 1943 5865 damirnpietatem.
1994 5772 2259 5846 lllaestvirtns
2279 5775 2383 5861 digna
2403 5742 2574 5843 migma.

583 5875 741 5949 ceptum:
773 5861 857 5939 Non
880 5862 1027 5941 babebis
1045 5866 1140 5941 Deos
1159 5872 1313 5961 alienos,
1339 5876 1444 5970 longe
1466 5892 1568 5952 ante·
1617 5877 1876 5967 praestantibus
1899 5876 1985 5949 viris
2048 5876 2235 5971 praecipue
2255 5878 2300 5949 ad
2322 5862 2476 5943 Gloriam
2497 5836 2572 5915 θ’*
