5825 6950
336 710 393 794 stt
571 708 675 790 lllll.
725 708 760 783 8.
786 696 1084 781 Euuanarto
1110 700 1264 781 EPIST.
1289 694 1438 777 PAULI
1465 696 1535 772 att
1558 644 1835 780 hostanos(
1873 700 1977 783 CAP.
2006 704 2087 786 l'll.
2151 634 2160 647 ·
2266 706 2343 789 988

419 891 482 961 Ηὶι
503 886 721 957 severissime
745 884 896 955 taxanda
920 896 972 953 est
1004 880 1114 972 impia
1136 878 1296 950 doctrina
1450 872 1533 943 Alia
1557 884 1610 943 est
1632 875 1804 966 sapientia
1828 876 1972 969 politica
1996 881 2039 951 de
2054 882 2147 973 lege,
2172 885 2216 956 de
2238 888 2340 960 iusti-

333 990 584 1073 monachorum,
617 1011 708 1081 quae
737 987 807 1066 ait,
840 984 1099 1056 dubitationem
1124 1004 1198 1051 non
1224 1003 1297 1051 esse
1349 975 1419 1056 cia,
1446 988 1481 1046 et
1505 977 1551 1045 de
1573 977 1724 1051 delictis.
1767 976 1810 1047 ln
1837 981 1909 1050 vita
1931 984 2074 1073 politica
2096 986 2153 1057 lex
2176 990 2340 1081 regites-

331 1110 500 1191 peccatum,
515 1106 553 1161 et
571 1112 645 1160 uon
662 1088 815 1159 ostendit
831 1087 1109 1158 consolationem
1127 1080 1295 1153 quvan-
1350 1092 1449 1147 terna
1471 1078 1582 1163 facta,
1606 1102 1689 1165 seu,
1720 1094 1762 1151 ut
1791 1081 1947 1153 dicimus
1981 1086 2111 1158 usitate
2134 1086 2341 1162 Locomoti·

284 1228 285 1237 ¹
329 1201 404 1291 gelio
425 1194 659 1289 propositam,
694 1192 904 1284 quaelubet
929 1190 1069 1259 vincere
1099 1186 1297 1258 dubitatio·
1349 1203 1448 1266 vam,
1475 1193 1511 1250 et
1526 1180 1714 1273 disciplina
1732 1196 1874 1254 esterna
1889 1188 2097 1261 nominatur
2118 1192 2339 1286 iusticiapo·

284 1330 286 1377 t
330 1326 393 1371 „em
406 1300 492 1387 fide,
517 1310 559 1365 ut
573 1294 705 1365 dicitnr
722 1290 826 1365 Rom.
844 1290 898 1363 4.:
929 1292 1010 1361 ldeo
1028 1314 1067 1360 ex
1084 1290 1172 1372 fide,
1199 1302 1237 1358 ιιι
1250 1288 1295 1357 sit
1347 1280 1466 1372 litica,
1488 1293 1524 1352 et
1542 1296 1681 1354 tautum
1697 1298 1840 1356 externa
1863 1288 1995 1359 seelera
2020 1293 2240 1381 puniuntur,
2275 1298 2337 1365 sed

284 1390 285 1429 ³
328 1406 408 1472 firma
430 1397 626 1491 promissio.
653 1393 762 1468 Rom.
777 1391 813 1469 5.
830 1418 923 1485 cap:
946 1392 1127 1464 iustificati
1144 1392 1213 1460 lide
1233 1412 1294 1481 pa·
1346 1382 1477 1455 Paulus
1504 1384 1641 1478 iuquit:
1677 1385 1750 1457 Lex
1774 1389 1985 1479 spirituali&
2018 1393 2144 1482 idest,
2170 1418 2245 1466 '¹⁰¹¹
2269 1420 2337 1487 1¹⁰-

284 1514 285 1523 ’
328 1498 580 1573 rembalremus.
617 1492 883 1569 {chananaea
905 1496 1293 1587 Spiritussauctusar·
1344 1485 1441 1557 iiiito
1466 1491 1626 1569 lanium,
1650 1490 1711 1557 sed
1737 1492 1891 1582 postulat
1913 1508 2031 1565 motos
2053 1498 2270 1585 spirituales,
2296 1500 2335 1567 id

284 1594 285 1637 ³
328 1618 389 1695 guet
412 1604 585 1673 meandum
607 1603 653 1670 de
677 1610 839 1690 peccato,
867 1602 963 1691 quod
989 1620 1062 1665 nou
1087 1594 1292 1665 creduutin
1346 1602 1416 1667 est,
1439 1603 1675 1678 congruentes
1693 1614 1773 1659 curo
1795 1590 1871 1675 Deo
1888 1593 1924 1661 in
1945 1610 2062 1667 mente
2079 1613 2113 1670 et
2126 1602 2246 1680 corde,
2272 1623 2337 1670 ve.

328 1730 378 1777 m
427 1702 719 1775 Haemspmffi,
742 1701 834 1770 dim
859 1697 1292 1792 opponemtmmdubi.
1344 1713 1419 1757 ram
1443 1691 1559 1759 locem
1581 1696 1626 1761 de
1647 1690 1725 1764 Deo
1749 1707 1785 1764 ct
1808 1696 1990 1767 ardentem
2011 1698 2238 1773 dilectionem
2255 1699 2335 1773 Det.

328 1809 449 1891 tatioui,
480 1821 520 1877 ut
544 1805 725 1894 agnitione
749 1800 811 1870 lilii
837 1801 901 1872 Dei
926 1802 1137 1871 accendatur
1158 1800 1292 1867 lideset
1344 1787 1391 1863 Et
1414 1792 1653 1863 ministerium
1686 1808 1738 1867 est
1767 1797 1842 1880 lex,
1881 1822 1953 1889 quo
1984 1800 2085 1871 Deus
2111 1799 2336 1875 horribiliter

328 1912 516 1979 reviviscant
533 1909 641 1976 corda
656 1922 690 1978 et
706 1906 882 1975 laetentur
898 1906 935 1973 iu
955 1902 1047 1982 Deo,
1068 1903 1159 1971 sicut
1176 1901 1292 1993 iuquit
1343 1895 1498 1963 ostendit
1513 1894 1601 1965 iram
1617 1920 1717 1965 suasu
1733 1911 1855 1969 cosdra
1872 1915 2011 1989 peccata
2027 1901 2064 1971 in
2083 1906 2251 1975 omnibus
2265 1900 2335 1975 ho-

327 2008 488 2081 Eaechias:
518 2009 578 2078 'l‘u
603 2008 727 2077 eruisti
752 2006 907 2075 animam
924 2030 1058 2089 meam,
1085 2020 1123 2074 ut
1142 2028 1215 2072 nou
1231 2026 1291 2093 ps·
1343 1996 1523 2081 ffllsslbffl,
1549 1997 1612 2089 (1υἱ
1629 2021 1702 2067 ⁰⁰¹¹
1719 2016 1924 2087 ⁰⁰¹¹df¹¹¹¹¹¹l
1938 2028 2019 2073 ‘⁰¹¹¹
2035 2003 2130 2088 ⁰20·
2162 2008 2259 2079 ium
2273 2007 2334 2077 (ll-

282 2176 284 2185 ,
328 2116 430 2191 ricem,
456 2110 636 2202 proiecisti
653 2123 731 2199 post
754 2122 891 2199 tergum
909 2122 1048 2197 peccata
1065 2129 1153 2181 mea.
1343 2110 1438 2167 ctum
1460 2098 1505 2167 de
1525 2099 1702 2189 spirituali
1726 2101 1877 2174 iudicio:
1913 2101 2011 2175 Deus
2043 2122 2094 2181 est
2121 2108 2214 2197 iguis
2242 2132 2333 2181 coss·

283 2280 284 2283 ,
408 2214 488 2283 Post
505 2208 601 2281 hauc
617 2212 906 2299 consolationem:
917 2203 1024 2277 horno
1040 2208 1148 2278 servit
1171 2208 1209 2276 in
1224 2230 1290 2275 no-
1342 2221 1496 2271 sumens.

328 2318 413 2385 vitate
433 2316 600 2403 spiritus,
637 2315 769 2394 idest,
803 2314 840 2382 iu
867 2312 959 2379 vitae
982 2324 1145 2381 aeternae
1167 2308 1291 2391 initiis,
1443 2300 1760 2375 llancdoctrinacn
1776 2304 1820 2376 de
1836 2306 1911 2394 lege
1927 2308 2019 2378 etde
2037 2326 2197 2399 peccato,
2219 2334 2330 2407 quant

328 2420 507 2489 etmotilrus
524 2437 616 2509 quos
631 2416 790 2485 accendit
806 2412 961 2504 Spiritus
976 2426 1135 2497 sanctus,
1160 2411 1222 2504 qui
1240 2424 1289 2477 est
1342 2396 1399 2471 hic
1422 2400 1554 2473 P¹¹¹¹1¹¹¹
1578 2406 1721 2489 fecisti,
1751 2408 1828 2477 Vult
1851 2406 1947 2479 ⁰0⁰³
1970 2414 2127 2503 conspici
2150 2430 2184 2485 st
2206 2430 2330 2489 notam

329 2544 405 2589 auor
417 2534 449 2590 et
464 2520 600 2589 laetitia
616 2518 878 2599 substantialis,
907 2528 943 2584 et
956 2515 1126 2604 copulant
1144 2536 1209 2581 nos
1222 2513 1290 2580 sibi
1341 2525 1413 2574 ²³¹¹
1427 2504 1467 2573 in
1490 2502 1668 2591 Ecclesia,
1692 2508 1772 2577 vult
1785 2508 1937 2600 intelligi
1960 2513 2046 2607 quid
2070 2516 2116 2587 sit
2135 2528 2331 2608 peceatum,

331 2636 463 2691 aeternus
480 2632 583 2712 pater
597 2634 628 2689 et
646 2619 739 2689 lilius
759 2615 826 2688 hoc
850 2642 913 2687 suo
929 2618 1075 2707 spiritu,
1100 2616 1163 2709 qni
1184 2612 1289 2685 talem
1341 2603 1417 2677 vult
1448 2606 1531 2679 sciti
1559 2622 1738 2678 externam
1759 2611 1985 2702 disciplinam
2023 2638 2097 2689 non
2128 2617 2329 2689 maisncere

328 2747 453 2791 amorem
471 2738 504 2791 et
520 2722 693 2791 laetitiam
712 2721 880 2790 exuscitat
903 2720 939 2787 iu
962 2716 1224 2811 nobis‚=qualis
1239 2727 1289 2785 est
1340 2706 1408 2795 legi
1434 2707 1521 2794 Dei,
1553 2723 1588 2778 et
1612 2735 1687 2783 non
1718 2735 1791 2803 esse
1815 2712 1989 2785 iusticiam
2015 2740 2133 2790 coram
2158 2708 2255 2800 Deo,
2289 2732 2332 2791 nt

328 2826 410 2911 ipse..
438 2822 623 2895 Praecedit
644 2836 760 2893 autern
788 2818 879 2891 hauc
906 2820 1076 2891 laetitiam
1099 2822 1204 2889 dolor
1218 2819 1290 2899 ille,
1340 2810 1880 2899 ⁶⁰¹¹s¹¹ssl¹ffl¹1³²ds¹¹l⁰ffinels
1906 2817 2330 2893 ‘idlmmuthfflcdffi

328 2926 353 2993 iu
371 2950 434 3019 quo
456 2924 683 3016 agnoscimus
705 2938 906 3014 precatum,
950 2937 983 2993 et
1009 2922 1179 2991 sentimus
1200 2923 1287 2990 iram
1311 2918 1317 3031 Ι
1340 2914 1511 2998 ctrinam,
1536 2916 1581 2983 de
1604 2939 1673 3007 qua
1697 2916 1829 2987 dicitur
1851 2917 1891 2987 in
1913 2914 2038 2991 Esaia:
2070 2922 2211 2995 Noticia
2233 2922 2329 2997 servi

326 3024 374 3094 liei
394 3030 561 3109 adversus
586 3042 776 3117 peecatum.
831 3022 885 3093 De
915 3020 983 3095 hoc
1005 3025 1130 3093 dolore
1156 3022 1289 3119 inquit:
1342 3015 1413 3083 mei
1428 3014 1634 3087 iustificahit
1649 3018 1794 3089 multos.

327 3126 437 3199 llortru
453 3128 544 3221 legi,
571 3152 640 3222 qua
659 3128 788 3219 captivi
811 3127 1030 3197 tenebamur.
1443 3116 1592 3187 Summa
1614 3133 1730 3189 autem
1754 3114 1860 3190 huius
1883 3120 2099 3197 narrationis
2120 3128 2214 3217 apud
2231 3124 2327 3200 Pau.

1342 3220 1415 3289 lum
1431 3234 1501 3305 est,
1526 3222 1621 3313 quod
1642 3244 1716 3289 non
1735 3220 1846 3293 simus
1863 3222 1937 3313 lege
1955 3223 2058 3313 iusti,
2083 3243 2123 3300 ut
2136 3252 2239 3321 saepe
2254 3230 2326 3299 iam

346 3286 769 3407 Quidlb'iimdi‘ssmfssa
792 3286 1172 3390 Numlexl'mawm
1187 3289 1266 3365 ⁶⁸¹?
1342 3323 1474 3391 dictum
1490 3335 1559 3406 est,
1582 3337 1618 3393 et
1633 3321 1766 3393 Paulus
1781 3326 1978 3416 exemplum
2003 3331 2047 3399 de
2066 3353 2136 3401 usu
2160 3316 2248 3423 legis
2269 3353 2327 3401 ts·
2410 3394 2414 3402 ,

403 3424 483 3498 Post
504 3424 764 3516 digressionem
787 3424 880 3494 redit
912 3424 957 3492 ad
980 3423 1205 3496 collationem
1231 3446 1292 3494 su·
1341 3426 1442 3511 citat,
1467 3424 1636 3518 seipsum
1655 3449 1877 3520 proponens,
1902 3440 1935 3498 rt
1947 3428 2115 3526 ⁶loquitur
2127 3432 2224 3504 dese
2239 3456 2327 3506 con·

329 3551 375 3618 prt
396 3531 615 3612 institutam,
649 3531 693 3596 de
724 3540 884 3618 peceato,
919 3527 994 3615 lege
1025 3541 1061 3599 et
1084 3527 1215 3617 gratis:
1251 3550 1291 3596 ac
1341 3551 1441 3596 verso
1459 3529 1529 3598 iam
1542 3533 1586 3596 ad
1598 3525 1732 3613 Deum,
1756 3543 1790 3598 et
1803 3553 1865 3598 sua
1884 3554 2031 3622 persona
2049 3537 2327 3629 tauquamApo·

278 3673 280 3682 ι
326 3631 485 3722 praecipue
510 3628 574 3700 hic
597 3630 829 3698 concionatur
861 3631 905 3698 de
928 3652 995 3698 usu
1024 3629 1128 3719 legis,
1164 3642 1205 3701 ιιι
1226 3625 1292 3698 has
1343 3629 1445 3712 stoli,
1472 3629 1645 3721 significat
1659 3633 1779 3700 eadem
1802 3631 1878 3702 fieri
1902 3632 1941 3700 iu
1955 3635 2035 3705 aliis
2055 3637 2146 3709 vivis
2159 3639 2329 3710 mesnbris

278 3765 284 3798 ι
326 3733 394 3804 istas
411 3733 601 3826 opiniones
626 3755 700 3804 non
722 3745 859 3802 tanturn
886 3731 924 3798 in
944 3727 1103 3816 ludaeis,
1129 3733 1189 3803 sed
1207 3731 1286 3800 uni·
1342 3727 1541 3819 Ecclesiae,
1567 3735 1656 3802 sicut
1672 3731 1829 3822 exempla
1842 3735 2027 3808 universae
2041 3733 2218 3812 Ecclesiae
2230 3753 2329 3820 sunt.

278 3886 283 3901 .
324 3837 481 3906 versaliter
497 3837 541 3904 in
556 3833 726 3904 omnihus
740 3832 870 3902 anisnis
887 3828 1070 3906 haerentes
1085 3835 1259 3904 emendet.
1341 3835 1528 3905 conversio
1554 3829 1722 3921 Davidis,
1746 3831 1921 3906 Ezechiae
1935 3852 1969 3908 et
1985 3839 2150 3916 aliorum.

278 3975 280 3984 ν
404 3933 545 4008 Omnes
559 3936 655 4004 enim
672 3935 915 4024 imaginantur
927 3935 1164 4028 disciplinam,
1181 3959 1288 4029 quam
1440 3933 1489 4008 Ut
1514 3951 1630 4006 autem
1653 3934 1851 4027 exemplum
1875 3937 1934 4010 hat
1962 3941 2119 4030 illustre,
2152 3966 2327 4036 ponanars

278 4097 280 4120 ,
324 4029 409 4115 homo
430 4055 615 4132 utcunque
640 4053 816 4129 praestare
836 4050 971 4126 potest,
996 4039 1194 4108 satisfacere
1219 4037 1288 4126 legi
1338 4055 1408 4114 tres
1424 4034 1612 4109 hovuiunm
1630 4040 1770 4127 gradus.

278 4172 280 4206 ι
323 4133 391 4225 Dei,
412 4155 539 4212 stesse
557 4140 731 4210 iusticiam
755 4162 875 4209 coram
900 4135 997 4224 Deo,
1024 4163 1089 4210 nec
1113 4139 1210 4212 videt
1231 4164 1289 4209 ra·
1439 4137 1542 4213 Unus
1559 4153 1609 4212 est
1631 4141 1846 4226 carnalium,
1872 4140 1934 4237 qui
1957 4142 2083 4216 vivunt
2104 4147 2235 4240 securi,
2263 4169 2325 4218 seu

279 4239 280 4256 ¹
323 4240 855 4334 iomagnitudinempeccatiin
875 4237 1185 4318 naturahumana.
1338 4258 1377 4316 ut
1391 4241 1578 4336 Epicurei,
1606 4265 1667 4312 seu
1691 4256 1730 4313 ut
1753 4239 1953 4331 Pharisaei,
1978 4270 2044 4317 nec
2066 4243 2199 4321 habent
2222 4271 2325 4319 veros

402 4343 539 4418 Contra
562 4367 647 4416 vero
671 4343 802 4414 Paulus
826 4338 885 4413 hic
912 4344 1082 4430 affirmat,
1108 4343 1288 4414 neminem
1340 4369 1486 4440 pavores
1502 4345 1744 4416 cosrscieutiae.
1801 4345 1891 4416 Tale
1917 4347 2010 4420 vitae
2034 4372 2144 4440 genus
2162 4351 2325 4422 nominat

278 4515 279 4524 ,
324 4441 432 4520 'orhsc
450 4465 601 4520 naturae
630 4445 883 4536 depravatione
904 4444 974 4534 legi
998 4446 1063 4517 Dei
1089 4447 1291 4517 satisfacere
1341 4448 1397 4520 laic
1420 4449 1538 4518 vivere
1570 4447 1648 4518 sine
1680 4448 1771 4538 lege,
1805 4451 1937 4519 scilicet
1968 4450 2149 4522 iudicante
2182 4476 2244 4523 seu
2266 4474 2325 4520 ac-

278 4551 279 4558 ’
326 4567 425 4634 pesse,
456 4563 490 4622 et
515 4545 680 4620 homines
705 4570 930 4642 nequaquam
963 4549 1075 4619 iustos
1098 4573 1172 4620 esse
1203 4549 1290 4640 lege,
1339 4566 1502 4642 eusante,
1522 4549 1619 4644 -quia
1642 4547 1698 4618 lex
1719 4549 1846 4618 inillis
1870 4553 2031 4621 nondum
2057 4548 2164 4624 habet
2189 4551 2326 4645 priuci-

324 4651 430 4729 ssdah
453 4675 493 4724 ea
517 4651 657 4721 ostendi
682 4651 771 4720 iram
799 4650 864 4720 Dei
896 4651 1065 4722 adversus
1099 4667 1289 4740 peccatum.
1341 4656 1453 4746 palem
1478 4653 1661 4737 ellectum,
1691 4664 1729 4721 ut
1753 4654 1914 4722 ostendat
1930 4668 1964 4724 et
1978 4668 2116 4725 accuset
2132 4669 2325 4746 peccatum.

325 4745 428 4824 hstes
444 4753 519 4844 ipsa
537 4753 692 4824 ostendit
709 4751 860 4822 Paulum
875 4746 933 4821 hic
949 4777 1022 4822 non
1038 4753 1146 4824 riseri
1167 4756 1214 4823 de
1232 4777 1290 4823 ec-
1339 4757 1410 4829 Lex
1432 4756 1528 4826 enim
1549 4768 1633 4822 tuuc
1658 4775 1740 4821 vere
1760 4752 1833 4822 Lea
1858 4753 2008 4835 dicitur,
2041 4780 2121 4825 cum
2145 4761 2183 4825 in
2205 4768 2324 4825 mente

324 4855 490 4940 remoniis,
523 4857 586 4926 sed
609 4853 813 4926 concionari
840 4857 885 4922 de
908 4855 1094 4946 decalogo,
1128 4859 1173 4926 de
1199 4857 1292 4924 ine·
1341 4884 1419 4929 vere
1436 4856 1668 4942 intelligitur,
1693 4867 1726 4924 et
1749 4855 1881 4923 iudicat
1898 4871 1932 4926 et
1946 4873 2084 4930 accersat
2098 4862 2223 4943 corda,
2249 4880 2324 4927 non

324 4949 459 5026 rioribus
477 4955 597 5040 malis,
620 4960 663 5026 de
679 4956 835 5026 tenebris
852 4957 890 5026 io
907 4973 1024 5027 mente
1044 4955 1220 5041 hnmana,
1244 4961 1290 5026 de
1340 4986 1419 5034 curn
1433 4959 1576 5033 talurlae
1592 4957 1744 5048 pendent
1760 4956 1797 5024 iu
1815 4956 2019 5048 parietibus.

324 5051 550 5143 dubitatione,
589 5061 633 5128 de
660 5057 879 5148 neglectioue
907 5057 993 5144 Dei,
1030 5074 1065 5131 et
1098 5059 1290 5151 multiplici
1438 5063 1622 5133 Secundus
1643 5063 1773 5146 gradus
1794 5073 1844 5126 est
1868 5081 2009 5144 eorum,
2035 5059 2325 5154 quiopprirnnn·

324 5161 526 5230 contumacia
549 5161 589 5230 in
609 5161 716 5232 corde
736 5155 896 5230 humano
911 5163 1079 5231 adversus
1093 5163 1234 5247 Deum,
1256 5175 1290 5232 et
1340 5181 1398 5238 tur
1418 5164 1614 5236 terroribus
1642 5173 1676 5228 et
1705 5160 1919 5230 cruciatibus
1946 5161 2202 5245 conscientiae,
2233 5161 2326 5232 sicut

324 5255 359 5324 de
370 5254 531 5334 horribili
557 5262 690 5334 iudicio
710 5277 745 5333 et
768 5262 819 5333 ira
841 5260 908 5332 Dei
930 5267 1098 5334 adversus
1123 5261 1208 5334 haec
1230 5262 1286 5332 in·
1340 5267 1445 5340 ludas
1459 5279 1493 5336 et
1508 5265 1607 5337 Saul.
1646 5259 1694 5332 lli
1714 5264 2188 5355 quianonaodiamtvoeem
2203 5259 2327 5331 Evan-

324 5359 435 5432 teriora
451 5365 555 5436 mala.
609 5363 693 5436 ldeo
711 5365 794 5434 citat
811 5362 923 5452 legem
937 5389 979 5434 ex
994 5367 1180 5456 decalogo:
1207 5365 1289 5435 Non
1340 5369 1439 5459 gelii,
1470 5367 1704 5438 svrceuudumt
1735 5365 1773 5432 ln
1805 5361 1860 5432 lsis
1891 5365 2088 5434 terroriluas
2108 5379 2142 5436 et
2164 5364 2329 5435 sentiunt

324 5467 549 5551 mncvapisces,
574 5489 643 5560 qua
664 5467 903 5560 appellatione
927 5469 1099 5554 siguilicat
1122 5467 1213 5538 haenc
1235 5483 1289 5537 to·
1340 5495 1376 5542 se
1394 5469 1577 5554 damnari,
1599 5468 1681 5537 ideo
1704 5461 1761 5536 hic
1784 5465 1918 5559 inquit:
1948 5464 2122 5536 Veniente
2143 5467 2218 5556 lege
2241 5487 2325 5556 pss-

324 5569 382 5672 l¹¹¹¹
403 5561 575 5656 ἀταξίαν,
606 5573 652 5640 ds
671 5592 742 5663 qus
770 5567 864 5638 inira
888 5567 991 5640 dicit:
1017 5571 1150 5642 Seusus
1175 5569 1290 5642 cuuis
1340 5586 1456 5644 cattam
1478 5569 1626 5653 revisit,
1651 5568 1779 5652 idest,
1802 5567 2009 5656 sospitesse
2028 5570 2162 5652 allieas,
2187 5580 2222 5638 et
2238 5559 2326 5636 hor-

323 5661 492 5740 ¹¹¹¹micitia
515 5685 568 5742 est
590 5674 759 5742 adversus
781 5670 912 5740 Deum.
970 5667 1018 5743 tta
1046 5671 1211 5742 leremias
1233 5673 1289 5740 iu-
1340 5675 1438 5744 rilaili
1457 5687 1592 5744 terrore
1610 5695 1667 5740 me
1687 5669 1882 5760 oppressit.
1906 5681 1941 5739 et
1961 5693 2026 5757 ego
2051 5681 2213 5740 martarus
2232 5687 2326 5740 ιιιιι.

326 5763 405 5850 suit:
434 5768 643 5844 Perversum
666 5785 719 5844 est
745 5795 809 5844 cor
831 5765 993 5844 hominis
1013 5797 1093 5866 erge
1112 5775 1231 5846 omnia
1254 5787 1291 5845 et
1339 5776 1416 5848 Nisi
1429 5777 1525 5844 euim
1541 5772 1675 5843 Pardus
1687 5771 1879 5843 audivisset
1895 5793 2016 5840 vocem
2031 5767 2236 5862 Evangelii,
2250 5769 2327 5860 ipse

327 5883 569 5946 mousom.
1341 5876 1658 5976 quoquepeciisset
1683 5869 1796 5944 inhis
1812 5873 2023 5951 terroribus.
