5825 6950
454 775 457 779 Α
538 676 621 755 aas
929 694 937 711 ·
999 640 1005 710 3
1057 643 1093 713 ·⁵'
1150 656 1276 743 auu.
1303 632 2020 747 nan'sonurl'axroandl.”
2097 694 2154 713 ·-
2510 668 2580 743 aas
2654 664 2655 681 ³

543 834 712 943 peccata,
738 861 893 917 meretur
912 843 1018 914 nohis
1038 842 1279 913 remissionem
1300 856 1537 935 peccatorum.
1587 860 1655 909 nos
1676 841 1785 933 recipi
1806 854 1952 934 propter
1973 837 2070 931 huuc
2092 842 2337 915 resuscitatum
2358 838 2576 927 Dominum,
2654 854 2655 881 ¹

548 953 623 1025 Sed
643 949 851 1021 resurrectio
864 948 982 1039 iucoat
998 946 1106 1016 vitam
1121 946 1356 1014 immortalem
1371 945 1410 1014 in
1428 940 1538 1017 Chri·
1588 957 1623 1011 et
1639 942 1814 1014 credimus
1829 968 1912 1033 eum
1925 966 1999 1014 esse
2022 942 2201 1015 assiduum
2218 946 2487 1015 intercessorem
2517 968 2578 1033 pro

551 1070 626 1135 sto,
651 1075 720 1146 qua
735 1053 805 1121 iam
820 1051 943 1118 vivens
967 1046 1156 1137 reguat'ad
1173 1050 1330 1117 dextram
1345 1047 1478 1140 patris,
1503 1060 1538 1117 et
1587 1043 1710 1137 uobis,
1737 1060 1772 1115 et
1794 1069 1860 1115 nos
1876 1046 1991 1115 iuvari
2015 1048 2060 1117 ab
2087 1068 2128 1116 eo
2152 1059 2185 1116 et
2208 1046 2358 1117 defendi.
2424 1044 2475 1117 Et
2502 1070 2580 1115 cunr

551 1170 606 1227 est
620 1154 759 1237 ellicax,
779 1151 890 1223 mittit
905 1164 939 1220 et
955 1151 1126 1239 gubernat
1138 1146 1326 1239 Evangelii
1342 1150 1538 1235 ministros,
1589 1140 1675 1215 haec
1692 1146 1777 1217 fides
1794 1149 1839 1217 sit
1853 1148 2006 1219 incoatio
2024 1148 2117 1219 vitae
2135 1161 2294 1220 aeternae
2310 1148 2349 1217 iu
2364 1147 2492 1232 nobis,
2522 1172 2582 1214 ue-

554 1261 616 1327 dat
632 1255 807 1346 Spiritum
827 1266 986 1323 sanctum
1002 1250 1229 1321 audientibus
1243 1265 1278 1322 et
1291 1250 1538 1344 amplectenti·
1590 1270 1682 1317 cesse
1699 1263 1751 1320 est
1767 1271 1842 1317 cam
1860 1250 1899 1317 in
1915 1251 2137 1320 invocatione
2154 1251 2194 1318 in
2218 1250 2384 1341 periculis
2407 1264 2444 1321 et
2468 1252 2583 1320 actio-
2654 1266 2655 1301 t

551 1362 620 1431 bus
638 1355 894 1445 Evangelium,
931 1354 1118 1424 intercedit
1149 1376 1214 1444 pru
1244 1354 1375 1434 nobis,
1418 1368 1454 1425 et
1476 1356 1538 1425 dat
1589 1350 1696 1421 nibus
1718 1348 1825 1421 huius
1839 1351 1933 1421 vitae
1947 1352 2107 1446 quotidie
2122 1374 2286 1425 crescere.
2343 1438 2348 1447 ι
2388 1390 2394 1399 ·

552 1460 798 1532 remissionem
820 1470 1061 1548 peccatorum,
1101 1455 1245 1526 exaudit
1264 1477 1344 1525 -nos
1365 1456 1538 1525 invocan-
1679 1450 1816 1541 Quarto
1832 1453 1983 1523 illustria
1998 1454 2217 1541 testimonia,
2240 1454 2403 1525 videlicet
2416 1452 2585 1523 omnium

552 1580 625 1648 tes,
651 1560 809 1632 defendit
828 1573 864 1628 et
884 1572 999 1627 servat
1018 1550 1214 1628 Ecclesiam
1236 1581 1358 1649 suam,
1393 1558 1538 1649 depellit
1590 1554 1651 1648 qui
1667 1554 1834 1625 viderunt
1847 1549 2031 1627 Christum
2049 1571 2085 1627 et
2101 1556 2191 1628 elios
2206 1557 2441 1629 resuscitatos.
2500 1552 2585 1625 Fuit

553 1664 737 1748 diabolos,
777 1673 812 1730 et
841 1660 916 1729 eius
939 1681 1094 1749 organa,
1135 1673 1326 1753 tyrannos,
1367 1660 1539 1731 fanaticos
1591 1657 1685 1725 enim
1717 1658 1903 1728 manifesta
1934 1673 1969 1730 et
1997 1659 2202 1753 dulcissima
2230 1659 2475 1738 familiaritas,
2526 1678 2585 1745 per

555 1768 727 1858 spiritus,
765 1776 801 1832 et
837 1761 926 1831 alios
961 1761 1114 1851 impios',
1162 1762 1317 1853 denique
1355 1764 1539 1834 resuscitat
1592 1760 1667 1829 dies
1700 1757 1751 1829 40
1781 1755 1915 1833 Christi
1956 1772 1991 1831 et
2025 1761 2222 1831 multorum
2268 1759 2584 1848 resuscitatorum,

554 1882 738 1949 mortuos,
771 1877 807 1934 et
830 1865 891 1933 dat
911 1864 1023 1933 vitam
1055 1877 1233 1934 aeternam
1254 1864 1317 1951 iis,
1348 1864 1539 1956 inquibus
1591 1884 1671 1931 cum
1696 1860 1812 1930 Maria
1834 1876 1946 1933 matre
1970 1857 2125 1948 Christi,
2162 1862 2363 1954 Apostolis,
2406 1873 2443 1930 et
2472 1862 2584 1953 quin-

555 1973 625 2040 lide
645 1970 683 2036 iu
709 1964 777 2035 hac
799 1965 870 2035 vita
898 1966 1037 2034 incoata
1066 1980 1128 2054 est⁸
1144 1965 1302 2051 iusticia,
1338 1980 1371 2035 et
1395 1967 1541 2039 coniicit
1591 1964 1914 2055 gentislratribus.
1976 1962 2049 2035 Nec
2079 1965 2154 2035 ullo
2182 1988 2339 2058 unquam
2367 1978 2583 2055 temporeo

554 2072 594 2141 iu
610 2083 770 2141 aeternas
783 2088 915 2159 poenas
931 2088 1053 2137 omnes
1075 2067 1138 2159 qui
1160 2084 1380 2157 perseverant
1396 2068 1434 2138 io
1453 2094 1539 2139 con·
1592 2064 1768 2157 principio
1791 2066 1928 2157 generis
1959 2061 2109 2137 humaui
2138 2078 2242 2137 tanta
2256 2066 2369 2168 gloria
2391 2078 2583 2155 conspecta

555 2185 669 2246 temtu
690 2169 769 2246 Dei.
836 2167 933 2238 Haec
954 2170 1162 2239 admiranda
1184 2193 1290 2259 opera
1313 2172 1433 2242 omnia
1457 2184 1540 2243 sunt
1593 2180 1644 2237 est
1664 2169 1709 2238 ab
1731 2163 1938 2239 hominibus
1960 2168 1999 2237 in
2023 2164 2088 2238 hac
2111 2184 2216 2238 carne
2231 2169 2372 2239 mortali
2390 2160 2515 2237 adhuc
2532 2167 2585 2233 vi-

554 2275 700 2346 effectus
735 2270 1029 2357 resurrectionis,
1074 2293 1162 2364 quos
1191 2272 1260 2341 fide
1289 2274 1394 2343 nobis
1423 2274 1540 2366 appli-

555 2400 636 2446 care
656 2375 847 2463 discamus,
888 2374 1175 2466 quandocunque
1204 2376 1311 2443 corda
1341 2399 1423 2444 vere
1453 2400 1540 2446 con-

457 2502 461 2507 ·
555 2489 709 2550 sternata
723 2490 912 2567 conspectu
934 2489 1155 2567 peccatorum
1178 2476 1449 2547 luctantuccum
1468 2478 1540 2547 dit-

556 2580 702 2650 fidentia
716 2592 750 2649 et
763 2577 1028 2667 desparatione,
1052 2578 1203 2648 sciamus
1219 2592 1402 2650 aeternum
1419 2595 1455 2652 et
1471 2580 1539 2648 im-

554 2681 728 2753 mutabile
742 2681 949 2749 mandatum
963 2675 1031 2748 Dei
1051 2700 1144 2763 esse,
1167 2693 1209 2750 ut
1229 2680 1474 2771 confugiamus
1494 2683 1539 2752 ad

554 2782 670 2852 lilium
697 2780 766 2851 Dei
793 2782 1063 2866 resuscitatum,
1103 2780 1279 2853 sedentem
1312 2785 1357 2853 ad
1379 2786 1538 2855 dextram

556 2886 690 2956 aeterni
716 2884 844 2973 petria,
875 2898 911 2953 et
938 2885 1121 2954 credamus
1144 2906 1211 2963 nos
1234 2886 1345 2976 recipi
1371 2900 1406 2957 et
1432 2910 1539 2956 exau-

555 2988 641 3063 diri.
707 2984 792 3055 ldeo
817 2986 1025 3070 resurrexit,
1059 2999 1097 3057 ut
1120 2986 1300 3072 exaudiat,
1326 3000 1372 3058 *ut
1394 2989 1440 3060 sit
1463 2986 1540 3059 elfi-

554 3110 637 3171 cax,
666 3101 705 3157 ut
728 3088 827 3156 iuvet
850 3084 941 3156 hanc
962 3088 1126 3159 miseram
1152 3110 1300 3157 massam
1315 3092 1453 3179 generis
1469 3087 1540 3160 hu·

556 3190 672 3274 mani,
697 3211 803 3282 quam
819 3188 888 3257 sibi
903 3189 1081 3279 copulavit
1097 3202 1241 3259 aeterno
1256 3192 1409 3266 foedere.
1456 3192 1540 3262 Nou

555 3304 610 3361 est
630 3304 792 3361 mortuus
809 3302 843 3360 et
857 3290 991 3360 otiosus
1007 3286 1204 3372 Dominus,
1229 3306 1270 3363 ut
1285 3293 1424 3383 lingunt
1438 3320 1540 3364 meu-

555 3404 612 3462 tes
637 3392 714 3462 siue
735 3394 812 3462 luce
837 3386 1045 3482 Evangelii,
1077 3396 1139 3463 sed
1165 3416 1246 3463 vere
1269 3410 1321 3465 est
1345 3396 1540 3487 opitulator

555 3507 591 3565 et
612 3483 796 3579 salvator,
825 3517 907 3566 vere
933 3491 1050 3565 adhuc
1072 3497 1214 3567 clamat:
1257 3495 1386 3570 Venite
1408 3501 1452 3568 ad
1483 3525 1539 3570 me

552 3619 697 3681 omnes,
723 3597 787 3691 qui
801 3598 969 3667 laboratis
986 3612 1020 3669 et
1035 3599 1172 3669 onerati
1189 3598 1289 3682 estis,
1316 3613 1350 3670 et
1373 3624 1437 3690 ego
1459 3603 1539 3671 reli-

555 3699 646 3768 ciam
661 3723 735 3769 vos.
788 3696 1079 3788 Quamdislicilis
1098 3723 1153 3769 res
1178 3699 1279 3771 sitin
1297 3703 1388 3773 veris
1403 3703 1540 3773 dolori·

555 3801 622 3870 bus
645 3801 796 3872 excitare
825 3797 918 3871 hanc
946 3801 1090 3882 fidem‚·
1113 3803 1327 3893 experientia
1355 3819 1539 3893 monstrat,

554 3914 723 3972 ettamen
747 3924 887 3973 necesse
912 3916 965 3974 est
986 3903 1075 3972 disci
1095 3898 1182 3972 haec
1204 3905 1417 3990 certamina,
1445 3920 1478 3977 et
1500 3907 1539 3978 in

553 4004 607 4074 eis
629 4002 831 4074 confirmari
854 4005 985 4085 fidem,
1025 4004 1159 4075 intueri
1187 4006 1227 4073 iu
1253 4006 1366 4076 filium
1390 4003 1458 4078 Dei
1483 4032 1539 4079 re-

555 4105 760 4176 suscitatum
785 4117 819 4176 et
838 4103 1032 4191 Ecclesiam
1055 4119 1294 4196 praesentem,
1326 4109 1472 4200 perinde
1500 4135 1540 4182 ac

555 4207 585 4276 si
606 4209 719 4277 oculis
740 4209 900 4299 corporis
914 4231 996 4277 eum
1013 4229 1255 4293 cerneremus,
1282 4223 1315 4280 et
1331 4213 1539 4284 adiunctum

518 4395 521 4399 ⁴
553 4309 660 4378 nobis
674 4311 997 4402 complecteremur.
1050 4308 1098 4381 Ut
1121 4323 1238 4380 autem
1262 4307 1346 4384 haec
1370 4314 1458 4384 fides
1480 4339 1539 4384 ex-

555 4411 658 4481 citari
681 4413 809 4502 possit,
850 4433 990 4480 necesse
1018 4423 1069 4479 est
1097 4411 1297 4482 doctrinam
1324 4417 1467 4504 agnosci
1494 4417 1539 4487 de

554 4512 642 4598 lide,
679 4535 751 4606 qua
777 4512 887 4602 gratis
910 4525 1057 4604 propter
1076 4507 1259 4584 Christum
1290 4518 1461 4609 accipitur
1482 4541 1539 4588 re-

554 4613 675 4682 missio
689 4628 923 4704 pcccatorum.
974 4613 1096 4684 Donec
1110 4615 1204 4682 enim
1219 4609 1366 4689 haerent
1381 4621 1419 4688 in
1436 4644 1538 4689 men-

553 4715 651 4784 tibus
673 4714 864 4806 opiniones
888 4715 1026 4806 exlege
1047 4731 1202 4798 sumtae,
1234 4741 1309 4789 nou
1332 4721 1442 4814 recipi
1461 4745 1538 4809 nos,

554 4838 630 4883 uun
661 4817 848 4902 exaudiri,
889 4816 960 4886 uisi
1000 4818 1083 4888 satis
1114 4817 1160 4888 sit
1187 4821 1423 4908 meritorum,
1463 4847 1538 4894 non

553 4926 668 5008 potest
692 4940 793 4987 meus
814 4916 904 5008 erigi
926 4941 1008 4990 vera
1030 4920 1289 5009 consolatione,
1317 4938 1354 4997 et
1374 4947 1458 4997 vero
1480 4927 1538 4996 in-

551 5017 694 5090 tellectu
711 5019 965 5092 beneficiorum
987 5023 1267 5096 resurrectionis.

751 5185 891 5262 Stabat
912 5200 1037 5263 autem
1060 5181 1198 5264 Maria
1213 5193 1332 5294 saris.

1593 2270 1776 2356 ventibus,
1805 2282 1979 2363 quantam
2001 2270 2169 2341 viderunt
2192 2270 2303 2341 tancti
2327 2271 2400 2340 illis
2422 2266 2476 2339 40
2508 2268 2583 2337 die-

1593 2371 1670 2441 bus.
1721 2370 1847 2444 Voluit
1871 2372 1966 2441 enim
1989 2395 2053 2464 per
2074 2385 2128 2445 tot
2150 2373 2226 2442 dies
2250 2374 2344 2443 inter
2371 2394 2455 2443 suos
2473 2374 2583 2452 {com-

1592 2472 1725 2542 morari
1760 2487 1796 2546 et
1831 2472 2006 2566 conspici,
2046 2490 2088 2546 ut
2120 2474 2418 2545 confirmarentur
2456 2494 2582 2543 eorum

1592 2588 1727 2645 mentes
1743 2577 1787 2646 de
1801 2576 2076 2663 resurrectione,
2102 2599 2143 2648 ac
2164 2588 2259 2647 certo
2282 2588 2477 2647 statuerent
2496 2596 2580 2643 vere

1592 2678 1756 2747 revixisse
1786 2674 1999 2764 Christum,
2039 2702 2105 2749 nee
2127 2680 2354 2750 observatum
2378 2700 2446 2749 esse
2465 2674 2573 2743 inane

1592 2791 1793 2869 spectrum,
1829 2802 1932 2871 saepe
1960 2780 2130 2852 assedisse
2156 2794 2250 2853 totos
2275 2780 2352 2851 dies
2376 2780 2466 2871 apud
2488 2774 2578 2845 Ma-

1591 2880 1700 2967 riam,
1727 2885 1857 2973 primas
1871 2882 1950 2953 illas
1965 2894 2160 2970 matronas,
2184 2878 2316 2969 Evam,
2342 2880 2482 2965 Seram,
2504 2876 2583 2949 Ra-

1591 2978 1668 3063 hel,
1694 2982 1801 3055 Leam
1818 2998 1853 3057 et
1868 2985 1970 3070 alias,
1996 2998 2032 3055 et
2046 2985 2202 3074 singulas
2216 2986 2263 3055 de
2279 3008 2363 3055 suae
2377 2982 2505 3055 aetatis
2521 3004 2582 3071 pe-
2654 2986 2655 3001 ¹

1592 3085 1715 3154 riculis
1730 3100 1764 3157 et
1782 3086 1914 3156 divinis
1927 3086 2203 3159 liberationibus
2226 3087 2361 3157 locutas
2384 3108 2482 3171 esse,
2509 3084 2579 3151 imo
2654 3110 2655 3149 1

1591 3188 1711 3257 ettiam
1731 3191 1775 3259 de
1793 3188 1867 3257 lilio
1885 3187 1953 3260 Dei
1967 3210 2071 3280 saepe
2092 3187 2178 3259 olim
2202 3201 2389 3281 conspecto
2410 3212 2430 3258 a
2457 3186 2579 3278 primis
2654 3216 2655 3221 ¹

1592 3290 1818 3380 parentibus,
1844 3302 1878 3360 et
1899 3292 1945 3359 de
1966 3290 2029 3361 illa
2051 3290 2163 3382 gloria
2184 3302 2346 3361 aeternae
2366 3290 2484 3373 vitae,
2514 3308 2580 3380 qua
2654 3318 2655 3327 κ

1592 3390 1661 3459 iam
1684 3415 1721 3461 se
1742 3394 1912 3464 videbant
1938 3394 2086 3465 donatas
2107 3406 2142 3464 et
2163 3406 2306 3465 ornatas
2328 3415 2415 3467 esse.
2469 3390 2582 3480 Saepe

1592 3494 1794 3585 complexae
1816 3509 1901 3567 sunt
1924 3491 2078 3566 Mariam
2107 3510 2279 3591 tauquam
2307 3495 2444 3583 liliam,
2479 3496 2581 3586 eique
2654 3531 2655 3542 κ

1591 3595 1784 3686 gratulatae
1799 3610 1882 3669 sunt
1897 3599 1995 3690 quod
2010 3613 2124 3670 mater
2138 3613 2228 3672 esset
2249 3599 2313 3668 filii
2327 3595 2415 3678 Dei,
2442 3611 2478 3694 et
2503 3617 2582 3686 gra-

1592 3699 1660 3768 tias
1677 3713 1823 3789 egerunt
1839 3701 1935 3793 quod
1950 3699 1990 3768 in
2007 3699 2072 3770 filii
2089 3701 2251 3793 passione
2267 3699 2430 3792 ingentes
2438 3700 2582 3770 dolores

1591 3823 1661 3870 uua
1684 3802 1917 3874 sustinuisset.
1969 3797 2036 3874 Est
2057 3802 2167 3894 igitur
2193 3802 2436 3875 testimouium
2460 3823 2581 3870 resur-

1590 3904 1778 3988 rectionis,
1805 3924 1997 3976 conseusus
2019 3916 2055 3975 et
2074 3906 2284 3978 asseveratio
2300 3919 2353 3976 tot
2373 3900 2581 3985 hominum,
2654 3937 2655 3942 κ

1591 4005 1655 4099 qui
1681 4000 1808 4076 histo
1832 4005 1957 4076 diebus
1977 4005 2170 4080 lamiliarea
2199 4009 2345 4078 luerunt
2369 3999 2517 4077 Christo
2546 4019 2577 4074 et

1591 4107 1671 4177 aliis
1689 4107 1903 4179 resuscitatis
1917 4108 2059 4181 sanctis.
2109 4106 2249 4180 Deinde
2272 4105 2400 4180 horum
2417 4109 2578 4178 testimo·

1590 4209 1691 4279 nium
1708 4210 1939 4280 confirmatur
1952 4209 2122 4282 omnibus
2135 4210 2328 4304 miraculis,
2350 4234 2441 4302 quae
2453 4223 2578 4302 postca

1590 4312 1630 4380 iu
1653 4307 1811 4383 Ecclesia
1841 4335 1904 4403 per
1933 4308 2121 4403 Apostoles
2160 4327 2194 4384 et
2223 4313 2312 4383 alius
2350 4325 2456 4384 testes
2490 4313 2577 4380 facta

1592 4428 1685 4489 suut.
1746 4413 1884 4503 Quinto
1907 4413 2177 4488 considerentur
2199 4414 2292 4486 dicta
2313 4410 2575 4505 Prophetarum

1591 4519 1635 4586 de
1650 4515 1919 4597 resurrectione,
1946 4537 2036 4608 quae
2052 4515 2102 4587 ait
2116 4514 2244 4602 Lucas,
2265 4511 2450 4588 Christum
2467 4513 2575 4584 invia

1591 4619 1635 4688 ad
1654 4613 1785 4688 Emaus
1801 4637 1993 4688 enarrasse.
2044 4615 2150 4690 Sexto
2166 4620 2409 4690 consideretur
2421 4619 2576 4708 Aposto-

1591 4720 1708 4790 lorum
1733 4719 1941 4804 infirmitas,
1982 4717 2044 4813 qui
2074 4743 2148 4792 non
2173 4721 2289 4792 solum
2312 4731 2395 4790 aute
2419 4740 2577 4790 resurre-
2654 4753 2655 4784 t

1590 4822 1744 4894 ctionem
1760 4822 1862 4892 valde
1878 4820 2150 4909 dubitaverunt,
2176 4823 2237 4892 sed
2255 4822 2359 4894 etiam
2375 4836 2499 4915 postea
2522 4819 2574 4888 vix

1590 4924 1791 4995 confirmari
1817 4935 2028 5013 potueruut,
2061 4937 2095 4996 et
2115 4940 2233 4996 tamen
2263 4922 2303 4994 iu
2332 4919 2399 4994 hac
2423 4923 2574 4993 infirmi·

1589 5039 1661 5098 tate
1683 5048 1757 5094 non
1782 5023 2058 5111 abiicicbantur,
2091 5027 2174 5119 quia
2200 5025 2399 5098 doctrinam
2421 5040 2458 5098 et
2479 5025 2575 5096 testi·

1590 5129 1710 5198 monia
1733 5127 1837 5196 aride
1867 5125 2073 5200 audiebant.
2138 5125 2218 5198 Hoc
2241 5127 2443 5220 exemplum
2475 5149 2574 5222 saepe

1590 5231 1812 5321 multumque
1843 5227 2057 5318 cogitemus,
2095 5251 2176 5300 cum
2201 5243 2359 5302 nostram
2386 5230 2574 5302 iufirmita-

637 5320 833 5419 Praecipue
847 5329 892 5398 de
906 5329 1161 5402 resurrectione
1177 5327 1264 5402 haec
1277 5331 1535 5402 consideranda
1588 5343 1658 5402 tem
1679 5330 1880 5410 intuemur,
1912 5342 1947 5400 et
1967 5353 2111 5422 agamus
2123 5328 2200 5402 Deo
2221 5334 2372 5422 gratias,
2399 5333 2500 5426 quod
2521 5357 2573 5404 re·

547 5438 645 5496 sont.
697 5422 859 5500 Primum
875 5432 951 5522 ipsa
973 5427 1120 5502 historia
1138 5432 1417 5505 resurrectionis.
1469 5433 1534 5505 Se·
1587 5431 1673 5524 cipit
1695 5430 1867 5502 infirmos.
1925 5426 1996 5501 Sed
2018 5433 2170 5504 sciamus
2193 5433 2300 5504 etiam
2322 5449 2491 5526 oportere
2513 5455 2574 5506 nos

549 5529 669 5596 cunda
687 5531 851 5618 effectus,
880 5534 1034 5620 scilicet,
1060 5539 1156 5627 qrmd
1181 5559 1246 5626 per
1267 5530 1451 5605 Christum
1474 5557 1533 5605 re·
1586 5533 1718 5603 dociles
1739 5553 1831 5617 esse,
1857 5531 1981 5602 audire
2007 5551 2042 5606 et
2064 5535 2231 5606 meditari
2250 5533 2511 5625 Evangelium,
2542 5549 2572 5606 ct

547 5630 771 5716 suscitatum,
794 5628 833 5703 et
855 5649 999 5725 propter
1015 5659 1096 5705 eum
1112 5638 1314 5707 redduntur
1335 5637 1475 5707 iusticia
1498 5651 1533 5708 et
1585 5633 1623 5703 in
1639 5635 1732 5704 veris
1752 5633 1925 5705 exercitiis
1938 5635 2049 5724 magis
2070 5631 2250 5730 magisque
2270 5639 2435 5709 accedere
2457 5639 2571 5709 iidem.

547 5728 620 5800 vita
642 5739 804 5817 aeterna,
837 5750 879 5805 ut
901 5737 1035 5808 dictum
1058 5749 1123 5806 est.
1190 5735 1317 5807 Tertio
1341 5739 1531 5828 applicatio
1584 5734 1680 5805 Haec
1699 5758 1760 5806 sex
1783 5737 1897 5826 capita
1928 5735 2084 5808 breviter
2113 5739 2293 5824 recensui,
2325 5752 2366 5811 ut
2390 5737 2569 5831 praecipui

545 5851 637 5922 quae
649 5833 688 5904 tit
709 5833 751 5903 iu
763 5830 918 5909 hacvita
938 5861 1003 5932 per
1024 5837 1148 5922 fidem,
1174 5861 1243 5934 qua
1258 5841 1435 5913 credimus
1448 5863 1531 5912 vere
1583 5837 1652 5910 loci
1669 5837 1853 5911 doctrinae
1865 5839 1911 5910 de
1928 5839 2184 5914 resurrectione
2199 5841 2309 5934 magis
2326 5841 2567 5936 introspecta
