5825 6950
549 634 627 759 40'7
873 621 878 625 ’
1138 658 1265 735 euro.
1290 654 1409 736 um.
1435 655 1648 739 sonum
1673 652 1977 736 uxucmrce.
2011 722 2014 729 .

558 852 710 950 gelium,
744 844 1054 921 sacramentorum
1074 831 1438 917 administrationem,
1462 854 1549 904 eon·
1598 832 1790 906 dictionem
1807 834 2044 927 superiorem,
2076 829 2207 920 idest,
2231 830 2365 905 iudicia
2385 854 2506 905 rerum
2527 860 2575 909 ca-

558 957 747 1029 lessionem
780 944 986 1037 Evangelii,
1026 942 1138 1012 multa
1165 937 1365 1009 testimonia
1393 934 1549 1030 Spiritus
1599 935 1782 1029 pitalium,
1808 950 1849 1009 ut
1869 950 2006 1009 norunt
2025 936 2253 1008 mediocriter
2273 936 2392 1023 docti,
2422 941 2574 1030 saepein

561 1058 673 1132 sancti
696 1056 736 1125 in
760 1049 985 1121 invocatione
1011 1057 1047 1115 ct
1070 1044 1108 1111 in
1137 1039 1407 1110 afflictionibus.
1458 1037 1548 1112 Cum
1599 1038 1857 1129 gubernatione
1872 1036 1936 1110 bas
1951 1039 2268 1131 partesadirersis
2283 1039 2469 1131 possideri.
2504 1039 2574 1113 ideo
2634 1060 2635 1073 ¹

563 1160 657 1235 enim
686 1157 773 1228 velit
804 1152 903 1225 Deus
933 1172 969 1219 se
993 1160 1027 1217 ct
1052 1146 1166 1215 filium
1197 1164 1301 1213 suum
1330 1142 1551 1213 innotescere
1601 1155 1717 1212 autern
1734 1136 2575 1229 haecrecitantur,utdiscamusconrenirehanc
2630 1212 2631 1217 ,

562 1262 729 1336 omnibus
746 1252 977 1336 hominibus,
1003 1262 1038 1319 et
1051 1244 1210 1317 invocari
1225 1245 1264 1311 in
1279 1266 1406 1334 genere
1423 1237 1550 1315 buma-
1601 1239 1786 1315 bistoriam
1808 1246 1854 1315 ad
1878 1257 2017 1335 tempus
2038 1244 2191 1315 Messias
2206 1244 2423 1335 praediolum
2442 1244 2481 1315 in
2499 1242 2577 1315 Pro-

563 1390 633 1448 no,
680 1361 757 1431 vult
778 1353 973 1427 Ecclesiam
1007 1372 1107 1419 suam
1134 1341 1291 1439 conspici
1324 1359 1359 1415 et
1381 1347 1552 1421 exaudiri.
1602 1340 1737 1437 phetis,
1768 1347 1832 1443 qui
1856 1347 2065 1437 praedicunt
2086 1343 2269 1418 Christum
2292 1358 2488 1419 venturum
2516 1370 2578 1419 ces-
2634 1396 2635 1436 ,

565 1466 687 1557 Quare
708 1483 784 1533 non
808 1440 970 1551 putemus
986 1449 1179 1521 Ecclesiam
1201 1472 1276 1519 esse
1293 1447 1410 1519 ideam
1428 1446 1552 1521 Plato·
1602 1460 1701 1519 sante
1723 1470 1831 1537 regno
1849 1446 1937 1518 luda
1958 1450 2065 1540 paulo
2082 1463 2164 1521 ante
2179 1448 2448 1539 dissipationem
2465 1471 2578 1519 secun·

566 1570 705 1650 nicam,
731 1584 821 1657 quae
843 1579 1018 1652 nusquam
1041 1551 1198 1641 conspici
1220 1550 1352 1642 possit,
1386 1551 1446 1619 sed
1471 1551 1553 1621 uhi·
1604 1553 1684 1619 dam
1702 1552 1817 1639 gentis
1836 1548 2022 1636 iudaicae,
2044 1565 2085 1622 ut
2103 1554 2141 1621 in
2157 1551 2310 1623 Daniele
2332 1551 2427 1621 clare
2448 1551 2577 1629 dicitur.
2634 1576 2635 1583 ³

567 1692 708 1761 cunque
722 1678 771 1733 est
787 1676 924 1740 coetus,
949 1679 1070 1726 revera
1090 1654 1364 1725 fondamentum
1382 1651 1554 1739 retinens,
1604 1650 1674 1721 Hic
1691 1674 1774 1723 vero
1789 1652 1894 1723 etiam
1911 1653 2170 1735 consideretur,
2204 1655 2385 1747 quomodo
2403 1650 2501 1725 Deus
2518 1676 2578 1723 ser·

568 1773 606 1842 id
622 1785 691 1853 est,
716 1764 885 1836 articulos
902 1760 1004 1843 fidei,
1028 1771 1063 1827 et
1086 1780 1161 1825 non
1183 1756 1376 1824 defendens
1398 1756 1555 1847 pectina·
1605 1768 1663 1827 vet
1677 1776 1776 1825 suam
1791 1750 1985 1827 Ecclesiam
2006 1757 2045 1825 in
2063 1758 2178 1828 media
2199 1755 2389 1839 servitute,
2415 1767 2458 1825 ut
2479 1756 2578 1827 discs-

569 1874 656 1944 citer
669 1869 783 1949 idola,
807 1864 860 1933 ibi
874 1875 928 1933 est
943 1884 1024 1930 vere
1041 1853 1239 1929 haereditas
1254 1850 1406 1942 Christi,
1432 1871 1468 1928 et
1486 1859 1555 1927 ali·
1606 1880 1684 1925 mus
1691 1907 1704 1941 ,
1744 1880 1818 1927 uon
1842 1870 1987 1949 propter
2008 1853 2163 1931 humana
2191 1856 2368 1950 praesidia
2397 1852 2579 1927 Ecclesiam

570 1998 639 2068 qua
666 1968 826 2041 membra
853 1966 962 2035 electa
989 1976 1073 2033 sunt
1106 1960 1152 2029 ad
1183 1971 1362 2028 aeternam
1394 1958 1557 2048 gloriam,
1607 1982 1750 2029 manere
1777 1973 1958 2051 perpetuo.
2014 1956 2105 2032 Erat
2131 1959 2374 2032 testimonium
2407 1959 2486 2031 irae
2512 1960 2578 2046 Dei,

570 2073 706 2147 etiamsi
724 2082 809 2140 sunt
822 2062 1025 2144 dissimilia,
1050 2061 1120 2132 alia
1138 2060 1371 2131 imbecilliora
1387 2062 1479 2135 aliis.
1608 2062 1703 2154 quod
1723 2062 1918 2133 subiecerat
1941 2063 2113 2153 populum
2127 2059 2321 2147 Romanis,
2347 2084 2504 2155 quorum
2526 2062 2579 2130 im-

672 2173 858 2263 Quantum
884 2181 1002 2238 autem
1025 2164 1111 2234 mali
1133 2164 1199 2242 sit,
1226 2164 1477 2233 transformare
1498 2188 1556 2233 re·
1608 2163 1706 2255 peria
1729 2166 1813 2235 salis
1831 2166 1922 2234 dura
1940 2179 1974 2235 ct
1989 2178 2134 2235 cruenta
2155 2178 2277 2245 crant,
2302 2164 2409 2235 multi
2426 2158 2580 2235 haeredes

570 2301 681 2371 gnum
689 2269 823 2349 Christi
836 2273 875 2341 iu
892 2267 1088 2363 politicum,
1104 2261 1171 2335 hac
1187 2264 1262 2356 ipsa
1278 2264 1432 2355 imagine
1445 2264 1555 2355 signi·
1608 2265 1700 2335 vitae
1715 2280 1877 2339 aeternae
1892 2266 2082 2337 crudeliter
2098 2267 2422 2357 interficiebantur,
2451 2280 2485 2338 et
2500 2266 2581 2335 mili·

571 2385 712 2453 licatum
730 2388 799 2462 est,
823 2374 919 2468 quod
941 2365 1103 2443 Christus
1121 2366 1330 2460 producitur
1346 2368 1382 2435 in
1399 2390 1557 2459 purpura
1608 2380 1684 2439 tum
1710 2368 1905 2459 petulantia
1934 2368 2173 2460 dissipabatur
2191 2365 2393 2460 disciplina.
2449 2366 2579 2440 interim

569 2499 605 2555 et
620 2475 949 2575 spiniscoronatus.
1000 2470 1074 2543 Nec
1090 2471 1241 2541 dubium
1258 2480 1311 2539 est
1332 2464 1424 2539 banc
1444 2470 1555 2561 ipsam
1608 2483 1745 2556 tamen,
1761 2483 2115 2563 utpossentmanere
2131 2471 2293 2541 doctrino
2309 2470 2485 2553 etcultus,
2500 2468 2580 2539 Deus

571 2582 813 2657 tristissimam
835 2576 1006 2669 speciem,
1033 2586 1209 2643 ostensam
1233 2593 1308 2641 esse
1327 2566 1421 2641 hane
1445 2572 1556 2663 ipsam
1610 2572 1649 2641 in
1671 2574 1840 2645 inferiore
1862 2572 2108 2644 iurisdictione
2137 2572 2250 2645 voluit
2273 2570 2414 2643 ludaeis
2440 2569 2580 2645 αὐτονο-

573 2690 621 2758 ob
637 2706 796 2766 causam,
822 2679 906 2774 quia
922 2673 981 2747 bic
996 2698 1097 2745 error
1112 2675 1152 2742 in
1168 2670 1324 2743 Ecclesia
1338 2673 1409 2743 late
1423 2696 1559 2762 grassa·
1609 2671 1704 2767 μίαν
1726 2676 1891 2760 concedi,
1917 2676 2008 2747 sicut
2023 2699 2120 2747 nunc
2140 2676 2206 2749 sub
2224 2672 2355 2746 Turris
2373 2690 2454 2747 sunt
2464 2672 2574 2745 Eccle-

573 2804 676 2862 turus
699 2795 798 2855 esset.
849 2777 1037 2851 Romanus
1051 2774 1217 2847 Pontifex
1237 2774 1481 2865 multipliciter
1502 2776 1559 2844 iu·
1610 2778 1680 2849 siae
1698 2780 1737 2847 in
1753 2778 1874 2849 multis
1892 2778 1991 2849 locis.

574 2891 650 2983 jicit
665 2906 857 2981 purpuram
871 2877 1034 2959 Christo,
1060 2892 1096 2951 et
1110 2890 1257 2948 coronat
1273 2899 1355 2945 eum
1371 2877 1499 2968 spinis,
1521 2890 1562 2947 ut
1711 2878 1791 2954 Hoc
1810 2880 1920 2971 igitur
1941 2878 2100 2971 exemplo
2115 2880 2310 2959 discamus,
2337 2903 2414 2951 non
2429 2873 2580 2949 humanis

574 3016 655 3063 cum
675 2988 828 3059 affirmat
847 2981 996 3075 imperia
1017 2980 1143 3052 mundi
1168 2979 1318 3069 petenda
1342 3001 1414 3049 esse
1437 3003 1457 3048 a
1479 2981 1560 3049 sede
1611 2982 1769 3053 consiliis
1782 2996 1846 3055 aut
1862 2982 1999 3052 viribus
2014 2982 2147 3052 servari
2163 2978 2359 3069 Ecclesias,
2376 2997 2412 3054 et
2428 3004 2508 3053 cum
2522 3004 2580 3050 ser·
2634 3048 2635 3077 ἶ

573 3092 759 3172 Romana,
799 3100 840 3157 ut
862 3086 902 3153 in
926 3106 1058 3154 corona
1084 3076 1271 3171 Rodolphi
1292 3080 1383 3171 Imp.
1404 3081 1561 3172 scripsit:
1612 3086 1722 3157 vitute
1735 3083 1991 3183 opprimimur,
2015 3082 2167 3154 sciemus
2184 3098 2352 3177 tanquam
2370 3106 2520 3175 poenam
2540 3096 2579 3151 to·

572 3186 910 3272 PetradeditPetro‚
925 3184 1050 3255 Petrus
1064 3179 1441 3275 diademaRodolpho.
1469 3182 1562 3255 Sunt
1612 3190 1793 3257 lerandam
1815 3210 1907 3272 esse,
1933 3210 1998 3257 nee
2019 3200 2136 3255 tamen
2157 3199 2344 3283 propterea
2364 3183 2579 3257 Ecclesiarna
2634 3243 2635 3253 ,

575 3297 681 3368 etiam
702 3292 846 3393 spinae,
871 3310 1025 3360 canones
1045 3289 1091 3357 de
1110 3287 1263 3373 primatu
1279 3300 1314 3357 et
1328 3287 1451 3357 multis
1464 3310 1561 3359 cere-e
1612 3286 1688 3361 Deo
1705 3292 1874 3361 abiectam
1894 3311 1985 3370 esse,
2019 3301 2079 3359 aut
2095 3288 2171 3357 sine
2186 3290 2330 3358 custode
2342 3311 2430 3362 esse.
2486 3286 2581 3375 Vaga·
2634 3380 2635 3383 Ἴ

575 3397 728 3481 moniis,
755 3413 842 3489 quas
856 3391 957 3480 fingit
972 3412 1045 3458 esse
1062 3387 1197 3470 cultus,
1223 3400 1257 3458 et
1273 3387 1418 3482 quidem
1432 3412 1562 3484 neces·
1611 3394 1743 3463 bantur
1758 3406 1793 3462 et
1808 3392 1870 3462 illo
1885 3404 2061 3483 tempore,
2088 3404 2123 3458 et
2142 3405 2245 3460 autea
2264 3390 2302 3457 in
2320 3389 2455 3460 ltrdaea
2472 3389 2582 3459 exerci-

575 3501 686 3570 serios
704 3498 750 3567 ad
765 3509 944 3566 aeternam
960 3485 1122 3562 solutam·
1170 3487 1230 3561 Sic
1248 3505 1395 3580 peccant
1410 3505 1446 3560 et
1462 3489 1560 3566 Anae
1613 3509 1668 3566 tus
1684 3490 1858 3576 Parthici,
1883 3492 2058 3577 Romani,
2085 3491 2301 3578 Herodiani,
2326 3517 2366 3562 ac
2383 3494 2518 3563 mirum
2537 3505 2583 3574 est,
2634 3485 2635 3560 Ῐ

574 3600 767 3692 baptistae,
789 3596 852 3676 qui
867 3595 960 3684 leges
976 3597 1020 3662 de
1034 3591 1217 3661 Platonica
1242 3592 1562 3662 communicatione
1613 3599 1652 3666 in
1669 3597 1776 3668 tantis
1790 3596 1986 3667 latrociniis
2003 3609 2119 3665 tamen
2135 3597 2296 3666 defensas
2311 3617 2405 3680 esse,
2432 3611 2472 3668 et
2486 3617 2583 3665 serva·

575 3727 716 3786 rerum,
752 3712 787 3770 et
809 3701 853 3768 de
872 3719 966 3766 nova
982 3697 1095 3764 iorma
1111 3694 1379 3782 magistratuum
1407 3709 1441 3764 et
1466 3693 1562 3762 iudi·
1614 3714 1668 3770 tas
1684 3699 1855 3788 virgines,
1880 3712 1914 3768 et
1930 3713 2110 3770 matronas
2126 3697 2242 3770 Deum
2261 3721 2341 3768 vere
2362 3698 2536 3782 colentes,
2556 3708 2584 3764 ut

575 3804 714 3874 ciorum
731 3800 863 3873 lerunt.
915 3795 964 3894 Et
985 3798 1113 3890 passim
1134 3795 1199 3864 alii
1222 3795 1359 3866 indocti
1379 3818 1484 3886 saepe
1505 3810 1562 3866 tu·
1614 3796 1818 3886 Elisabeth,
1842 3795 2006 3880 Annam,
2033 3798 2204 3887 Mariam,
2228 3811 2263 3870 et
2283 3801 2370 3870 alias
2392 3801 2585 3873 innumera·

576 3907 802 3976 multuautur
826 3903 866 3970 in
892 3899 1095 3970 civitatibus
1120 3898 1166 3967 de
1202 3897 1354 3986 negotiis
1385 3897 1565 3982 civilibus,
1614 3905 1714 3978 biles,
1755 3900 1804 3974 Ut
1819 3903 1926 3992 igitur
1940 3904 1989 3994 pii
2004 3917 2089 3974 tunc
2103 3901 2231 3972 servati
2248 3916 2349 3987 eunt,
2367 3913 2401 3972 et
2416 3906 2583 3974 defensum
2634 3977 2635 3980 ,

577 4002 951 4100 alienis-aministerio
968 4000 1188 4091 evangelico,
1213 4001 1306 4069 inter
1322 3995 1388 4069 hos
1402 4000 1465 4093 qui
1481 4017 1565 4070 suut
1615 4021 1666 4078 est
1681 4005 1939 4088 ministerium,
1982 4003 2584 4097 ltasciamusnuncquoqueDeum
2634 4071 2635 4074 ,

578 4106 770 4189 sanabiles,
802 4105 1009 4174 intueantur
1023 4099 1207 4175 Christum
1222 4101 1390 4171 amictum
1407 4126 1564 4198 purpura
1614 4106 1790 4178 Ecclesiae
1803 4119 2023 4176 servaturum
2041 4128 2134 4190 esse,
2149 4106 2288 4177 etiamsi
2303 4104 2438 4176 fuerint
2461 4127 2584 4199 oppres·
2634 4193 2635 4202 ἵ

579 4223 614 4280 et
632 4219 843 4281 coronatum
865 4205 998 4298 spinis,
1032 4218 1067 4275 et
1089 4203 1253 4272 desinant
1279 4203 1489 4275 tumultuari
1521 4206 1564 4274 de
1614 4233 1673 4280 sae
1688 4209 1867 4283 servitute.
1910 4204 1958 4277 Et
1972 4199 2117 4302 quidem
2133 4205 2331 4299 exemplum
2347 4209 2469 4298 gentis
2487 4206 2586 4280 ludai-
2634 4267 2635 4274 ,

578 4306 931 4402 negotiisalieuisab
949 4304 1151 4396 evangelico
1170 4304 1371 4376 ministerio
1397 4306 1564 4398 necapiti
1615 4311 1880 4400 caesiguificat,
1919 4311 2022 4380 etiam
2048 4332 2144 4381 nunc
2168 4311 2355 4402 postremis
2382 4311 2586 4403 temporibus
2634 4301 2635 4382 J

579 4409 716 4485 Christi
738 4409 887 4500 inligant
905 4422 938 4479 et
955 4408 1022 4497 ipsi
1039 4407 1176 4497 spinas,
1201 4419 1235 4476 et
1251 4431 1331 4476 eum
1349 4408 1562 4482 contumelia
1615 4417 1741 4484 duram
1764 4429 1798 4486 et
1818 4414 1952 4484 tristem
1973 4412 2179 4482 servitutem
2197 4415 2353 4485 suturam
2374 4433 2473 4502 esse,
2499 4431 2588 4508 quarn
2634 4397 2635 4408 ¹

578 4515 753 4598 afficiant,
785 4513 875 4582 sicut
898 4509 1027 4580 milites
1049 4509 1240 4600 illudentes
1265 4508 1453 4600 inquiunt:
1486 4504 1564 4579 Ave
1616 4531 1654 4588 ut
1670 4514 1767 4588 Deus
1784 4515 1940 4608 mitiget,
1964 4535 2118 4585 oremus.

578 4641 641 4686 rex
662 4617 884 4687 ludaeorum.
936 4612 1036 4682 Haec
1051 4614 1097 4681 de
1116 4611 1216 4700 regni
1230 4607 1361 4682 Christi
1377 4626 1411 4681 et
1428 4611 1562 4704 politici

579 4716 809 4800 discrimine,
834 4713 900 4784 etsi
922 4713 1077 4784 breviter
1093 4706 1254 4782 hocloco
1271 4714 1362 4781 dicta
1380 4710 1483 4798 sunt,
1510 4727 1563 4784 ta-

579 4842 663 4886 men
678 4839 780 4906 saepe
792 4828 877 4887 sunt
895 4819 1105 4907 repetenda,
1120 4814 1202 4907 quia
1218 4816 1373 4884 mundus
1387 4816 1562 4908 multipli-
1953 4814 2089 4926 Caput
2162 4814 2285 4907 XIX,

581 4919 668 4990 citer
681 4919 722 4988 in
737 4917 945 4989 confusione
960 4913 1068 4988 huius
1083 4916 1298 4987 discriminis
1315 4930 1444 5008 peccat.

1719 5031 1830 5108 Actus
1845 5047 1992 5129 quartus
2012 5033 2086 5102 fere
2109 5033 2154 5102 ab
2171 5026 2279 5102 horae
2295 5045 2410 5102 sextae
2427 5033 2531 5105 initio
2545 5053 2590 5100 es-

878 5146 881 5150 ’
931 5165 956 5217 n
973 5177 990 5216 e
1038 5174 1056 5230 q
1072 5175 1093 5233 ¹¹.
1107 5163 1118 5216 ι
1134 5175 1154 5216 1,
1174 5167 1227 5218 t„
1618 5137 1780 5220 ordiens,
1796 5138 1955 5208 continet
1971 5131 2077 5204 horas
2090 5149 2179 5220 tres,
2193 5148 2228 5205 et
2241 5133 2425 5228 aliquanto
2440 5135 2590 5226 amplius.

1619 5237 1707 5308 Nam
1733 5234 1898 5312 Christus
1928 5234 2016 5308 hora
2038 5259 2133 5306 noua
2157 5251 2318 5308 mortuus
2341 5251 2413 5320 est,
2455 5255 2591 5328 cumque

681 5334 756 5409 Cur
767 5333 889 5409 Iudaei
903 5337 1040 5409 dicant:
1054 5336 1168 5409 Nobis
1183 5362 1258 5411 non
1273 5338 1354 5409 licel
1369 5337 1568 5409 interlicere
1617 5341 1751 5411 luerint
1767 5331 1875 5412 horae
1888 5333 2052 5433 καιρικαὶ
2067 5339 2216 5410 usitatae
2233 5361 2275 5409 eo
2296 5351 2456 5428 tempore
2472 5353 2590 5410 sertam

581 5463 804 5534 quenquam,
831 5462 905 5510 nou
928 5442 1057 5510 frustra
1080 5440 1120 5510 lit
1142 5442 1279 5511 mentio
1301 5441 1482 5511 servitutis
1505 5437 1567 5510 lu·
1617 5443 1768 5513 sciamus
1783 5465 1856 5514 esse
1872 5443 2104 5513 meridianam
2120 5437 2264 5524 horam,
2290 5440 2422 5510 deinde
2438 5465 2524 5511 vero
2539 5461 2592 5508 uo·

580 5537 840 5614 deicaeiuhoc
860 5541 950 5616 loco.
1002 5541 1093 5611 Nam
1115 5534 1203 5612 haec
1225 5544 1331 5612 verba
1354 5542 1564 5631 significant,
1617 5567 1719 5628 nam,
1744 5543 2220 5638 quaenobisestameridie
2238 5543 2352 5614 tertia.
2404 5540 2591 5615 Continen-

580 5646 696 5737 qualis
712 5656 798 5714 tunc
812 5645 1022 5734 gubernatio
1037 5638 1146 5714 huius
1168 5645 1291 5734 populi
1314 5646 1433 5717 suerit.
1485 5642 1564 5716 Ro-
1615 5659 1674 5716 lur
1694 5661 1810 5718 aulem
1826 5649 1865 5716 in
1886 5642 1953 5718 hoc
1967 5661 2046 5718 actu
2060 5644 2309 5716 condemnatio
2333 5645 2423 5716 facta
2440 5667 2459 5714 a
2475 5643 2592 5722 Pilato,

576 5748 676 5818 mani
689 5758 935 5818 concesserant
949 5743 1090 5818 Iudaeis
1107 5741 1342 5838 αὐτονομίαν
1360 5747 1399 5815 in
1415 5747 1512 5818 cultu
1528 5761 1562 5816 et
1613 5749 1826 5840 supplicium
1841 5743 1994 5830 Christi,
2022 5748 2114 5818 dicta
2138 5747 2215 5817 eius
2239 5747 2277 5815 in
2300 5767 2424 5829 crure,
2449 5767 2544 5816 mors
2564 5755 2591 5810 et

574 5847 821 5921 iurisdictione
849 5848 1033 5931 inferiori,
1067 5850 1134 5922 sed
1162 5849 1346 5922 demerent
1374 5847 1560 5920 eisiuris-
1612 5849 1805 5943 sepultura.
1857 5851 1969 5947 S‘sepe
1985 5863 2102 5924 autem
2125 5849 2195 5921 iam
2212 5848 2347 5924 dictum
2367 5861 2436 5938 est,
2463 5843 2591 5938 magni·
