5825 6950
314 663 396 744 617
631 662 733 738 Xlll.
783 663 821 740 2.
857 652 1224 738 consumunmt
1251 657 1303 734 ΙΝ
1327 653 1485 738 ΕΡῙὸΤ.
1510 651 1660 736 PAULI
1686 659 1756 736 AD
1781 655 2044 744 ROMANOS.
2282 675 2357 758 51⁸

314 864 393 912 esse
409 853 548 912 tantum
564 835 698 908 noticia
715 829 909 918 historiae,
926 832 1145 926 qnaemsgis
1158 833 1313 905 daenes
1365 829 1519 910 Domini
1539 832 1736 908 bonuasen
1762 850 1919 930 expectat
1940 863 2083 917 munus
2135 842 2252 920 Huius
2275 875 2356 923 mu·

315 957 473 1028 mentes,
504 957 547 1013 ut
568 940 654 1012 disi.
724 936 786 1008 sie
811 937 918 1008 etiam
935 933 1040 1006 Rom.
1064 929 1101 1012 5.
1134 933 1314 1031 loquitur:
1364 935 1469 1005 lieres
1498 930 1659 1017 ethnicae
1695 938 1800 1009 fidem
1816 934 1993 1015 ⁸Christus
2022 947 2120 1033 gravi
2149 952 2355 1028 testimonio

317 1047 388 1116 Per
408 1069 515 1137 quem
537 1039 899 1114 habemusaccessum
914 1035 998 1110 fide.
1148 1047 1153 1055 ’
1363 1049 1469 1110 ornat
1501 1038 1684 1130 inquiens:
1719 1035 1926 1125 Omulier,
1951 1067 2077 1136 magna
2100 1063 2152 1120 est
2174 1052 2259 1123 fides
2283 1069 2354 1138 tua,

437 1145 544 1218 Rom.
565 1143 620 1218 5.:
664 1139 846 1214 iustificati
878 1140 947 1208 lide
972 1159 1092 1230 pacem
1129 1129 1312 1206 habemus
1363 1139 1423 1210 fiat
1440 1139 1507 1209 tibi
1522 1152 1561 1210 ut
1575 1140 1676 1232 petis.
1727 1139 1825 1230 Quid
1851 1139 1908 1214 hic
1931 1159 1965 1216 et
1984 1147 2021 1216 in
2044 1150 2222 1224 similibus
2240 1151 2353 1228 histo-

315 1249 460 1320 Noricis
472 1247 638 1319 historiae
647 1266 870 1338 nequaquam
880 1237 1315 1332 adlertpacemconscien-
1363 1240 1426 1312 riis
1441 1242 1664 1328 dubitemus,
1689 1242 1758 1314 fide
1770 1244 1963 1333 significari
1985 1249 2151 1324 fiduciam
2171 1269 2350 1346 petentem
2471 1291 2476 1302 ·

316 1355 410 1436 tiae,
433 1352 498 1420 sed
513 1349 631 1442 potius
646 1359 752 1437 auget
768 1365 938 1437 pavores,
965 1367 1047 1414 cum
1070 1343 1244 1412 retinetur
1261 1341 1314 1410 le·
1366 1356 1401 1412 et
1414 1355 1655 1440 expectantem
1680 1345 1866 1419 beneficia:
1894 1373 1984 1443 qnae
1998 1371 2082 1422 cum
2095 1354 2213 1426 lucere
2228 1360 2354 1431 debeat

317 1457 372 1543 gis
387 1453 528 1546 opinio.
574 1449 684 1539 Quod
698 1461 752 1518 est
766 1446 861 1516 enim
876 1447 1016 1536 signum
1031 1443 1226 1514 terribilius
1240 1443 1313 1514 irae
1364 1444 1401 1514 in
1427 1445 1671 1526 invocatione,
1699 1469 1837 1518 necesse
1864 1463 1916 1522 est
1938 1451 2016 1539 pins
2040 1456 2086 1524 de
2108 1481 2148 1528 ea
2171 1473 2266 1532 secte
2286 1465 2352 1532 do.

317 1557 390 1628 Dei
418 1558 590 1626 adversus
614 1564 814 1644 peccatum,
859 1571 966 1644 quam
997 1548 1093 1640 quod
1119 1542 1216 1615 Deus
1238 1568 1312 1616 non
1364 1547 1447 1616 ceri.
1503 1549 1554 1618 As
1576 1545 1746 1620 Monachi
1771 1550 1895 1624 iubent
1925 1549 2110 1627 historiam
2137 1562 2352 1654 meminisse,

317 1661 389 1728 alia
408 1656 553 1727 victima
568 1653 699 1747 placari
715 1650 849 1736 voluit,
872 1650 947 1739 nisi!
958 1661 1071 1718 morte
1086 1645 1175 1714 filii?
1216 1643 1313 1716 Haec
1363 1648 1494 1718 deinde
1514 1649 1616 1720 aiunt
1645 1651 1883 1724 dubitandum
1907 1677 2000 1740 esse,
2041 1671 2162 1730 utrum
2182 1660 2280 1734 Deus
2306 1666 2352 1736 sit

315 1759 491 1850 cogitatio
506 1772 611 1848 auget
626 1776 794 1847 pavores,
818 1775 900 1822 cum
925 1750 1165 1820 existimamus
1180 1743 1314 1822 Christi
1363 1751 1469 1822 nobis
1484 1752 1676 1844 propicius,
1690 1777 1736 1822 an
1752 1753 1917 1846 respiciat
1932 1771 2069 1830 nostras
2084 1785 2213 1852 preces.
2253 1764 2351 1837 Haec

316 1863 536 1932 beneficium
555 1881 630 1928 non
653 1857 846 1947 pertinere,
888 1852 959 1922 nisi
983 1854 1029 1922 ad
1057 1872 1118 1921 eos
1143 1849 1207 1943 qui
1227 1847 1313 1921 satis
1366 1852 1529 1924 doctrina
1553 1872 1699 1946 prorsus
1721 1879 1802 1924 cum
1826 1860 1987 1951 exemplo
2017 1862 2083 1932 isto
2111 1863 2353 1940 laudatissimo

317 1961 726 2036 siseritoromadlerunt.
775 1955 872 2044 Ergo
890 1977 971 2026 cum
986 1955 1072 2023 lides
1087 1952 1198 2040 erigat
1211 1976 1313 2022 men·
1363 1955 1525 2026 mulieris
1564 1971 1598 2028 et
1629 1956 1806 2031 similibus
1838 1975 1989 2050 pugnat,
2033 1977 2069 2034 et
2100 1989 2203 2036 veros
2235 1970 2352 2042 cultus

317 2085 370 2140 tes
386 2063 653 2156 perterrefactos
669 2075 704 2132 et
724 2059 946 2141 consoletur,
971 2078 1110 2126 necesse
1132 2067 1185 2124 est
1205 2055 1313 2126 intel·
1363 2050 1479 2142 Dei,
1513 2080 1632 2126 veram
1652 2057 1913 2132 invocationem
1935 2064 2064 2136 abolet.
2118 2127 2122 2134 .
2347 2129 2351 2136 .

317 2171 381 2259 ligi
396 2167 564 2238 fiduciam
583 2161 856 2238 misericordiae.
905 2155 955 2230 Et
978 2181 1060 2228 cnm
1076 2154 1209 2228 Paulus
1229 2156 1314 2229 satis
1466 2157 1666 2250 Descriptio
1688 2159 1790 2246 fidei,
1815 2166 1860 2232 ad
1884 2160 2116 2241 Ebraeosll.
2137 2171 2294 2242 ostendit
2318 2187 2352 2246 et

322 2272 493 2342 ostendat
512 2291 550 2338 ae
571 2266 673 2359 loqui
694 2266 740 2334 de
755 2263 825 2332 fide
839 2259 996 2332 luctante
1010 2283 1090 2330 cum
1113 2258 1315 2350 pavoribus,
1365 2261 1419 2332 ibi
1440 2261 1510 2330 lide
1532 2261 1931 2351 significarillduciam,
1963 2268 2047 2362 quis
2070 2269 2209 2364 inquit:
2244 2271 2352 2344 Fides

323 2399 396 2444 non
421 2383 571 2464 possunt
591 2367 669 2440 cius
698 2367 793 2438 dicta
822 2365 867 2434 de
886 2362 963 2436 sola
985 2356 1154 2432 historiae
1183 2360 1314 2432 noticia
1365 2377 1419 2433 est
1440 2357 1662 2448 ὑπόστασις,
1687 2365 1724 2434 id
1751 2378 1821 2448 est,
1848 2369 2042 2460 expectatio
2066 2395 2185 2442 rerum
2207 2396 2352 2464 speran-

329 2473 488 2565 tureltigi
1365 2466 1505 2538 darum.
1557 2463 1654 2534 Haec
1669 2481 1815 2538 estsere
1830 2465 2071 2547 Grammatica
2090 2474 2187 2544 vocis
2210 2498 2352 2548 enarra-

425 2574 548 2650 Colos.
567 2577 622 2646 2.:
655 2570 698 2642 ln
716 2595 788 2666 quo
807 2582 842 2642 et
855 2565 1054 2640 resuscitati
1076 2566 1159 2638 estis
1180 2590 1244 2658 per
1271 2565 1314 2634 li·
1366 2568 1438 2658 tio,
1464 2581 1505 2638 ut
1529 2589 1654 2636 omnes
1679 2569 1808 2640 eruditi
1830 2585 1976 2649 norunt.
2027 2571 2141 2646 Porro
2159 2579 2352 2670 expectatio

325 2683 406 2750 dem
423 2677 598 2750 eilicsciae
610 2675 696 2746 Dei.
736 2673 799 2744 alit
814 2692 879 2740 nos
895 2669 1129 2739 sanctificatos
1147 2669 1316 2754 casside,
1367 2669 1428 2740 ills
1444 2682 1496 2752 est
1510 2669 1639 2742 fiducia
1656 2671 1914 2762 promissionis.

323 2785 449 2867 idest,
474 2781 623 2859 fiducia,
645 2778 742 2871 quod
758 2773 855 2846 Deus
869 2771 915 2843 sit
930 2772 1053 2842 allieas
1069 2771 1107 2840 in
1124 2771 1239 2842 nobis.
1469 2768 1595 2850 Actor⁰¹
1617 2768 1697 2842 ld:
1737 2771 1827 2844 Fide
1860 2775 2049 2864 purificans
2082 2781 2188 2850 corda
2215 2805 2350 2854 eorum.

430 2882 576 2972 loannis
592 2875 647 2952 6.:
683 2875 758 2967 Qui
775 2869 1096 2958 noncreditDen,
1112 2875 1314 2942 mendacem
1365 2865 1513 2946 Constat
1541 2886 1659 2945 autem
1693 2875 1824 2946 noticia
1859 2871 2027 2950 historiae
2061 2904 2135 2950 non
2172 2885 2353 2974 purificari

322 2984 551 3076 eumfacit,
592 2982 677 3077 qnia
708 3003 782 3050 non
812 2977 927 3050 credit
954 2975 1177 3059 testimonio,
1219 2977 1315 3069 quod
1365 2978 1485 3050 corda.
1557 2971 1607 3046 Et
1635 2976 1688 3046 ibi
1712 3001 1795 3048 mox
1825 2977 2077 3070 interpretatur
2102 2984 2261 3056 dictum:
2304 2986 2354 3060 ait

321 3091 428 3166 Deus
443 3089 552 3156 vitam
567 3099 748 3156 aeternam
765 3079 922 3164 dederit,
947 3093 1013 3152 etc.
1071 3073 1195 3148 Refert
1211 3077 1315 3146 fidem
1366 3089 1592 3168 despumas,
1631 3100 1697 3148 nee
1719 3078 1812 3148 ullos
1834 3073 1999 3152 habuisse
2023 3086 2129 3156 eorda
2153 3110 2243 3177 pura
2270 3113 2354 3180 pro·

324 3197 371 3266 ad
389 3188 680 3284 promissionem,
702 3175 905 3276 etpostulat
926 3192 968 3250 ut
989 3178 1215 3272 promissioni
1240 3203 1317 3248 cre·
1366 3193 1445 3272 pter
1467 3178 1553 3268 legis
1576 3178 1777 3250 iusticiam:
1816 3183 1876 3252 sed
1908 3182 1959 3255 ait
1986 3185 2037 3254 sic
2067 3187 2247 3277 purificari
2276 3213 2357 3260 cor·

325 3302 455 3378 datur,
479 3290 536 3360 cui
551 3291 583 3359 si
598 3288 769 3383 quianon
785 3281 1003 3366 adsentitur,
1035 3281 1065 3348 is
1080 3279 1196 3368 Deum
1214 3300 1315 3350 arcu·
1366 3285 1431 3366 da,
1473 3280 1502 3348 si
1529 3283 1671 3352 credant
1691 3304 1730 3350 se
1746 3305 1810 3374 per
1826 3282 2137 3372 gratiamDomini
2156 3287 2232 3360 lesu
2247 3286 2356 3362 Chri·

326 3413 381 3469 sat
396 3393 585 3482 mendacii,
606 3390 706 3485 quasi
721 3411 795 3458 nou
814 3397 964 3477 praestet
982 3382 1163 3475 promissa.
1204 3381 1317 3453 Porro
1367 3384 1413 3455 sti
1436 3381 1625 3472 purificari.
1679 3381 1847 3456 Testatur
1862 3407 1947 3475 ergo
1964 3386 2033 3456 lide
2055 3387 2245 3479 significari
2264 3393 2357 3464 fidu-

327 3496 501 3573 adsentiri
514 3492 760 3587 promissioni,
784 3504 836 3561 est
849 3486 978 3557 fidncia
993 3485 1269 3556 misericordiae.
1366 3488 1479 3570 ciam,
1503 3508 1593 3579 quae
1610 3484 1738 3559 nititur
1759 3487 2000 3560 misericordia
2021 3492 2193 3583 promissa
2208 3509 2355 3595 propter

428 3597 615 3673 Romanos
630 3596 683 3667 h:
710 3590 784 3681 Qui
807 3602 946 3681 praeter
960 3610 1059 3683 spem
1073 3588 1111 3657 in
1126 3611 1222 3679 spem
1241 3609 1318 3656 cre·
1366 3584 1565 3661 Christum.

332 3705 437 3777 didit.
491 3698 632 3790 Quaeso
652 3712 686 3769 te
701 3692 904 3767 Christiane
926 3692 1056 3773 lector,
1084 3714 1131 3759 an
1154 3713 1228 3759 nnn
1251 3684 1319 3757 hnc
1469 3686 1576 3763 Rom.
1595 3690 1672 3763 10.:
1706 3684 1839 3765 Omnis
1862 3693 1924 3787 qui
1949 3696 2061 3767 credit
2088 3698 2126 3765 in
2150 3722 2251 3785 eum,
2283 3724 2357 3771 non

331 3811 412 3879 loco
427 3825 569 3875 necesse
583 3813 635 3872 est
650 3794 876 3889 interpretari
894 3794 1060 3875 verbum,
1085 3792 1252 3871 credidit,
1275 3791 1320 3859 de
1368 3793 1621 3864 confundetur.
1689 3790 1759 3863 Hic
1779 3793 1911 3867 Paulus
1935 3799 2010 3887 ipse
2032 3800 2201 3871 discernit
2223 3801 2358 3871 benefi-

332 3905 488 3981 sauciat
519 3898 621 3975 Nihil
635 3922 724 3992 opus
740 3912 792 3967 est
808 3895 931 3988 procul
954 3917 1122 3989 quaerere
1143 3892 1320 3982 significa·
1368 3895 1462 3965 cium
1491 3888 1677 3983 Evangelii
1700 3896 1835 3987 alege,
1861 3920 1902 3967 sc
1928 3898 2089 3991 loquitur
2119 3924 2192 3971 non
2217 3902 2357 3973 desole

332 4016 483 4085 tionem.
555 4004 740 4075 Laudatur
761 3992 965 4081 Abraham,
1005 3999 1101 4088 qaod
1130 3995 1322 4063 crediderit
1369 3992 1540 4065 historiae
1563 3996 1713 4079 noticia,
1737 4000 1800 4067 sed
1826 4000 1871 4067 de
1895 3999 2042 4081 fiducia,
2076 4026 2145 4095 qua
2170 4004 2357 4075 statuimus

331 4114 452 4187 Deum
480 4109 656 4179 iacturum
685 4106 768 4174 esse'
784 4099 985 4194 promissa,
1027 4096 1164 4165 etiamsi
1194 4112 1320 4167 natura
1370 4112 1466 4167 certo
1489 4095 1605 4167 Deum
1629 4097 1734 4172 nobis
1759 4100 1957 4191 propicium
1982 4124 2056 4173 esse
2091 4118 2235 4197 propter
2252 4101 2360 4175 Chri-

332 4212 567 4309 repugnsbat.
618 4204 680 4277 Sic
692 4216 833 4297 oportet
856 4202 933 4292 pins
948 4202 992 4268 de
1013 4198 1082 4267 fide
1099 4200 1255 4281 institui,
1282 4212 1322 4267 ut
1370 4214 1484 4283 stum,
1509 4222 1581 4268 nou
1596 4211 1741 4289 propter
1756 4200 1881 4291 legem.
1919 4198 2052 4273 Eadem
2069 4205 2242 4275 sententia
2256 4230 2360 4297 saepe

330 4342 415 4391 eum
430 4312 657 4386 destituimur
674 4302 841 4379 humanis
855 4300 1051 4393 praesidiis,
1076 4298 1322 4369 tamenaDen
1347 4310 1350 4396 Ι
1371 4300 1543 4392 repetitur
1575 4300 1613 4369 in
1647 4296 1848 4393 Prophetis.
1921 4301 2014 4375 Psal.
2039 4308 2092 4379 2.:
2133 4302 2360 4377 Osculamini

332 4432 559 4512 expectemus
574 4410 766 4493 stasilium,
791 4429 866 4476 non
882 4403 1085 4476 amittamus
1100 4400 1229 4473 Deum.
1276 4398 1324 4472 Et
1347 4471 1349 4480 ,
1371 4403 1498 4475 lilium.
1562 4399 1663 4471 Beati
1687 4403 1893 4498 omnesqui
1919 4406 2230 4479 conliduntineo.
2289 4405 2360 4477 Hie

330 4525 521 4616 aliquanto
536 4514 668 4607 possin
685 4512 809 4581 eodem
825 4506 939 4598 capite
954 4504 1105 4595 opponit
1127 4504 1232 4571 fidem
1255 4506 1323 4573 du·
1346 4483 1351 4620 ἱ
1371 4503 1524 4593 intelligi
1542 4502 1706 4573 fiduciam
1720 4528 1860 4577 necesse
1873 4521 1937 4581 est.
1990 4506 2091 4577 lubet
2106 4508 2201 4576 enim
2215 4510 2360 4597 agnosci

330 4620 516 4697 bitationi.
585 4608 770 4687 Abraham
798 4632 876 4679 non
901 4606 1081 4677 dubitavit
1114 4605 1323 4678 diffidentia.
1347 4631 1350 4640 ·
1372 4606 1485 4675 hlium
1502 4602 1580 4687 Dei,
1596 4605 1696 4675 iubet
1710 4629 1774 4675 nos
1790 4606 1966 4679 confidere
1981 4603 2050 4679 hoc
2064 4606 2235 4681 Domino.
2267 4608 2360 4679 Cum

328 4724 517 4819 Loquitur
543 4715 683 4790 deside
713 4714 870 4783 luctante
899 4732 979 4779 cum
1009 4707 1254 4791 dubitatione,
1284 4708 1323 4775 iu
1371 4720 1490 4777 autem
1512 4728 1587 4773 nnn
1611 4707 1720 4795 possit
1741 4708 1835 4778 assui
1856 4708 2014 4779 conditio
2039 4708 2145 4797 legis,
2172 4710 2360 4781 nambdes
2458 4784 2461 4791 ,

328 4824 540 4920 accipienda
555 4815 801 4911 promissione.
1371 4832 1446 4881 non
1462 4818 1575 4898 potest
1593 4808 1722 4897 partim
1735 4808 1814 4878 ‘niti
1830 4804 1996 4893 Christo,
2022 4811 2149 4902 partim
2174 4810 2270 4900 lege,
2295 4836 2361 4881 ne-

438 4923 557 4999 Marci
580 4920 634 4993 9.:
665 4916 781 4989 Credo
805 4912 982 4993 Domine,
1016 4933 1119 5003 opem
1144 4912 1197 4980 fer
1226 4910 1323 4979 dilli·
1372 4933 1466 4981 cesse
1480 4922 1532 4979 est
1546 4908 1650 4979 fidem
1665 4908 1817 4998 intelligi
1834 4909 2018 5001 fiduciam,
2044 4933 2135 5003 qnae
2150 4914 2273 4984 statuit
2294 4936 2361 4983 nos

330 5030 480 5107 dentiae
500 5046 613 5097 meae.
661 5018 732 5089 Hic
754 5040 830 5089 non
851 5015 967 5107 agitur
989 5014 1035 5083 de
1055 5012 1186 5081 noticia
1210 5006 1325 5081 histo·
1372 5036 1435 5104 per
1459 5010 1570 5081 lilium
1595 5006 1663 5083 Dei
1690 5009 1879 5081 liberaris
1903 5024 2044 5103 peccato
2072 5025 2106 5083 et
2130 5034 2149 5083 a
2173 5015 2361 5109 tyrannide

330 5140 433 5215 riae,
456 5131 516 5200 sed
533 5127 577 5196 de
592 5122 740 5204 fiducia,
760 5142 829 5213 qua
852 5117 1056 5208 expectabat
1077 5126 1176 5204 pater
1192 5112 1324 5183 libera·
1371 5112 1520 5185 diaboli.

329 5239 475 5313 tionem
490 5229 570 5303 filii.
622 5224 682 5297 Sic
697 5223 737 5293 in
757 5218 926 5311 exemplis
950 5214 1160 5307 evangelicis
1178 5215 1324 5306 plerun·
1421 5288 1426 5297 ,
1475 5218 1510 5287 2.
1527 5210 1775 5305 Paralip.20.s
1801 5210 1946 5287 Credite
1960 5210 2117 5287 Domino
2136 5214 2211 5288 Deo
2233 5230 2360 5297 vestro,

329 5364 408 5435 que
421 5336 509 5407 fides
523 5328 696 5420 significat
711 5322 876 5394 fiduciam
894 5333 1070 5411 petentem
1088 5330 1121 5387 et
1139 5331 1325 5407 espectan-
1373 5330 1408 5387 et
1424 5314 1539 5386 securi
1568 5315 1676 5387 eritis.
1745 5314 1868 5387 Stabat
1896 5316 2065 5387 exercitus
2097 5317 2136 5387 irs
2165 5318 2362 5411 procinctu,

330 5460 412 5515 tem
436 5432 623 5509 benelicia:
649 5442 691 5499 ut
710 5427 750 5496 in
772 5422 933 5495 mulieris
949 5417 1156 5491 Cananseae
1175 5413 1325 5488 historia
1374 5431 1410 5487 ct
1427 5417 1617 5489 iubebatur
1638 5428 1757 5509 petere
1778 5432 1812 5489 et
1833 5428 1929 5488 certo
1947 5434 2126 5509 expectare
2142 5420 2316 5489 amilium
2338 5441 2359 5487 a

331 5534 473 5619 Matth.
495 5529 554 5607 15.
587 5554 677 5627 quae
706 5528 761 5598 bis
782 5525 923 5617 repulsa
944 5547 966 5593 a
987 5516 1151 5607 Christo,
1185 5534 1220 5589 et
1242 5520 1324 5611 qui·
1374 5516 1464 5589 Deo.
1515 5514 1637 5605 Quare
1653 5518 1704 5589 ibi
1720 5540 1795 5589 non
1820 5516 1937 5607 agitur
1957 5520 2002 5589 de
2026 5520 2158 5591 noticia
2181 5514 2361 5601 historiae,

331 5650 424 5719 dem
442 5632 719 5716 cumconvicio,
750 5642 869 5699 tamen
886 5646 1096 5717 precesnnn
1112 5620 1262 5707 omittit,
1286 5645 1327 5691 ac
1376 5621 1437 5691 sed
1461 5620 1678 5719 praecipitur
1704 5620 1858 5699 fiducia,
1897 5644 1988 5711 quse
2018 5632 2113 5711 petat
2147 5619 2360 5691 auxilinma

334 5741 502 5819 mirabili
522 5734 695 5829 sapientia
717 5729 845 5801 refutat
866 5726 999 5797 dictum
1021 5718 1174 5808 Christi,
1198 5722 1328 5795 latetur
1376 5722 1465 5797 Deo.
1534 5718 1632 5794 Haec
1661 5720 1863 5793 testimonia
1893 5722 1976 5789 satis
2006 5721 2143 5815 liquide
2168 5722 2360 5791 ostendunt

332 5874 377 5923 se
403 5844 589 5933 indignam
618 5858 693 5907 esse
715 5828 911 5911 beneficio,
947 5826 1009 5897 sed
1035 5839 1153 5896 tamen
1181 5838 1328 5917 propter
1376 5821 1552 5895 vocabulo
1587 5822 1669 5893 lidei
1707 5820 1898 5995 siggigipari
1931 5820 2111 5897 fiduciam.
2176 5818 2226 5893 Et
2259 5821 2360 5914 plura
