5825 6950
606 704 703 785 rost
815 669 819 683 ’
1183 699 1311 773 euro.
1339 698 1455 779 Mau.
1482 657 1695 777 scauri
1721 698 2020 777 moneres.
2198 740 2205 754 ·
2509 709 2571 785 rosa

607 892 727 975 postea
744 898 805 968 per
819 868 1015 967 Prophetas
1029 870 1138 942 scribi
1154 874 1279 947 voluit.
1333 869 1490 955 Orditur
1515 896 1598 964 ergo
1648 874 1756 947 simul
1776 868 1942 946 hortatur
1962 896 2029 943 nos
2051 874 2097 944 ad
2122 874 2346 955 discendum,
2371 886 2405 945 et
2422 876 2518 966 alligat
2533 908 2572 953 aa

607 982 739 1053 Paulus
764 974 940 1049 Ecclesiae
973 978 1216 1045 doctrinama
1249 976 1429 1061 lectione,
1470 977 1601 1045 deinde
1650 982 1693 1046 ad
1713 974 1799 1047 haec
1821 990 1914 1046 certa
1939 977 2068 1067 scripta
2092 1000 2156 1067 per
2179 970 2371 1063 Prophetas
2390 992 2421 1048 et
2435 976 2574 1068 Apostolos

607 1086 712 1153 lectio
738 1081 949 1149 illustranda
975 1092 1026 1149 est
1047 1078 1232 1164 doctrina,
1267 1078 1399 1161 idest,
1426 1079 1600 1147 vocabula
1650 1080 1792 1151 tradita.
1859 1076 2008 1149 Relotat
2038 1079 2144 1148 etiam
2170 1076 2443 1148 Stealreleldiom
2471 1096 2498 1151 ct
2518 1085 2575 1155 alios

608 1186 926 1265 enarrandasunt,
953 1180 1039 1273 quid
1054 1177 1166 1263 Deus,
1194 1180 1281 1271 quid
1297 1180 1393 1248 lilius
1409 1180 1488 1262 Dei,
1514 1182 1601 1272 quid
1654 1178 1910 1263 enthusiastas,
1948 1180 2011 1271 qui
2037 1183 2219 1249 abducunt
2245 1175 2403 1249 homines
2426 1206 2444 1250 a
2464 1184 2577 1269 lectione,

609 1290 687 1369 les,
714 1284 802 1379 quid
827 1296 1026 1373 peccatum,
1051 1282 1139 1373 quid
1163 1282 1322 1351 remissio
1347 1281 1497 1373 peccati,
1523 1304 1604 1370 gra·
1651 1297 1686 1352 ct
1701 1282 1826 1351 iubent
1840 1281 1990 1350 volitare
2005 1281 2044 1349 in
2061 1282 2200 1353 coelum
2223 1275 2388 1350 humanis
2407 1285 2577 1372 cogitationi·

549 1420 554 1433 ·
610 1390 687 1471 tia,
728 1386 886 1468 iusticia,
927 1378 1186 1471 Evangelium,
1227 1380 1410 1465 Ecclesia,
1446 1384 1605 1473 politiae,
1652 1386 1739 1473 bus,
1767 1398 1801 1452 et
1815 1406 1899 1451 vera
1914 1384 2078 1453 exercitia
2103 1384 2185 1452 fidei
2206 1383 2376 1451 intuentis
2399 1410 2502 1452 vocem
2517 1390 2578 1456 divi·

611 1492 864 1570 vitaaeterna,
891 1485 1097 1573 significent.
1149 1482 1245 1554 Haec
1265 1486 1392 1554 ordine
1413 1488 1455 1554 ad
1474 1486 1606 1555 doceo·
1652 1509 1755 1568 nam,
1788 1487 1958 1556 obruunt.
2025 1484 2239 1555 Moveamur
2268 1485 2376 1574 igitur
2396 1484 2487 1555 Pauli
2509 1490 2579 1571 dido,

613 1594 700 1661 dum
717 1588 980 1659 accommodato
998 1586 1128 1677 exponi
1145 1610 1284 1655 neccsse
1301 1600 1362 1656 est.
1653 1611 1720 1655 nos
1746 1589 1791 1655 ad
1814 1586 2001 1655 lectionem
2025 1588 2269 1657 exuscitemus.
2321 1584 2439 1655 Altera
2458 1594 2578 1660 sententis

716 1690 893 1760 Nominat
909 1702 942 1757 et
960 1688 1251 1767 consolationem,
1278 1689 1361 1781 quia
1376 1687 1456 1757 linis
1474 1685 1606 1758 doctri·
1655 1689 1760 1757 etiam
1777 1688 1918 1777 legendi
1933 1700 1968 1757 et
1983 1689 2142 1758 discendi
2165 1712 2285 1757 curam
2300 1690 2404 1757 nciliis
2416 1697 2580 1761 contuenda

612 1794 735 1863 necin
751 1789 910 1861 Ecclesia
930 1804 982 1859 est
1006 1789 1221 1869 consolatio,
1249 1790 1434 1875 videlicet,
1461 1814 1531 1881 qvia
1550 1812 1607 1857 re-
1656 1786 1714 1859 his
1739 1790 2088 1881 exaggerationibus:
2125 1788 2251 1859 Sermo
2273 1784 2406 1859 Christi
2433 1786 2540 1861 hahitet
2559 1791 2599 1904 iv}

613 1894 792 1966 conciliati
810 1892 889 1962 Deo
916 1890 1045 1963 fiducia
1071 1892 1297 1977 mediatoris,
1322 1892 1497 1961 elficimur
1516 1905 1608 1961 tcm-
1656 1892 1758 1961 vobis
1782 1892 1970 1989 opulenter
1993 1892 2030 1959 io
2059 1892 2158 1960 omui
2180 1891 2365 1981 sapientia.
2420 1890 2599 1984 Necesseestl

612 1998 673 2087 pla
703 1993 770 2065 Dei
801 2008 836 2065 et
865 1993 1058 2083 accipimus
1087 1993 1190 2063 initia
1222 1992 1313 2063 vitae
1340 2006 1531 2074 aeternae,
1564 1994 1606 2060 acl
1654 1993 1771 2063 fontes
1798 1994 1979 2062 doctrinae
2001 2008 2093 2063 recte
2123 1992 2234 2076 disci,
2267 1994 2352 2086 quia
2374 1988 2599 2064 haeresium?

615 2122 721 2193 quam
740 2094 1029 2165 resuscitabimur
1045 2118 1086 2165 ex
1103 2109 1237 2174 morte,
1265 2095 1382 2165 eterit
1405 2094 1493 2166 tunc
1507 2091 1605 2163 Deus
1656 2107 1809 2165 tractant
1831 2118 2030 2164 sermonem
2053 2088 2189 2165 Christi
2213 2095 2408 2187 sapienter,
2431 2110 2466 2165 ut
2486 2083 2599 2184 hnslsl

616 2199 737 2271 omnia
767 2198 805 2266 in
834 2197 1002 2267 omnibus
1029 2197 1163 2277 beatis,
1205 2197 1473 2267 communicans
1502 2196 1607 2264 nobis
1656 2196 1781 2287 ptistae
1799 2199 2010 2266 damnantes
2026 2196 2190 2266 ordinem
2207 2196 2415 2287 politicum,
2438 2198 2577 2267 distinctis

614 2324 711 2385 sese,
736 2323 836 2369 suam
861 2300 997 2382 lucem,
1023 2298 1257 2390 sapientiam,
1282 2298 1459 2368 iusticiam
1484 2311 1518 2368 et
1538 2298 1609 2367 lac·
1656 2323 1739 2368 nem
1768 2299 2018 2382 dominorum,
2048 2298 2273 2385 magistratus
2300 2312 2338 2368 et
2365 2299 2500 2379 iudicia,
2524 2301 2599 2392 ivs'vl

620 2402 737 2474 titiam
763 2402 801 2469 in
825 2400 1040 2473 aeternitate.
1108 2398 1234 2469 Talem
1263 2400 1356 2470 vitae
1378 2399 1511 2471 exitum
1534 2423 1610 2467 non
1655 2402 1795 2491 pienter
1816 2414 1850 2471 et
1871 2400 2032 2470 furenter
2053 2414 2285 2490 corrumpunt
2321 2399 2414 2477 dicta
2439 2395 2598 2489 Evangelii

618 2502 774 2577 ostendit
793 2496 1037 2594 philosophia,
1064 2526 1154 2596 quae
1177 2502 1416 2594 estparticula
1441 2503 1529 2592 legis
1554 2501 1611 2570 di·
1656 2502 1859 2572 Necessaria
1876 2502 2281 2591 suotigiturdoctrioae
2302 2502 2431 2572 studia.
2475 2499 2573 2573 Scdhe

615 2608 741 2687 vinae,
774 2618 808 2673 et
830 2604 928 2673 videt
957 2628 996 2673 ac
1020 2604 1181 2693 deplorat
1207 2604 1367 2694 ingentes
1395 2604 1610 2674 calamitates
1657 2604 1736 2674 loco
1758 2627 1832 2673 non
1853 2605 1947 2673 addo
1969 2604 2167 2693 longiorem
2189 2603 2473 2695 explicationem,
2492 2618 2570 2673 uuam

619 2708 759 2798 generis
785 2698 955 2789 humani,
989 2721 1023 2775 et
1046 2702 1209 2775 hortatur
1233 2702 1396 2775 homines
1420 2709 1465 2774 ad
1488 2706 1611 2774 mode·
1658 2709 1817 2777 obtestor
1831 2727 1955 2776 omnes
1972 2706 2133 2774 timentes
2149 2703 2263 2775 Deum
2272 2757 2284 2790 ,
2313 2720 2357 2776 ot
2382 2720 2489 2774 ament
2506 2708 2569 2773 leuis

615 2810 742 2893 stiam,
780 2808 871 2878 sicut
903 2806 1004 2876 Plato
1041 2806 1192 2899 inquit:
1234 2802 1503 2896 Philosophiam
1536 2828 1609 2875 esse
1659 2831 1742 2877 nem
1755 2808 1963 2877 divinorum
1977 2806 2175 2889 librorum,
2197 2820 2233 2876 ct
2248 2808 2566 2897 propterglorianllei
2597 2889 2599 2892 Ι

616 2901 1009 3003 μελέτησινθανᾶτου.
1048 2907 1118 2979 Sed
1136 2932 1204 2977 vox
1217 2904 1404 2997 Evangelii
1422 2924 1489 2979 cst:
1514 2903 1610 2977 0m-
1660 2922 1694 2979 et
1710 2922 1854 3002 propter
1873 2910 2052 2999 propriam
2071 2907 2231 2979 salntem.
2286 2907 2442 2978 Accedat
2455 2912 2560 2978 anton

617 3014 676 3081 nis
700 3013 761 3105 qui
787 3010 899 3080 credit
930 3011 968 3078 in
993 3010 1124 3095 lilium,
1157 3005 1263 3080 habet
1285 3011 1394 3080 vitam
1419 3026 1610 3085 aeternam.
1660 3014 1799 3080 vocatio
1822 3008 1909 3096 Dei,
1943 3034 1983 3079 ac
2011 3009 2157 3080 lectioni
2190 3024 2226 3080 et
2248 3012 2455 3100 cogitationi
2474 3010 2560 3077 coiea

620 3112 709 3183 Vult
731 3112 813 3180 sciri
835 3108 932 3181 Deus
960 3111 1072 3181 lilium
1102 3112 1249 3180 missum
1276 3136 1366 3197 esse,
1404 3126 1444 3184 ut
1468 3112 1609 3200 colligat
1661 3127 1721 3183 tur
1743 3116 1893 3203 gemitus
1916 3124 2075 3197 strata,
2100 3127 2133 3183 et
2160 3125 2322 3203 petamus
2345 3108 2568 3183 nosailiolri
2597 3195 2599 3198 ¹

619 3230 800 3287 aeternam
815 3210 1030 3298 Ecclesiam,
1053 3227 1087 3282 et
1102 3236 1240 3303 semper
1254 3238 1334 3282 eum
1348 3219 1468 3285 adesse
1485 3212 1609 3282 Eccle-
1660 3215 1723 3309 qui
1737 3226 1791 3286 cst
1804 3207 1913 3313 λόγος
1927 3214 2060 3283 aeterni
2079 3215 2203 3306 patris,
2222 3214 2376 3305 crudiri,
2399 3216 2480 3285 sicut
2490 3208 2571 3300 botpe

617 3318 712 3395 siae,
739 3316 817 3385 vult
842 3314 914 3407 peti
941 3330 976 3383 ct
999 3315 1212 3405 expectaria
1238 3316 1311 3383 tilio
1327 3317 1520 3400 auxilium,
1543 3318 1606 3381 de·
1660 3332 1733 3386 tere
1756 3317 1878 3387 iussit:
1923 3310 2066 3399 Orate,
2096 3339 2143 3384 ne
2171 3317 2312 3386 intretis
2336 3318 2376 3385 in
2405 3316 2574 3387 tentatione.

616 3419 846 3499 sensionem,
887 3430 922 3486 et
951 3416 1082 3486 deinde
1109 3416 1369 3488 restitutionem
1400 3441 1440 3487 ex
1479 3428 1609 3486 morte.
1660 3415 1707 3489 Et
1738 3420 1883 3511 quidem
1912 3417 1989 3508 ipse
2016 3440 2083 3509 pro
2113 3413 2272 3489 Ecclesia
2300 3420 2442 3489 assidue
2467 3430 2576 3508 precatu.

619 3521 708 3590 Vult
733 3519 839 3588 fidem
866 3534 899 3589 et
933 3519 1195 3590 invocationem
1227 3519 1380 3588 exerceri
1412 3536 1446 3588 et
1481 3543 1608 3610 propa·
1660 3521 1752 3590 sieut
1777 3521 1911 3614 inquit:
1951 3519 2137 3590 Sanctifica
2170 3543 2230 3591 eos
2261 3520 2300 3589 in
2327 3523 2482 3601 veritate,
2511 3541 2577 3586 urus

618 3623 696 3712 gari
713 3643 832 3690 vocem
848 3615 1056 3713 Evangelii,
1081 3645 1128 3689 ne
1141 3633 1255 3691 totum
1278 3644 1389 3711 genus
1411 3617 1608 3690 humanum
1657 3637 1741 3693 tuus
1756 3636 1807 3691 cst
1823 3623 1960 3690 veritas.
1988 3622 2047 3690 Ad
2064 3617 2172 3692 huius
2182 3622 2314 3691 summi
2323 3621 2505 3694 Sacerdotis
2515 3619 2579 3685 osvo

512 3729 519 3740 '
616 3725 748 3793 frustra
764 3721 948 3791 conditum
965 3725 1029 3806 sit,
1054 3725 1115 3790 sed
1143 3746 1223 3813 pars
1247 3745 1372 3814 magna
1399 3723 1445 3792 sit
1467 3737 1608 3791 aeterna
1660 3724 1898 3815 precationem
1913 3723 2149 3811 adiungamus
2171 3736 2206 3793 et
2226 3737 2352 3796 nostra
2366 3738 2455 3798 vota.
2496 3720 2579 3806 'leig‘v

619 3823 798 3908 Ecclesia,
824 3847 914 3917 quae
932 3826 1047 3914 ipsum
1064 3825 1101 3892 in
1119 3820 1185 3893 hac
1207 3825 1278 3893 vita
1294 3839 1478 3915 agnoscat,
1503 3836 1538 3894 ct
1554 3824 1609 3892 cui
1659 3841 1720 3896 tur
1749 3826 1802 3895 lili
1824 3825 1889 3897 Dei
1910 3821 2066 3894 Domine
2088 3824 2168 3894 lesu
2188 3820 2353 3908 Christe,
2392 3826 2578 3907 crucilircpu

621 3928 659 3996 io
687 3939 760 3994 tota
784 3925 992 3994 aeternitate
1014 3927 1210 3996 bonitatem
1234 3946 1332 3996 suam
1361 3925 1611 3996 communicet.
1660 3927 1767 3996 nohis
1787 3941 1822 3998 et
1843 3926 2065 4011 resuscitate,
2089 3921 2174 4025 ldys
2189 3922 2254 3999 καὶ
2267 3924 2382 4002 εἰκών
2402 3923 2487 3999 attic
2505 3919 2579 3996 adh

619 4023 693 4096 Res
715 4025 824 4112 igitur
853 4027 1024 4095 maximas
1050 4025 1183 4096 Paulus
1213 4028 1252 4095 in
1287 4029 1352 4098 illo
1384 4027 1483 4098 brevi
1516 4027 1611 4096 dicto
1661 4025 1818 4125 πατρὸς,
1843 4029 1968 4098 sedens
1982 4031 2028 4098 ad
2044 4030 2203 4098 dextram
2219 4033 2359 4101 aeterni
2375 4031 2493 4122 patris,
2512 4027 2582 4094 atde·

621 4126 826 4216 complexus
841 4140 911 4209 est,
938 4128 1203 4196 distinctionem
1225 4129 1426 4211 doctrinae,
1452 4143 1614 4221 quaeest
1662 4135 1755 4200 dona
1780 4126 2004 4215 hominihus,
2029 4133 2282 4222 supplerem,
2315 4147 2358 4203 ut
2379 4155 2442 4202 nos
2461 4133 2582 4198 donus

621 4221 801 4296 Ecclesiae
817 4229 971 4316 propria,
992 4241 1026 4296 et
1040 4229 1233 4320 sapientiae
1249 4231 1431 4324 rationalis
1450 4253 1513 4300 seu
1530 4225 1612 4320 phi·
1663 4235 1858 4323 gubernes,
1898 4226 2084 4302 ethanim
2115 4233 2301 4323 regionum
2324 4231 2486 4306 Ecclesias
2511 4239 2599 4322 prote·

623 4323 819 4421 losophiae.
871 4329 963 4400 Item
980 4329 1164 4400 doctrinae
1180 4331 1323 4402 initium
1343 4345 1378 4403 et
1394 4331 1514 4403 finem.
1564 4316 1640 4411 Etl
1665 4346 1747 4426 gas,
1769 4335 1898 4407 Amen.
1951 4331 2034 4430 θεῷ
2047 4325 2152 4416 δόξα.
