<?xml version="1.0" encoding="UTF-8"?>
<!DOCTYPE html PUBLIC "-//W3C//DTD XHTML 1.0 Transitional//EN"
    "http://www.w3.org/TR/xhtml1/DTD/xhtml1-transitional.dtd">
<html xmlns="http://www.w3.org/1999/xhtml" xml:lang="en" lang="en">
 <head>
  <title>
</title>
<meta http-equiv="Content-Type" content="text/html;charset=utf-8" />
  <meta name='ocr-system' content='tesseract 3.04.00' />
  <meta name='ocr-capabilities' content='ocr_page ocr_carea ocr_par ocr_line ocrx_word'/>
</head>
<body>
  <div class='ocr_page' id='page_1' title='image "./philippimelanth08bindgoog_0107.png"; bbox 0 0 5825 6950; ppageno 0'>
   <div class='ocr_carea' id='block_1_1' title="bbox 540 539 2640 732">
    <p class='ocr_par' dir='ltr' id='par_1_1' title="bbox 540 539 2640 732">
     <span class='ocr_line' id='line_1_1' title="bbox 540 539 2640 732; baseline -0.002 -40"><span class='ocrx_word' id='word_1_1' title='bbox 540 620 613 692; x_wconf 80' lang='lat' dir='ltr'><strong>isi</strong></span> <span class='ocrx_word' id='word_1_2' title='bbox 1136 607 1265 722; x_wconf 68' lang='lat' dir='ltr'><strong>eniti</strong></span> <span class='ocrx_word' id='word_1_3' title='bbox 1290 605 1408 684; x_wconf 79' lang='lat' dir='ltr'><strong>usi.</strong></span> <span class='ocrx_word' id='word_1_4' title='bbox 1432 605 1653 732; x_wconf 77' lang='lat' dir='ltr'><strong>seniori</strong></span> <span class='ocrx_word' id='word_1_5' title='bbox 1669 603 1970 684; x_wconf 76' lang='lat' dir='ltr'><strong>exscertus.</strong></span> <span class='ocrx_word' id='word_1_6' title='bbox 2050 699 2061 708; x_wconf 52' lang='grc'><strong>,</strong></span> <span class='ocrx_word' id='word_1_7' title='bbox 2500 613 2572 688; x_wconf 86' lang='lat' dir='ltr'><strong>iss</strong></span> <span class='ocrx_word' id='word_1_8' title='bbox 2639 539 2640 560; x_wconf 58' lang='lat'><strong>.</strong></span> 
     </span>
    </p>
   </div>
   <div class='ocr_carea' id='block_1_2' title="bbox 538 765 2411 1184">
    <p class='ocr_par' dir='ltr' id='par_1_2' title="bbox 538 765 2411 1184">
     <span class='ocr_line' id='line_1_2' title="bbox 538 765 2411 887; baseline -0.001 -28"><span class='ocrx_word' id='word_1_9' title='bbox 538 813 629 887; x_wconf 87' lang='lat' dir='ltr'><strong>quae</strong></span> <span class='ocrx_word' id='word_1_10' title='bbox 645 785 768 858; x_wconf 75' lang='lat' dir='ltr'><strong>statuit</strong></span> <span class='ocrx_word' id='word_1_11' title='bbox 783 807 848 856; x_wconf 87' lang='lat' dir='ltr'><strong>nos</strong></span> <span class='ocrx_word' id='word_1_12' title='bbox 865 796 1009 878; x_wconf 89' lang='lat' dir='ltr'><strong>propter</strong></span> <span class='ocrx_word' id='word_1_13' title='bbox 1032 777 1129 855; x_wconf 89' lang='lat' dir='ltr'><strong>hunc</strong></span> <span class='ocrx_word' id='word_1_14' title='bbox 1152 780 1425 876; x_wconf 71' lang='lat' dir='ltr'><strong>propiciatorem</strong></span> <span class='ocrx_word' id='word_1_15' title='bbox 1445 781 1531 852; x_wconf 91' lang='lat' dir='ltr'><strong>inis-</strong></span> <span class='ocrx_word' id='word_1_16' title='bbox 1682 765 1699 802; x_wconf 75' lang='lat'><strong>⁹</strong></span> <span class='ocrx_word' id='word_1_17' title='bbox 1749 774 1959 880; x_wconf 83' lang='lat' dir='ltr'><strong>Principio,</strong></span> <span class='ocrx_word' id='word_1_18' title='bbox 1984 775 2086 881; x_wconf 79' lang='lat' dir='ltr'><strong>quod</strong></span> <span class='ocrx_word' id='word_1_19' title='bbox 2099 789 2130 854; x_wconf 78' lang='lat' dir='ltr'><strong>el</strong></span> <span class='ocrx_word' id='word_1_20' title='bbox 2147 777 2411 883; x_wconf 75' lang='lat' dir='ltr'><strong>loquorvobi&#39;s.</strong></span> 
     </span>
     <span class='ocr_line' id='line_1_3' title="bbox 538 883 1532 979; baseline -0.011 -14"><span class='ocrx_word' id='word_1_21' title='bbox 538 918 618 965; x_wconf 84' lang='lat' dir='ltr'><strong>snm</strong></span> <span class='ocrx_word' id='word_1_22' title='bbox 635 916 654 960; x_wconf 85' lang='lat' dir='ltr'><strong>a</strong></span> <span class='ocrx_word' id='word_1_23' title='bbox 672 885 771 973; x_wconf 90' lang='lat' dir='ltr'><strong>Deo,</strong></span> <span class='ocrx_word' id='word_1_24' title='bbox 796 888 903 979; x_wconf 80' lang='lat' dir='ltr'><strong>recipi</strong></span> <span class='ocrx_word' id='word_1_25' title='bbox 924 900 957 954; x_wconf 87' lang='lat' dir='ltr'><strong>et</strong></span> <span class='ocrx_word' id='word_1_26' title='bbox 972 885 1121 972; x_wconf 89' lang='lat' dir='ltr'><strong>salvari,</strong></span> <span class='ocrx_word' id='word_1_27' title='bbox 1155 910 1228 954; x_wconf 89' lang='lat' dir='ltr'><strong>non</strong></span> <span class='ocrx_word' id='word_1_28' title='bbox 1252 886 1329 966; x_wconf 86' lang='lat' dir='ltr'><strong>lex,</strong></span> <span class='ocrx_word' id='word_1_29' title='bbox 1363 908 1437 954; x_wconf 88' lang='lat' dir='ltr'><strong>non</strong></span> <span class='ocrx_word' id='word_1_30' title='bbox 1457 883 1532 954; x_wconf 92' lang='lat' dir='ltr'><strong>enl-</strong></span> 
     </span>
     <span class='ocr_line' id='line_1_4' title="bbox 539 982 1533 1090; baseline -0.006 -28"><span class='ocrx_word' id='word_1_31' title='bbox 539 1011 598 1068; x_wconf 88' lang='lat' dir='ltr'><strong>tns</strong></span> <span class='ocrx_word' id='word_1_32' title='bbox 613 1015 774 1090; x_wconf 86' lang='lat' dir='ltr'><strong>operum,</strong></span> <span class='ocrx_word' id='word_1_33' title='bbox 800 1014 875 1060; x_wconf 89' lang='lat' dir='ltr'><strong>non</strong></span> <span class='ocrx_word' id='word_1_34' title='bbox 891 989 1039 1062; x_wconf 88' lang='lat' dir='ltr'><strong>virtutes</strong></span> <span class='ocrx_word' id='word_1_35' title='bbox 1056 982 1232 1058; x_wconf 80' lang='lat' dir='ltr'><strong>humanae</strong></span> <span class='ocrx_word' id='word_1_36' title='bbox 1248 989 1402 1058; x_wconf 86' lang='lat' dir='ltr'><strong>liberant</strong></span> <span class='ocrx_word' id='word_1_37' title='bbox 1418 1011 1436 1055; x_wconf 86' lang='lat' dir='ltr'><strong>a</strong></span> <span class='ocrx_word' id='word_1_38' title='bbox 1451 1011 1533 1078; x_wconf 89' lang='lat' dir='ltr'><strong>pec-</strong></span> 
     </span>
     <span class='ocr_line' id='line_1_5' title="bbox 540 1089 1534 1184; baseline -0.011 -18"><span class='ocrx_word' id='word_1_39' title='bbox 540 1111 617 1167; x_wconf 86' lang='lat' dir='ltr'><strong>cato</strong></span> <span class='ocrx_word' id='word_1_40' title='bbox 633 1108 668 1164; x_wconf 92' lang='lat' dir='ltr'><strong>et</strong></span> <span class='ocrx_word' id='word_1_41' title='bbox 683 1119 701 1162; x_wconf 89' lang='lat' dir='ltr'><strong>a</strong></span> <span class='ocrx_word' id='word_1_42' title='bbox 715 1093 839 1184; x_wconf 88' lang='lat' dir='ltr'><strong>poeuis</strong></span> <span class='ocrx_word' id='word_1_43' title='bbox 855 1091 1028 1174; x_wconf 82' lang='lat' dir='ltr'><strong>externis,</strong></span> <span class='ocrx_word' id='word_1_44' title='bbox 1061 1090 1200 1160; x_wconf 87' lang='lat' dir='ltr'><strong>etiarnsi</strong></span> <span class='ocrx_word' id='word_1_45' title='bbox 1221 1089 1334 1184; x_wconf 86' lang='lat' dir='ltr'><strong>aliqui</strong></span> <span class='ocrx_word' id='word_1_46' title='bbox 1358 1090 1534 1158; x_wconf 83' lang='lat' dir='ltr'><strong>excellen-</strong></span> 
     </span>
    </p>
   </div>
   <div class='ocr_carea' id='block_1_3' title="bbox 1584 1014 2584 1209">
    <p class='ocr_par' dir='ltr' id='par_1_3' title="bbox 1584 1014 2584 1209">
     <span class='ocr_line' id='line_1_6' title="bbox 1584 1014 2584 1112; baseline 0.001 -25"><span class='ocrx_word' id='word_1_47' title='bbox 1584 1018 1825 1112; x_wconf 80' lang='lat' dir='ltr'><strong>priniipium,</strong></span> <span class='ocrx_word' id='word_1_48' title='bbox 1863 1020 1908 1088; x_wconf 90' lang='lat' dir='ltr'><strong>de</strong></span> <span class='ocrx_word' id='word_1_49' title='bbox 1940 1019 2128 1090; x_wconf 83' lang='lat' dir='ltr'><strong>divinitate</strong></span> <span class='ocrx_word' id='word_1_50' title='bbox 2147 1014 2303 1105; x_wconf 86' lang='lat' dir='ltr'><strong>Christi,</strong></span> <span class='ocrx_word' id='word_1_51' title='bbox 2342 1032 2419 1090; x_wconf 88' lang='lat' dir='ltr'><strong>orta</strong></span> <span class='ocrx_word' id='word_1_52' title='bbox 2443 1043 2487 1090; x_wconf 83' lang='lat' dir='ltr'><strong>ex</strong></span> <span class='ocrx_word' id='word_1_53' title='bbox 2508 1043 2584 1088; x_wconf 90' lang='lat' dir='ltr'><strong>riou</strong></span> 
     </span>
     <span class='ocr_line' id='line_1_7' title="bbox 1586 1115 2583 1209; baseline 0.002 -19"><span class='ocrx_word' id='word_1_54' title='bbox 1586 1122 1671 1192; x_wconf 82' lang='lat' dir='ltr'><strong>satis</strong></span> <span class='ocrx_word' id='word_1_55' title='bbox 1694 1122 1832 1194; x_wconf 84' lang='lat' dir='ltr'><strong>eruditu</strong></span> <span class='ocrx_word' id='word_1_56' title='bbox 1854 1121 2027 1196; x_wconf 83' lang='lat' dir='ltr'><strong>versione.</strong></span> <span class='ocrx_word' id='word_1_57' title='bbox 2079 1119 2168 1190; x_wconf 87' lang='lat' dir='ltr'><strong>Nam</strong></span> <span class='ocrx_word' id='word_1_58' title='bbox 2185 1135 2300 1194; x_wconf 82' lang='lat' dir='ltr'><strong>teitus</strong></span> <span class='ocrx_word' id='word_1_59' title='bbox 2314 1143 2388 1193; x_wconf 90' lang='lat' dir='ltr'><strong>non</strong></span> <span class='ocrx_word' id='word_1_60' title='bbox 2405 1115 2473 1192; x_wconf 91' lang='lat' dir='ltr'><strong>hoc</strong></span> <span class='ocrx_word' id='word_1_61' title='bbox 2494 1121 2583 1209; x_wconf 89' lang='lat' dir='ltr'><strong>vult,</strong></span> 
     </span>
    </p>
   </div>
   <div class='ocr_carea' id='block_1_4' title="bbox 538 1189 2585 1418">
    <p class='ocr_par' dir='ltr' id='par_1_4' title="bbox 538 1189 2585 1418">
     <span class='ocr_line' id='line_1_8' title="bbox 538 1189 2583 1315; baseline 0.003 -48"><span class='ocrx_word' id='word_1_62' title='bbox 538 1215 594 1268; x_wconf 88' lang='lat' dir='ltr'><strong>tes</strong></span> <span class='ocrx_word' id='word_1_63' title='bbox 611 1210 644 1264; x_wconf 87' lang='lat' dir='ltr'><strong>et</strong></span> <span class='ocrx_word' id='word_1_64' title='bbox 663 1191 798 1265; x_wconf 91' lang='lat' dir='ltr'><strong>heroici</strong></span> <span class='ocrx_word' id='word_1_65' title='bbox 815 1194 883 1262; x_wconf 89' lang='lat' dir='ltr'><strong>viri</strong></span> <span class='ocrx_word' id='word_1_66' title='bbox 901 1189 1032 1262; x_wconf 89' lang='lat' dir='ltr'><strong>liabent</strong></span> <span class='ocrx_word' id='word_1_67' title='bbox 1054 1192 1191 1282; x_wconf 88' lang='lat' dir='ltr'><strong>egregia</strong></span> <span class='ocrx_word' id='word_1_68' title='bbox 1215 1193 1364 1277; x_wconf 90' lang='lat' dir='ltr'><strong>decora,</strong></span> <span class='ocrx_word' id='word_1_69' title='bbox 1397 1194 1534 1260; x_wconf 80' lang='lat' dir='ltr'><strong>etiamst</strong></span> <span class='ocrx_word' id='word_1_70' title='bbox 1584 1224 1680 1315; x_wconf 68' lang='lat' dir='ltr'><strong>quod</strong></span> <span class='ocrx_word' id='word_1_71' title='bbox 1704 1219 1868 1294; x_wconf 48' lang='lat' dir='ltr'>Christus</span> <span class='ocrx_word' id='word_1_72' title='bbox 1892 1245 1928 1292; x_wconf 51' lang='lat' dir='ltr'><strong>,e</strong></span> <span class='ocrx_word' id='word_1_73' title='bbox 1950 1235 2050 1294; x_wconf 58' lang='lat' dir='ltr'><strong>vocet</strong></span> <span class='ocrx_word' id='word_1_74' title='bbox 2080 1222 2317 1313; x_wconf 59' lang='lat' dir='ltr'><strong>principium,</strong></span> <span class='ocrx_word' id='word_1_75' title='bbox 2358 1225 2420 1294; x_wconf 59' lang='lat' dir='ltr'><strong>,gd</strong></span> <span class='ocrx_word' id='word_1_76' title='bbox 2443 1221 2583 1294; x_wconf 56' lang='lat' dir='ltr'><strong>Graece</strong></span> 
     </span>
     <span class='ocr_line' id='line_1_9' title="bbox 539 1293 2585 1418; baseline 0.004 -49"><span class='ocrx_word' id='word_1_77' title='bbox 539 1295 752 1370; x_wconf 85' lang='lat' dir='ltr'><strong>Pharisaeus</strong></span> <span class='ocrx_word' id='word_1_78' title='bbox 774 1309 926 1387; x_wconf 86' lang='lat' dir='ltr'><strong>praestat</strong></span> <span class='ocrx_word' id='word_1_79' title='bbox 947 1293 1069 1364; x_wconf 89' lang='lat' dir='ltr'><strong>multis</strong></span> <span class='ocrx_word' id='word_1_80' title='bbox 1087 1293 1191 1384; x_wconf 89' lang='lat' dir='ltr'><strong>aliis,</strong></span> <span class='ocrx_word' id='word_1_81' title='bbox 1216 1307 1356 1379; x_wconf 89' lang='lat' dir='ltr'><strong>tamen,</strong></span> <span class='ocrx_word' id='word_1_82' title='bbox 1381 1293 1465 1387; x_wconf 81' lang='lat' dir='ltr'><strong>quia</strong></span> <span class='ocrx_word' id='word_1_83' title='bbox 1484 1305 1534 1361; x_wconf 88' lang='lat' dir='ltr'><strong>est</strong></span> <span class='ocrx_word' id='word_1_84' title='bbox 1560 1350 1564 1384; x_wconf 72' lang='lat'><strong>,</strong></span> <span class='ocrx_word' id='word_1_85' title='bbox 1587 1339 1638 1396; x_wconf 52' lang='grc' dir='ltr'>ω</span> <span class='ocrx_word' id='word_1_86' title='bbox 1653 1325 1780 1396; x_wconf 57' lang='lat' dir='ltr'><strong>usim,</strong></span> <span class='ocrx_word' id='word_1_87' title='bbox 1798 1320 1938 1416; x_wconf 57' lang='lat' dir='ltr'><strong>phrasi,</strong></span> <span class='ocrx_word' id='word_1_88' title='bbox 1960 1326 1999 1394; x_wconf 73' lang='lat' dir='ltr'><strong>jn</strong></span> <span class='ocrx_word' id='word_1_89' title='bbox 2017 1348 2100 1394; x_wconf 61' lang='lat' dir='ltr'><strong>,oce</strong></span> <span class='ocrx_word' id='word_1_90' title='bbox 2122 1319 2191 1417; x_wconf 53' lang='lat' dir='ltr'><strong>„qv</strong></span> <span class='ocrx_word' id='word_1_91' title='bbox 2208 1319 2348 1418; x_wconf 54' lang='grc' dir='ltr'><strong><em>ἀρχὴν,</em></strong></span> <span class='ocrx_word' id='word_1_92' title='bbox 2375 1349 2466 1418; x_wconf 53' lang='grc' dir='ltr'><strong>φη,</strong></span> <span class='ocrx_word' id='word_1_93' title='bbox 2492 1325 2585 1398; x_wconf 58' lang='lat' dir='ltr'><strong>gotes</strong></span> 
     </span>
    </p>
   </div>
   <div class='ocr_carea' id='block_1_5' title="bbox 1560 1391 2586 1936">
    <p class='ocr_par' dir='ltr' id='par_1_5' title="bbox 1560 1391 2586 1936">
     <span class='ocr_line' id='line_1_10' title="bbox 1560 1391 2584 1531; baseline 0 -35"><span class='ocrx_word' id='word_1_94' title='bbox 1560 1391 1564 1531; x_wconf 72' lang='lat' dir='ltr'><strong>l</strong></span> <span class='ocrx_word' id='word_1_95' title='bbox 1586 1450 1651 1518; x_wconf 91' lang='lat' dir='ltr'><strong>pro</strong></span> <span class='ocrx_word' id='word_1_96' title='bbox 1667 1427 1837 1496; x_wconf 87' lang='lat' dir='ltr'><strong>adverbio</strong></span> <span class='ocrx_word' id='word_1_97' title='bbox 1853 1428 2015 1519; x_wconf 89' lang='lat' dir='ltr'><strong>usurpari</strong></span> <span class='ocrx_word' id='word_1_98' title='bbox 2024 1477 2037 1511; x_wconf 85' lang='lat'><strong>,</strong></span> <span class='ocrx_word' id='word_1_99' title='bbox 2065 1439 2106 1498; x_wconf 90' lang='lat' dir='ltr'><strong>ut</strong></span> <span class='ocrx_word' id='word_1_100' title='bbox 2126 1451 2192 1499; x_wconf 88' lang='lat' dir='ltr'><strong>rios</strong></span> <span class='ocrx_word' id='word_1_101' title='bbox 2206 1429 2375 1498; x_wconf 89' lang='lat' dir='ltr'><strong>dicimus:</strong></span> <span class='ocrx_word' id='word_1_102' title='bbox 2404 1426 2584 1520; x_wconf 85' lang='lat' dir='ltr'><strong>principio</strong></span> 
     </span>
     <span class='ocr_line' id='line_1_11' title="bbox 1587 1528 2584 1620; baseline 0.001 -21"><span class='ocrx_word' id='word_1_103' title='bbox 1587 1541 1649 1599; x_wconf 88' lang='lat' dir='ltr'><strong>aut</strong></span> <span class='ocrx_word' id='word_1_104' title='bbox 1671 1529 1857 1620; x_wconf 90' lang='lat' dir='ltr'><strong>inprimis,</strong></span> <span class='ocrx_word' id='word_1_105' title='bbox 1888 1546 2055 1600; x_wconf 78' lang='lat' dir='ltr'><strong>cenante</strong></span> <span class='ocrx_word' id='word_1_106' title='bbox 2080 1528 2220 1612; x_wconf 88' lang='lat' dir='ltr'><strong>omnia,</strong></span> <span class='ocrx_word' id='word_1_107' title='bbox 2255 1551 2319 1598; x_wconf 88' lang='lat' dir='ltr'><strong>seu</strong></span> <span class='ocrx_word' id='word_1_108' title='bbox 2337 1551 2511 1620; x_wconf 86' lang='lat' dir='ltr'><strong>prorsus,</strong></span> <span class='ocrx_word' id='word_1_109' title='bbox 2538 1529 2584 1600; x_wconf 86' lang='lat' dir='ltr'><strong>iia</strong></span> 
     </span>
     <span class='ocr_line' id='line_1_12' title="bbox 1587 1625 2585 1724; baseline -0.001 -25"><span class='ocrx_word' id='word_1_110' title='bbox 1587 1627 1646 1700; x_wconf 90' lang='lat' dir='ltr'><strong>liic</strong></span> <span class='ocrx_word' id='word_1_111' title='bbox 1663 1653 1805 1723; x_wconf 87' lang='lat' dir='ltr'><strong>quoqne</strong></span> <span class='ocrx_word' id='word_1_112' title='bbox 1820 1632 2014 1724; x_wconf 86' lang='lat' dir='ltr'><strong>accipiatur</strong></span> <span class='ocrx_word' id='word_1_113' title='bbox 2037 1630 2235 1721; x_wconf 88' lang='lat' dir='ltr'><strong>principio,</strong></span> <span class='ocrx_word' id='word_1_114' title='bbox 2265 1625 2332 1703; x_wconf 90' lang='lat' dir='ltr'><strong>hoe</strong></span> <span class='ocrx_word' id='word_1_115' title='bbox 2357 1631 2473 1722; x_wconf 86' lang='lat' dir='ltr'><strong>ipsum</strong></span> <span class='ocrx_word' id='word_1_116' title='bbox 2505 1653 2585 1700; x_wconf 85' lang='lat' dir='ltr'><strong>suni</strong></span> 
     </span>
     <span class='ocr_line' id='line_1_13' title="bbox 1561 1731 2586 1936; baseline 0 -134"><span class='ocrx_word' id='word_1_117' title='bbox 1561 1736 1682 1936; x_wconf 66' lang='lat' dir='ltr'><strong>¹quod</strong></span> <span class='ocrx_word' id='word_1_118' title='bbox 1707 1734 1855 1824; x_wconf 91' lang='lat' dir='ltr'><strong>loquor,</strong></span> <span class='ocrx_word' id='word_1_119' title='bbox 1881 1733 1982 1826; x_wconf 84' lang='lat' dir='ltr'><strong>quasi</strong></span> <span class='ocrx_word' id='word_1_120' title='bbox 2005 1733 2112 1807; x_wconf 83' lang='lat' dir='ltr'><strong>dicat:</strong></span> <span class='ocrx_word' id='word_1_121' title='bbox 2139 1731 2302 1807; x_wconf 84' lang='lat' dir='ltr'><strong>ltideaiis</strong></span> <span class='ocrx_word' id='word_1_122' title='bbox 2317 1755 2419 1816; x_wconf 80' lang='lat' dir='ltr'><strong>seue,</strong></span> <span class='ocrx_word' id='word_1_123' title='bbox 2445 1753 2514 1822; x_wconf 74' lang='lat' dir='ltr'><strong>ogo</strong></span> <span class='ocrx_word' id='word_1_124' title='bbox 2532 1745 2586 1802; x_wconf 85' lang='lat' dir='ltr'><strong>ta·</strong></span> 
     </span>
    </p>
   </div>
   <div class='ocr_carea' id='block_1_6' title="bbox 435 1395 1566 2108">
    <p class='ocr_par' dir='ltr' id='par_1_6' title="bbox 435 1395 1566 2108">
     <span class='ocr_line' id='line_1_14' title="bbox 541 1395 1534 1489; baseline -0.01 -17"><span class='ocrx_word' id='word_1_125' title='bbox 541 1404 618 1472; x_wconf 87' lang='lat' dir='ltr'><strong>sine</strong></span> <span class='ocrx_word' id='word_1_126' title='bbox 634 1401 724 1480; x_wconf 83' lang='lat' dir='ltr'><strong>side.</strong></span> <span class='ocrx_word' id='word_1_127' title='bbox 751 1423 825 1467; x_wconf 88' lang='lat' dir='ltr'><strong>nori</strong></span> <span class='ocrx_word' id='word_1_128' title='bbox 843 1399 956 1489; x_wconf 90' lang='lat' dir='ltr'><strong>placet</strong></span> <span class='ocrx_word' id='word_1_129' title='bbox 972 1397 1070 1480; x_wconf 90' lang='lat' dir='ltr'><strong>Deo,</strong></span> <span class='ocrx_word' id='word_1_130' title='bbox 1104 1419 1178 1464; x_wconf 90' lang='lat' dir='ltr'><strong>non</strong></span> <span class='ocrx_word' id='word_1_131' title='bbox 1196 1395 1404 1466; x_wconf 87' lang='lat' dir='ltr'><strong>liberatura</strong></span> <span class='ocrx_word' id='word_1_132' title='bbox 1421 1408 1534 1465; x_wconf 90' lang='lat' dir='ltr'><strong>morte</strong></span> 
     </span>
     <span class='ocr_line' id='line_1_15' title="bbox 542 1497 1533 1587; baseline -0.009 -15"><span class='ocrx_word' id='word_1_133' title='bbox 542 1518 704 1586; x_wconf 77' lang='lat' dir='ltr'><strong>aeterna,</strong></span> <span class='ocrx_word' id='word_1_134' title='bbox 731 1515 874 1570; x_wconf 91' lang='lat' dir='ltr'><strong>econtra</strong></span> <span class='ocrx_word' id='word_1_135' title='bbox 889 1498 1017 1566; x_wconf 80' lang='lat' dir='ltr'><strong>inisero</strong></span> <span class='ocrx_word' id='word_1_136' title='bbox 1033 1497 1163 1568; x_wconf 86' lang='lat' dir='ltr'><strong>mulier</strong></span> <span class='ocrx_word' id='word_1_137' title='bbox 1185 1498 1378 1587; x_wconf 79' lang='lat' dir='ltr'><strong>peccatrix,</strong></span> <span class='ocrx_word' id='word_1_138' title='bbox 1403 1510 1464 1566; x_wconf 92' lang='lat' dir='ltr'><strong>aut</strong></span> <span class='ocrx_word' id='word_1_139' title='bbox 1481 1497 1533 1564; x_wconf 85' lang='lat' dir='ltr'><strong>la-</strong></span> 
     </span>
     <span class='ocr_line' id='line_1_16' title="bbox 542 1599 1535 1694; baseline -0.009 -19"><span class='ocrx_word' id='word_1_140' title='bbox 542 1622 601 1676; x_wconf 89' lang='lat' dir='ltr'><strong>tro</strong></span> <span class='ocrx_word' id='word_1_141' title='bbox 635 1605 795 1694; x_wconf 88' lang='lat' dir='ltr'><strong>pendens</strong></span> <span class='ocrx_word' id='word_1_142' title='bbox 824 1601 862 1670; x_wconf 90' lang='lat' dir='ltr'><strong>in</strong></span> <span class='ocrx_word' id='word_1_143' title='bbox 883 1623 1004 1684; x_wconf 88' lang='lat' dir='ltr'><strong>crure,</strong></span> <span class='ocrx_word' id='word_1_144' title='bbox 1035 1600 1098 1668; x_wconf 91' lang='lat' dir='ltr'><strong>etsi</strong></span> <span class='ocrx_word' id='word_1_145' title='bbox 1124 1624 1199 1668; x_wconf 90' lang='lat' dir='ltr'><strong>non</strong></span> <span class='ocrx_word' id='word_1_146' title='bbox 1220 1599 1374 1670; x_wconf 82' lang='lat' dir='ltr'><strong>afferunt</strong></span> <span class='ocrx_word' id='word_1_147' title='bbox 1395 1602 1535 1682; x_wconf 89' lang='lat' dir='ltr'><strong>merita,</strong></span> 
     </span>
     <span class='ocr_line' id='line_1_17' title="bbox 542 1695 1535 1798; baseline -0.01 -20"><span class='ocrx_word' id='word_1_148' title='bbox 542 1722 662 1778; x_wconf 88' lang='lat' dir='ltr'><strong>tamen</strong></span> <span class='ocrx_word' id='word_1_149' title='bbox 680 1706 761 1798; x_wconf 92' lang='lat' dir='ltr'><strong>qnia</strong></span> <span class='ocrx_word' id='word_1_150' title='bbox 779 1704 818 1771; x_wconf 92' lang='lat' dir='ltr'><strong>iii</strong></span> <span class='ocrx_word' id='word_1_151' title='bbox 834 1701 1051 1794; x_wconf 90' lang='lat' dir='ltr'><strong>poenitentia</strong></span> <span class='ocrx_word' id='word_1_152' title='bbox 1069 1702 1137 1770; x_wconf 83' lang='lat' dir='ltr'><strong>fide</strong></span> <span class='ocrx_word' id='word_1_153' title='bbox 1154 1701 1364 1788; x_wconf 80' lang='lat' dir='ltr'><strong>confugiunt</strong></span> <span class='ocrx_word' id='word_1_154' title='bbox 1378 1702 1423 1770; x_wconf 89' lang='lat' dir='ltr'><strong>ad</strong></span> <span class='ocrx_word' id='word_1_155' title='bbox 1439 1695 1535 1768; x_wconf 89' lang='lat' dir='ltr'><strong>hunc</strong></span> 
     </span>
     <span class='ocr_line' id='line_1_18' title="bbox 544 1804 1537 1896; baseline -0.014 -16"><span class='ocrx_word' id='word_1_156' title='bbox 544 1808 754 1892; x_wconf 88' lang='lat' dir='ltr'><strong>dominum,</strong></span> <span class='ocrx_word' id='word_1_157' title='bbox 788 1828 870 1872; x_wconf 87' lang='lat' dir='ltr'><strong>vere</strong></span> <span class='ocrx_word' id='word_1_158' title='bbox 901 1818 1167 1896; x_wconf 89' lang='lat' dir='ltr'><strong>consequuntur</strong></span> <span class='ocrx_word' id='word_1_159' title='bbox 1189 1804 1433 1872; x_wconf 81' lang='lat' dir='ltr'><strong>remissionem</strong></span> <span class='ocrx_word' id='word_1_160' title='bbox 1454 1827 1537 1893; x_wconf 89' lang='lat' dir='ltr'><strong>pec.</strong></span> 
     </span>
     <span class='ocr_line' id='line_1_19' title="bbox 544 1903 1565 1991; baseline -0.012 -9"><span class='ocrx_word' id='word_1_161' title='bbox 544 1925 703 1982; x_wconf 88' lang='lat' dir='ltr'><strong>catorum</strong></span> <span class='ocrx_word' id='word_1_162' title='bbox 727 1921 762 1978; x_wconf 89' lang='lat' dir='ltr'><strong>et</strong></span> <span class='ocrx_word' id='word_1_163' title='bbox 785 1907 894 1978; x_wconf 90' lang='lat' dir='ltr'><strong>vitain</strong></span> <span class='ocrx_word' id='word_1_164' title='bbox 918 1919 1107 1978; x_wconf 86' lang='lat' dir='ltr'><strong>aeternam.</strong></span> <span class='ocrx_word' id='word_1_165' title='bbox 1179 1903 1221 1973; x_wconf 94' lang='lat' dir='ltr'><strong>ln</strong></span> <span class='ocrx_word' id='word_1_166' title='bbox 1246 1906 1345 1991; x_wconf 85' lang='lat' dir='ltr'><strong>aliis,</strong></span> <span class='ocrx_word' id='word_1_167' title='bbox 1376 1904 1439 1974; x_wconf 91' lang='lat' dir='ltr'><strong>nbi</strong></span> <span class='ocrx_word' id='word_1_168' title='bbox 1462 1927 1535 1972; x_wconf 91' lang='lat' dir='ltr'><strong>non</strong></span> <span class='ocrx_word' id='word_1_169' title='bbox 1563 1941 1565 1957; x_wconf 69' lang='grc' dir='ltr'>ι</span> 
     </span>
     <span class='ocr_line' id='line_1_20' title="bbox 435 1983 1566 2108; baseline -0.008 -25"><span class='ocrx_word' id='word_1_170' title='bbox 435 2097 442 2108; x_wconf 86' lang='lat'><strong>.</strong></span> <span class='ocrx_word' id='word_1_171' title='bbox 544 2026 597 2096; x_wconf 83' lang='lat' dir='ltr'><strong>¹est</strong></span> <span class='ocrx_word' id='word_1_172' title='bbox 626 2010 759 2099; x_wconf 80' lang='lat' dir='ltr'><strong>agnitio</strong></span> <span class='ocrx_word' id='word_1_173' title='bbox 789 2033 851 2079; x_wconf 87' lang='lat' dir='ltr'><strong>seu</strong></span> <span class='ocrx_word' id='word_1_174' title='bbox 886 2008 972 2078; x_wconf 85' lang='lat' dir='ltr'><strong>fides</strong></span> <span class='ocrx_word' id='word_1_175' title='bbox 1003 2008 1304 2078; x_wconf 85' lang='lat' dir='ltr'><strong>reconciliationis</strong></span> <span class='ocrx_word' id='word_1_176' title='bbox 1343 1983 1566 2100; x_wconf 79' lang='lat' dir='ltr'><strong>promissael</strong></span> 
     </span>
    </p>
   </div>
   <div class='ocr_carea' id='block_1_7' title="bbox 1588 1828 2587 2028">
    <p class='ocr_par' dir='ltr' id='par_1_7' title="bbox 1588 1828 2587 2028">
     <span class='ocr_line' id='line_1_21' title="bbox 1588 1828 2587 1927; baseline 0.002 -25"><span class='ocrx_word' id='word_1_177' title='bbox 1588 1857 1670 1902; x_wconf 93' lang='lat' dir='ltr'><strong>inen</strong></span> <span class='ocrx_word' id='word_1_178' title='bbox 1695 1834 1835 1903; x_wconf 84' lang='lat' dir='ltr'><strong>affirmo</strong></span> <span class='ocrx_word' id='word_1_179' title='bbox 1857 1836 1960 1904; x_wconf 86' lang='lat' dir='ltr'><strong>vobis</strong></span> <span class='ocrx_word' id='word_1_180' title='bbox 1982 1858 2039 1903; x_wconf 91' lang='lat' dir='ltr'><strong>iiie</strong></span> <span class='ocrx_word' id='word_1_181' title='bbox 2069 1857 2142 1903; x_wconf 90' lang='lat' dir='ltr'><strong>esse</strong></span> <span class='ocrx_word' id='word_1_182' title='bbox 2171 1828 2272 1914; x_wconf 41' lang='lat' dir='ltr'><strong>hunc,</strong></span> <span class='ocrx_word' id='word_1_183' title='bbox 2299 1833 2435 1924; x_wconf 85' lang='lat' dir='ltr'><strong>ipsum,</strong></span> <span class='ocrx_word' id='word_1_184' title='bbox 2474 1855 2587 1927; x_wconf 87' lang='lat' dir='ltr'><strong>quem</strong></span> 
     </span>
     <span class='ocr_line' id='line_1_22' title="bbox 1588 1933 2585 2028; baseline 0 -24"><span class='ocrx_word' id='word_1_185' title='bbox 1588 1936 1680 2006; x_wconf 90' lang='lat' dir='ltr'><strong>diiii:</strong></span> <span class='ocrx_word' id='word_1_186' title='bbox 1707 1933 1786 2004; x_wconf 94' lang='lat' dir='ltr'><strong>Hoc</strong></span> <span class='ocrx_word' id='word_1_187' title='bbox 1806 1950 1888 2006; x_wconf 90' lang='lat' dir='ltr'><strong>ante</strong></span> <span class='ocrx_word' id='word_1_188' title='bbox 1909 1937 2029 2006; x_wconf 89' lang='lat' dir='ltr'><strong>omnia</strong></span> <span class='ocrx_word' id='word_1_189' title='bbox 2051 1936 2152 2006; x_wconf 89' lang='lat' dir='ltr'><strong>vobis</strong></span> <span class='ocrx_word' id='word_1_190' title='bbox 2174 1936 2350 2024; x_wconf 87' lang='lat' dir='ltr'><strong>agendum</strong></span> <span class='ocrx_word' id='word_1_191' title='bbox 2374 1950 2444 2028; x_wconf 85' lang='lat' dir='ltr'><strong>est,</strong></span> <span class='ocrx_word' id='word_1_192' title='bbox 2470 1951 2515 2006; x_wconf 90' lang='lat' dir='ltr'><strong>ut</strong></span> <span class='ocrx_word' id='word_1_193' title='bbox 2531 1959 2585 2004; x_wconf 92' lang='lat' dir='ltr'><strong>me</strong></span> 
     </span>
    </p>
   </div>
   <div class='ocr_carea' id='block_1_8' title="bbox 543 2035 2583 2230">
    <p class='ocr_par' dir='ltr' id='par_1_8' title="bbox 543 2035 2583 2230">
     <span class='ocr_line' id='line_1_23' title="bbox 1587 2035 2583 2107; baseline -0.001 0"><span class='ocrx_word' id='word_1_194' title='bbox 1587 2037 1784 2107; x_wconf 88' lang='lat' dir='ltr'><strong>anoscatis</strong></span> <span class='ocrx_word' id='word_1_195' title='bbox 1826 2061 1879 2106; x_wconf 88' lang='lat' dir='ltr'><strong>sse</strong></span> <span class='ocrx_word' id='word_1_196' title='bbox 2020 2061 2075 2107; x_wconf 90' lang='lat' dir='ltr'><strong>em</strong></span> <span class='ocrx_word' id='word_1_197' title='bbox 2091 2037 2175 2107; x_wconf 89' lang='lat' dir='ltr'><strong>inis</strong></span> <span class='ocrx_word' id='word_1_198' title='bbox 2203 2060 2276 2107; x_wconf 87' lang='lat' dir='ltr'><strong>ma</strong></span> <span class='ocrx_word' id='word_1_199' title='bbox 2352 2061 2389 2106; x_wconf 88' lang='lat' dir='ltr'><strong>re</strong></span> <span class='ocrx_word' id='word_1_200' title='bbox 2428 2035 2500 2106; x_wconf 84' lang='lat' dir='ltr'><strong>affe</strong></span> <span class='ocrx_word' id='word_1_201' title='bbox 2521 2061 2583 2106; x_wconf 92' lang='lat' dir='ltr'><strong>en-</strong></span> 
     </span>
     <span class='ocr_line' id='line_1_24' title="bbox 543 2039 2583 2230; baseline -0.002 -48"><span class='ocrx_word' id='word_1_202' title='bbox 543 2126 690 2206; x_wconf 88' lang='lat' dir='ltr'><strong>propter</strong></span> <span class='ocrx_word' id='word_1_203' title='bbox 705 2107 803 2182; x_wconf 88' lang='lat' dir='ltr'><strong>hunc</strong></span> <span class='ocrx_word' id='word_1_204' title='bbox 818 2111 1062 2194; x_wconf 84' lang='lat' dir='ltr'><strong>mediatorem,</strong></span> <span class='ocrx_word' id='word_1_205' title='bbox 1083 2133 1222 2179; x_wconf 86' lang='lat' dir='ltr'><strong>necesse</strong></span> <span class='ocrx_word' id='word_1_206' title='bbox 1239 2123 1292 2180; x_wconf 92' lang='lat' dir='ltr'><strong>est</strong></span> <span class='ocrx_word' id='word_1_207' title='bbox 1307 2109 1408 2202; x_wconf 86' lang='lat' dir='ltr'><strong>sequi</strong></span> <span class='ocrx_word' id='word_1_208' title='bbox 1422 2123 1537 2178; x_wconf 84' lang='lat' dir='ltr'><strong>aeter·</strong></span> <span class='ocrx_word' id='word_1_209' title='bbox 1588 2061 1659 2212; x_wconf 53' lang='lat' dir='ltr'><strong>,eim</strong></span> <span class='ocrx_word' id='word_1_210' title='bbox 1682 2062 1829 2209; x_wconf 48' lang='lat' dir='ltr'><strong>verbmt,</strong></span> <span class='ocrx_word' id='word_1_211' title='bbox 1852 2039 2117 2210; x_wconf 49' lang='lat' dir='ltr'><strong>etdgffimm</strong></span> <span class='ocrx_word' id='word_1_212' title='bbox 2141 2059 2269 2230; x_wconf 42' lang='grc' dir='ltr'><strong>Ἀῶ,</strong></span> <span class='ocrx_word' id='word_1_213' title='bbox 2292 2051 2446 2209; x_wconf 49' lang='grc' dir='ltr'><strong>ἱῖῑωῇιῑ</strong></span> <span class='ocrx_word' id='word_1_214' title='bbox 2461 2061 2583 2212; x_wconf 46' lang='grc' dir='ltr'><strong>(ἑὼ,</strong></span> 
     </span>
    </p>
   </div>
   <div class='ocr_carea' id='block_1_9' title="bbox 543 2207 2582 2333">
    <p class='ocr_par' dir='ltr' id='par_1_9' title="bbox 543 2207 2582 2333">
     <span class='ocr_line' id='line_1_25' title="bbox 543 2207 2582 2333; baseline -0.004 -48"><span class='ocrx_word' id='word_1_215' title='bbox 543 2214 755 2294; x_wconf 88' lang='lat' dir='ltr'><strong>namiram,</strong></span> <span class='ocrx_word' id='word_1_216' title='bbox 787 2213 871 2305; x_wconf 85' lang='lat' dir='ltr'><strong>quia</strong></span> <span class='ocrx_word' id='word_1_217' title='bbox 894 2225 928 2281; x_wconf 87' lang='lat' dir='ltr'><strong>et</strong></span> <span class='ocrx_word' id='word_1_218' title='bbox 951 2212 1085 2304; x_wconf 90' lang='lat' dir='ltr'><strong>alioqui</strong></span> <span class='ocrx_word' id='word_1_219' title='bbox 1108 2212 1313 2280; x_wconf 88' lang='lat' dir='ltr'><strong>universnm</strong></span> <span class='ocrx_word' id='word_1_220' title='bbox 1336 2233 1446 2300; x_wconf 85' lang='lat' dir='ltr'><strong>genus</strong></span> <span class='ocrx_word' id='word_1_221' title='bbox 1469 2207 1537 2278; x_wconf 85' lang='lat' dir='ltr'><strong>hn-</strong></span> <span class='ocrx_word' id='word_1_222' title='bbox 1589 2242 1644 2311; x_wconf 43' lang='grc' dir='ltr'><strong>ῦς.</strong></span> <span class='ocrx_word' id='word_1_223' title='bbox 1697 2239 1937 2312; x_wconf 59' lang='lat' dir='ltr'>Hoeverbum</span> <span class='ocrx_word' id='word_1_224' title='bbox 1954 2245 2110 2333; x_wconf 61' lang='lat' dir='ltr'><strong>primum</strong></span> <span class='ocrx_word' id='word_1_225' title='bbox 2134 2235 2353 2311; x_wconf 53' lang='lat' dir='ltr'>audiendum</span> <span class='ocrx_word' id='word_1_226' title='bbox 2375 2255 2444 2326; x_wconf 51' lang='lat' dir='ltr'><strong>‘st&#39;</strong></span> <span class='ocrx_word' id='word_1_227' title='bbox 2473 2255 2508 2311; x_wconf 55' lang='lat' dir='ltr'><strong>et</strong></span> <span class='ocrx_word' id='word_1_228' title='bbox 2525 2267 2582 2311; x_wconf 54' lang='lat' dir='ltr'><strong>ac,</strong></span> 
     </span>
    </p>
   </div>
   <div class='ocr_carea' id='block_1_10' title="bbox 543 2327 2557 2508">
    <p class='ocr_par' dir='ltr' id='par_1_10' title="bbox 543 2327 2557 2508">
     <span class='ocr_line' id='line_1_26' title="bbox 543 2327 2557 2442; baseline -0 -24"><span class='ocrx_word' id='word_1_229' title='bbox 543 2340 692 2433; x_wconf 60' lang='grc' dir='ltr'><strong>’ΜΨ</strong></span> <span class='ocrx_word' id='word_1_230' title='bbox 726 2338 933 2432; x_wconf 60' lang='grc' dir='ltr'>οΡΡ“5ω’,“</span> <span class='ocrx_word' id='word_1_231' title='bbox 964 2327 1017 2431; x_wconf 58' lang='lat'><strong>⁰⁵}</strong></span> <span class='ocrx_word' id='word_1_232' title='bbox 1041 2327 1200 2431; x_wconf 49' lang='lat' dir='ltr'>Peffflffi</span> <span class='ocrx_word' id='word_1_233' title='bbox 1239 2327 1392 2384; x_wconf 58' lang='lat' dir='ltr'><strong>‘mum</strong></span> <span class='ocrx_word' id='word_1_234' title='bbox 1414 2336 1537 2432; x_wconf 56' lang='lat' dir='ltr'>§⁰‚fflm</span> <span class='ocrx_word' id='word_1_235' title='bbox 1589 2343 1793 2442; x_wconf 86' lang='lat' dir='ltr'><strong>cipiendum</strong></span> <span class='ocrx_word' id='word_1_236' title='bbox 1807 2343 1896 2430; x_wconf 87' lang='lat' dir='ltr'><strong>fide,</strong></span> <span class='ocrx_word' id='word_1_237' title='bbox 1924 2344 1971 2414; x_wconf 87' lang='lat' dir='ltr'><strong>ita</strong></span> <span class='ocrx_word' id='word_1_238' title='bbox 1988 2347 2132 2414; x_wconf 89' lang='lat' dir='ltr'><strong>demum</strong></span> <span class='ocrx_word' id='word_1_239' title='bbox 2149 2342 2367 2432; x_wconf 86' lang='lat' dir='ltr'><strong>cognoscetis</strong></span> <span class='ocrx_word' id='word_1_240' title='bbox 2384 2343 2463 2437; x_wconf 83' lang='lat' dir='ltr'><strong>qnia</strong></span> <span class='ocrx_word' id='word_1_241' title='bbox 2477 2343 2557 2417; x_wconf 88' lang='lat' dir='ltr'><strong>sim.</strong></span> 
     </span>
     <span class='ocr_line' id='line_1_27' title="bbox 544 2413 2339 2508; baseline -0.006 -19"><span class='ocrx_word' id='word_1_242' title='bbox 544 2415 637 2503; x_wconf 88' lang='lat' dir='ltr'><strong>Deo,</strong></span> <span class='ocrx_word' id='word_1_243' title='bbox 657 2414 890 2487; x_wconf 84' lang='lat' dir='ltr'><strong>siciitPaulns</strong></span> <span class='ocrx_word' id='word_1_244' title='bbox 905 2429 1040 2508; x_wconf 87' lang='lat' dir='ltr'><strong>inquit:</strong></span> <span class='ocrx_word' id='word_1_245' title='bbox 1062 2413 1216 2484; x_wconf 77' lang='lat' dir='ltr'><strong>hramus</strong></span> <span class='ocrx_word' id='word_1_246' title='bbox 1232 2429 1358 2486; x_wconf 83' lang='lat' dir='ltr'><strong>natura</strong></span> <span class='ocrx_word' id='word_1_247' title='bbox 1372 2416 1436 2484; x_wconf 88' lang='lat' dir='ltr'><strong>lilii</strong></span> <span class='ocrx_word' id='word_1_248' title='bbox 1454 2437 1537 2486; x_wconf 85' lang='lat' dir='ltr'><strong>irae.</strong></span> <span class='ocrx_word' id='word_1_249' title='bbox 2336 2455 2339 2462; x_wconf 72' lang='lat'><strong>,</strong></span> 
     </span>
    </p>
   </div>
   <div class='ocr_carea' id='block_1_11' title="bbox 546 2471 2579 2609">
    <p class='ocr_par' dir='ltr' id='par_1_11' title="bbox 546 2471 2579 2609">
     <span class='ocr_line' id='line_1_28' title="bbox 546 2471 2579 2609; baseline -0.014 -37"><span class='ocrx_word' id='word_1_250' title='bbox 546 2518 658 2588; x_wconf 58' lang='lat' dir='ltr'><strong>trem:</strong></span> <span class='ocrx_word' id='word_1_251' title='bbox 686 2515 824 2587; x_wconf 60' lang='lat' dir='ltr'><strong>omnes</strong></span> <span class='ocrx_word' id='word_1_252' title='bbox 840 2532 1089 2608; x_wconf 87' lang='lat' dir='ltr'><strong>peccaverunt,</strong></span> <span class='ocrx_word' id='word_1_253' title='bbox 1114 2541 1176 2586; x_wconf 62' lang='lat' dir='ltr'><strong>seu</strong></span> <span class='ocrx_word' id='word_1_254' title='bbox 1193 2519 1243 2586; x_wconf 63' lang='lat' dir='ltr'><strong>,ei</strong></span> <span class='ocrx_word' id='word_1_255' title='bbox 1259 2531 1360 2602; x_wconf 55' lang='lat' dir='ltr'><strong>sum,</strong></span> <span class='ocrx_word' id='word_1_256' title='bbox 1385 2531 1419 2586; x_wconf 62' lang='lat' dir='ltr'><strong>e,</strong></span> <span class='ocrx_word' id='word_1_257' title='bbox 1436 2541 1538 2609; x_wconf 54' lang='lat' dir='ltr'><strong>pm·</strong></span> <span class='ocrx_word' id='word_1_258' title='bbox 1693 2474 1790 2546; x_wconf 88' lang='lat' dir='ltr'><strong>Haec</strong></span> <span class='ocrx_word' id='word_1_259' title='bbox 1807 2487 1858 2545; x_wconf 88' lang='lat' dir='ltr'><strong>est</strong></span> <span class='ocrx_word' id='word_1_260' title='bbox 1881 2473 2111 2544; x_wconf 91' lang='lat' dir='ltr'><strong>meoiudicio</strong></span> <span class='ocrx_word' id='word_1_261' title='bbox 2130 2471 2390 2564; x_wconf 87' lang='lat' dir='ltr'><strong>simplicissima</strong></span> <span class='ocrx_word' id='word_1_262' title='bbox 2410 2473 2579 2544; x_wconf 87' lang='lat' dir='ltr'><strong>sententia</strong></span> 
     </span>
    </p>
   </div>
   <div class='ocr_carea' id='block_1_12' title="bbox 545 2574 2576 2772">
    <p class='ocr_par' dir='ltr' id='par_1_12' title="bbox 545 2574 2576 2772">
     <span class='ocr_line' id='line_1_29' title="bbox 545 2574 2576 2772; baseline -0.017 -81"><span class='ocrx_word' id='word_1_263' title='bbox 545 2634 642 2692; x_wconf 85' lang='lat' dir='ltr'><strong>terea</strong></span> <span class='ocrx_word' id='word_1_264' title='bbox 660 2621 794 2690; x_wconf 90' lang='lat' dir='ltr'><strong>accedit</strong></span> <span class='ocrx_word' id='word_1_265' title='bbox 807 2620 1047 2704; x_wconf 83' lang='lat' dir='ltr'><strong>incredulitas,</strong></span> <span class='ocrx_word' id='word_1_266' title='bbox 1069 2643 1159 2712; x_wconf 92' lang='lat' dir='ltr'><strong>quae</strong></span> <span class='ocrx_word' id='word_1_267' title='bbox 1175 2619 1331 2690; x_wconf 88' lang='lat' dir='ltr'><strong>cumulat</strong></span> <span class='ocrx_word' id='word_1_268' title='bbox 1345 2633 1539 2734; x_wconf 83' lang='lat' dir='ltr'><strong>peceatum,</strong></span> <span class='ocrx_word' id='word_1_269' title='bbox 1590 2574 2251 2772; x_wconf 46' lang='lat' dir='ltr'><strong>{¹1:¹³⁸psssslimllligffing?fflaiffillrlgzlsl</strong></span> <span class='ocrx_word' id='word_1_270' title='bbox 2268 2575 2423 2748; x_wconf 39' lang='lat' dir='ltr'><strong>emila,</strong></span> <span class='ocrx_word' id='word_1_271' title='bbox 2442 2577 2576 2747; x_wconf 39' lang='grc' dir='ltr'><strong>ἐξίει-’ἒ</strong></span> 
     </span>
    </p>
   </div>
   <div class='ocr_carea' id='block_1_13' title="bbox 545 2721 2581 2970">
    <p class='ocr_par' dir='ltr' id='par_1_13' title="bbox 545 2721 2581 2970">
     <span class='ocr_line' id='line_1_30' title="bbox 545 2721 2357 2814; baseline 0.003 -22"><span class='ocrx_word' id='word_1_272' title='bbox 545 2736 583 2792; x_wconf 87' lang='lat' dir='ltr'><strong>et</strong></span> <span class='ocrx_word' id='word_1_273' title='bbox 597 2723 758 2813; x_wconf 89' lang='lat' dir='ltr'><strong>impedit.</strong></span> <span class='ocrx_word' id='word_1_274' title='bbox 784 2746 855 2814; x_wconf 92' lang='lat' dir='ltr'><strong>quo</strong></span> <span class='ocrx_word' id='word_1_275' title='bbox 874 2721 993 2790; x_wconf 86' lang='lat' dir='ltr'><strong>minus</strong></span> <span class='ocrx_word' id='word_1_276' title='bbox 1010 2721 1274 2807; x_wconf 87' lang='lat' dir='ltr'><strong>reconciliatio,</strong></span> <span class='ocrx_word' id='word_1_277' title='bbox 1301 2745 1362 2790; x_wconf 86' lang='lat' dir='ltr'><strong>scit</strong></span> <span class='ocrx_word' id='word_1_278' title='bbox 1378 2721 1537 2790; x_wconf 87' lang='lat' dir='ltr'><strong>remissio</strong></span> <span class='ocrx_word' id='word_1_279' title='bbox 1647 2781 1655 2799; x_wconf 84' lang='lat'>‚</span> <span class='ocrx_word' id='word_1_280' title='bbox 1868 2779 1878 2798; x_wconf 92' lang='lat'><strong>.</strong></span> <span class='ocrx_word' id='word_1_281' title='bbox 2062 2781 2071 2797; x_wconf 92' lang='lat'><strong>.</strong></span> <span class='ocrx_word' id='word_1_282' title='bbox 2146 2780 2153 2796; x_wconf 94' lang='lat'><strong>.</strong></span> <span class='ocrx_word' id='word_1_283' title='bbox 2349 2782 2357 2797; x_wconf 92' lang='lat'><strong>.</strong></span> 
     </span>
     <span class='ocr_line' id='line_1_31' title="bbox 546 2777 2580 2916; baseline -0.023 -22"><span class='ocrx_word' id='word_1_284' title='bbox 546 2825 658 2916; x_wconf 86' lang='lat' dir='ltr'><strong>accipi</strong></span> <span class='ocrx_word' id='word_1_285' title='bbox 677 2823 799 2915; x_wconf 85' lang='lat' dir='ltr'><strong>possit.</strong></span> <span class='ocrx_word' id='word_1_286' title='bbox 849 2821 941 2895; x_wconf 84' lang='lat' dir='ltr'><strong>Nam</strong></span> <span class='ocrx_word' id='word_1_287' title='bbox 966 2817 1096 2908; x_wconf 91' lang='lat' dir='ltr'><strong>inhis‚</strong></span> <span class='ocrx_word' id='word_1_288' title='bbox 1125 2823 1188 2916; x_wconf 91' lang='lat' dir='ltr'><strong>qui</strong></span> <span class='ocrx_word' id='word_1_289' title='bbox 1213 2825 1386 2908; x_wconf 89' lang='lat' dir='ltr'><strong>credunt,</strong></span> <span class='ocrx_word' id='word_1_290' title='bbox 1416 2845 1538 2913; x_wconf 58' lang='lat' dir='ltr'><strong>pecca,</strong></span> <span class='ocrx_word' id='word_1_291' title='bbox 1590 2781 1677 2866; x_wconf 84' lang='lat' dir='ltr'><strong>Dei,</strong></span> <span class='ocrx_word' id='word_1_292' title='bbox 1705 2783 1800 2875; x_wconf 90' lang='lat' dir='ltr'><strong>quod</strong></span> <span class='ocrx_word' id='word_1_293' title='bbox 1818 2783 1961 2900; x_wconf 67' lang='lat' dir='ltr'><strong>qurdem</strong></span> <span class='ocrx_word' id='word_1_294' title='bbox 1980 2785 2088 2852; x_wconf 90' lang='lat' dir='ltr'><strong>tradit</strong></span> <span class='ocrx_word' id='word_1_295' title='bbox 2103 2780 2227 2849; x_wconf 90' lang='lat' dir='ltr'><strong>utilem</strong></span> <span class='ocrx_word' id='word_1_296' title='bbox 2245 2779 2452 2898; x_wconf 42' lang='lat' dir='ltr'><strong>documii-m.</strong></span> <span class='ocrx_word' id='word_1_297' title='bbox 2503 2777 2580 2849; x_wconf 82' lang='lat' dir='ltr'><strong>Re-</strong></span> 
     </span>
     <span class='ocr_line' id='line_1_32' title="bbox 1591 2879 2581 2970; baseline -0.003 -17"><span class='ocrx_word' id='word_1_298' title='bbox 1591 2898 1694 2954; x_wconf 91' lang='lat' dir='ltr'><strong>vucat</strong></span> <span class='ocrx_word' id='word_1_299' title='bbox 1710 2907 1775 2953; x_wconf 88' lang='lat' dir='ltr'><strong>iios</strong></span> <span class='ocrx_word' id='word_1_300' title='bbox 1788 2879 1951 2954; x_wconf 85' lang='lat' dir='ltr'><strong>Christus</strong></span> <span class='ocrx_word' id='word_1_301' title='bbox 1968 2886 2011 2952; x_wconf 91' lang='lat' dir='ltr'><strong>ad</strong></span> <span class='ocrx_word' id='word_1_302' title='bbox 2031 2883 2197 2970; x_wconf 89' lang='lat' dir='ltr'><strong>verbum,</strong></span> <span class='ocrx_word' id='word_1_303' title='bbox 2221 2893 2254 2952; x_wconf 86' lang='lat' dir='ltr'><strong>el</strong></span> <span class='ocrx_word' id='word_1_304' title='bbox 2275 2883 2377 2952; x_wconf 89' lang='lat' dir='ltr'><strong>docet</strong></span> <span class='ocrx_word' id='word_1_305' title='bbox 2399 2899 2446 2953; x_wconf 86' lang='lat' dir='ltr'><strong>ita</strong></span> <span class='ocrx_word' id='word_1_306' title='bbox 2470 2905 2505 2952; x_wconf 90' lang='lat' dir='ltr'><strong>se</strong></span> <span class='ocrx_word' id='word_1_307' title='bbox 2522 2906 2581 2950; x_wconf 90' lang='lat' dir='ltr'><strong>co-</strong></span> 
     </span>
    </p>
   </div>
   <div class='ocr_carea' id='block_1_14' title="bbox 547 2921 2580 3076">
    <p class='ocr_par' dir='ltr' id='par_1_14' title="bbox 547 2921 2580 3076">
     <span class='ocr_line' id='line_1_33' title="bbox 547 2921 1988 3019; baseline -0.003 -22"><span class='ocrx_word' id='word_1_308' title='bbox 547 2923 916 2997; x_wconf 90' lang='lat' dir='ltr'><strong>tnmiamremissum</strong></span> <span class='ocrx_word' id='word_1_309' title='bbox 941 2937 1011 3010; x_wconf 92' lang='lat' dir='ltr'><strong>est,</strong></span> <span class='ocrx_word' id='word_1_310' title='bbox 1040 2939 1074 2995; x_wconf 90' lang='lat' dir='ltr'><strong>et</strong></span> <span class='ocrx_word' id='word_1_311' title='bbox 1095 2927 1190 3017; x_wconf 91' lang='lat' dir='ltr'><strong>quod</strong></span> <span class='ocrx_word' id='word_1_312' title='bbox 1216 2926 1394 3019; x_wconf 87' lang='lat' dir='ltr'><strong>reliquum</strong></span> <span class='ocrx_word' id='word_1_313' title='bbox 1418 2921 1541 2994; x_wconf 84' lang='lat' dir='ltr'><strong>haeret</strong></span> <span class='ocrx_word' id='word_1_314' title='bbox 1702 2985 1714 3010; x_wconf 10' lang='grc' dir='ltr'><strong>,λ</strong></span> <span class='ocrx_word' id='word_1_315' title='bbox 1776 2986 1784 3002; x_wconf 86' lang='grc'><strong>.</strong></span> <span class='ocrx_word' id='word_1_316' title='bbox 1856 2985 1895 3008; x_wconf 61' lang='grc'><strong>.,</strong></span> <span class='ocrx_word' id='word_1_317' title='bbox 1979 2985 1988 3002; x_wconf 86' lang='grc'><em>,</em></span> 
     </span>
     <span class='ocr_line' id='line_1_34' title="bbox 1591 2981 2580 3076; baseline -0.002 -22"><span class='ocrx_word' id='word_1_318' title='bbox 1591 3010 1731 3075; x_wconf 87' lang='lat' dir='ltr'><strong>gnosci,</strong></span> <span class='ocrx_word' id='word_1_319' title='bbox 1757 3008 1787 3054; x_wconf 91' lang='lat' dir='ltr'><strong>si</strong></span> <span class='ocrx_word' id='word_1_320' title='bbox 1802 2981 1886 3055; x_wconf 89' lang='lat' dir='ltr'><strong>huic</strong></span> <span class='ocrx_word' id='word_1_321' title='bbox 1910 3011 1990 3054; x_wconf 91' lang='lat' dir='ltr'><strong>voci</strong></span> <span class='ocrx_word' id='word_1_322' title='bbox 2012 2987 2215 3068; x_wconf 87' lang='lat' dir='ltr'><strong>credamus,</strong></span> <span class='ocrx_word' id='word_1_323' title='bbox 2249 3009 2338 3076; x_wconf 87' lang='lat' dir='ltr'><strong>quac</strong></span> <span class='ocrx_word' id='word_1_324' title='bbox 2365 2998 2417 3055; x_wconf 91' lang='lat' dir='ltr'><strong>est</strong></span> <span class='ocrx_word' id='word_1_325' title='bbox 2439 2985 2541 3056; x_wconf 86' lang='lat' dir='ltr'><strong>allata</strong></span> <span class='ocrx_word' id='word_1_326' title='bbox 2560 3008 2580 3052; x_wconf 88' lang='lat' dir='ltr'><strong>a</strong></span> 
     </span>
    </p>
   </div>
   <div class='ocr_carea' id='block_1_15' title="bbox 546 3023 2579 3282">
    <p class='ocr_par' dir='ltr' id='par_1_15' title="bbox 546 3023 2579 3282">
     <span class='ocr_line' id='line_1_35' title="bbox 546 3023 2340 3117; baseline 0.003 -21"><span class='ocrx_word' id='word_1_327' title='bbox 546 3027 588 3096; x_wconf 90' lang='lat' dir='ltr'><strong>in</strong></span> <span class='ocrx_word' id='word_1_328' title='bbox 604 3041 750 3108; x_wconf 86' lang='lat' dir='ltr'><strong>natura,</strong></span> <span class='ocrx_word' id='word_1_329' title='bbox 777 3023 911 3115; x_wconf 84' lang='lat' dir='ltr'><strong>regitur</strong></span> <span class='ocrx_word' id='word_1_330' title='bbox 926 3027 1013 3111; x_wconf 87' lang='lat' dir='ltr'><strong>lide,</strong></span> <span class='ocrx_word' id='word_1_331' title='bbox 1038 3041 1077 3098; x_wconf 94' lang='lat' dir='ltr'><strong>ut</strong></span> <span class='ocrx_word' id='word_1_332' title='bbox 1094 3051 1166 3096; x_wconf 93' lang='lat' dir='ltr'><strong>non</strong></span> <span class='ocrx_word' id='word_1_333' title='bbox 1183 3029 1346 3117; x_wconf 90' lang='lat' dir='ltr'><strong>damnet,</strong></span> <span class='ocrx_word' id='word_1_334' title='bbox 1369 3026 1460 3096; x_wconf 84' lang='lat' dir='ltr'><strong>sicut</strong></span> <span class='ocrx_word' id='word_1_335' title='bbox 1478 3047 1539 3096; x_wconf 89' lang='lat' dir='ltr'><strong>sit-</strong></span> <span class='ocrx_word' id='word_1_336' title='bbox 1603 3089 1641 3104; x_wconf 79' lang='grc'><strong>,,</strong></span> <span class='ocrx_word' id='word_1_337' title='bbox 1740 3086 1748 3101; x_wconf 90' lang='grc'><em>,</em></span> <span class='ocrx_word' id='word_1_338' title='bbox 2206 3085 2254 3102; x_wconf 94' lang='grc'><strong>..</strong></span> <span class='ocrx_word' id='word_1_339' title='bbox 2331 3085 2340 3102; x_wconf 93' lang='grc'><strong>.</strong></span> 
     </span>
     <span class='ocr_line' id='line_1_36' title="bbox 546 3083 2579 3222; baseline -0.003 -24"><span class='ocrx_word' id='word_1_340' title='bbox 546 3154 612 3222; x_wconf 84' lang='lat' dir='ltr'><strong>pre</strong></span> <span class='ocrx_word' id='word_1_341' title='bbox 628 3117 762 3200; x_wconf 82' lang='lat' dir='ltr'><strong>dictum</strong></span> <span class='ocrx_word' id='word_1_342' title='bbox 779 3143 845 3198; x_wconf 90' lang='lat' dir='ltr'><strong>est:</strong></span> <span class='ocrx_word' id='word_1_343' title='bbox 873 3125 947 3216; x_wconf 90' lang='lat' dir='ltr'><strong>Qui</strong></span> <span class='ocrx_word' id='word_1_344' title='bbox 965 3131 1080 3198; x_wconf 88' lang='lat' dir='ltr'><strong>credit</strong></span> <span class='ocrx_word' id='word_1_345' title='bbox 1097 3130 1135 3196; x_wconf 92' lang='lat' dir='ltr'><strong>iii</strong></span> <span class='ocrx_word' id='word_1_346' title='bbox 1151 3130 1282 3214; x_wconf 88' lang='lat' dir='ltr'><strong>lilium,</strong></span> <span class='ocrx_word' id='word_1_347' title='bbox 1309 3152 1382 3197; x_wconf 92' lang='lat' dir='ltr'><strong>non</strong></span> <span class='ocrx_word' id='word_1_348' title='bbox 1402 3127 1539 3198; x_wconf 85' lang='lat' dir='ltr'><strong>iudica·</strong></span> <span class='ocrx_word' id='word_1_349' title='bbox 1592 3089 1666 3206; x_wconf 48' lang='grc' dir='ltr'><strong>ΨΟ</strong></span> <span class='ocrx_word' id='word_1_350' title='bbox 1684 3085 1772 3220; x_wconf 57' lang='lat' dir='ltr'><strong>in,</strong></span> <span class='ocrx_word' id='word_1_351' title='bbox 1796 3101 1830 3158; x_wconf 57' lang='lat' dir='ltr'><strong>‘l</strong></span> <span class='ocrx_word' id='word_1_352' title='bbox 1850 3101 2145 3206; x_wconf 48' lang='lat' dir='ltr'><strong>Pml&#39;agllursse‘</strong></span> <span class='ocrx_word' id='word_1_353' title='bbox 2167 3099 2408 3206; x_wconf 47' lang='lat' dir='ltr'><strong>¹⁰¹⁰¹⁵t⁰f¹¹¹¹¹1</strong></span> <span class='ocrx_word' id='word_1_354' title='bbox 2420 3083 2579 3206; x_wconf 35' lang='lat' dir='ltr'><strong>Effinge·</strong></span> 
     </span>
     <span class='ocr_line' id='line_1_37' title="bbox 1574 3184 2578 3282; baseline -0.005 -23"><span class='ocrx_word' id='word_1_355' title='bbox 1574 3190 1647 3260; x_wconf 86' lang='lat' dir='ltr'><strong>·lii.</strong></span> <span class='ocrx_word' id='word_1_356' title='bbox 1699 3187 1781 3258; x_wconf 67' lang='lat' dir='ltr'><strong>lton</strong></span> <span class='ocrx_word' id='word_1_357' title='bbox 1796 3189 1873 3260; x_wconf 92' lang='lat' dir='ltr'><strong>vult</strong></span> <span class='ocrx_word' id='word_1_358' title='bbox 1896 3212 1962 3259; x_wconf 92' lang='lat' dir='ltr'><strong>nos</strong></span> <span class='ocrx_word' id='word_1_359' title='bbox 1982 3213 2082 3282; x_wconf 90' lang='lat' dir='ltr'><strong>sequi</strong></span> <span class='ocrx_word' id='word_1_360' title='bbox 2104 3184 2277 3257; x_wconf 82' lang='lat' dir='ltr'><strong>humanas</strong></span> <span class='ocrx_word' id='word_1_361' title='bbox 2301 3203 2578 3278; x_wconf 87' lang='lat' dir='ltr'><strong>imaginationes,</strong></span> 
     </span>
    </p>
   </div>
   <div class='ocr_carea' id='block_1_16' title="bbox 538 3228 2583 3587">
    <p class='ocr_par' dir='ltr' id='par_1_16' title="bbox 538 3228 2254 3320">
     <span class='ocr_line' id='line_1_38' title="bbox 538 3228 2254 3320; baseline -0.002 -19"><span class='ocrx_word' id='word_1_362' title='bbox 538 3245 619 3301; x_wconf 82' lang='lat' dir='ltr'><strong>tur.</strong></span> <span class='ocrx_word' id='word_1_363' title='bbox 668 3228 843 3317; x_wconf 76' lang='lat' dir='ltr'><strong>Bronten,</strong></span> <span class='ocrx_word' id='word_1_364' title='bbox 875 3230 1179 3302; x_wconf 84' lang='lat' dir='ltr'><strong>utillicdicitnr:</strong></span> <span class='ocrx_word' id='word_1_365' title='bbox 1222 3228 1295 3320; x_wconf 87' lang='lat' dir='ltr'><strong>Qui</strong></span> <span class='ocrx_word' id='word_1_366' title='bbox 1319 3255 1393 3300; x_wconf 90' lang='lat' dir='ltr'><strong>non</strong></span> <span class='ocrx_word' id='word_1_367' title='bbox 1417 3228 1541 3313; x_wconf 89' lang='lat' dir='ltr'><strong>credit,</strong></span> <span class='ocrx_word' id='word_1_368' title='bbox 1679 3292 1688 3308; x_wconf 79' lang='grc'><em>,</em></span> <span class='ocrx_word' id='word_1_369' title='bbox 1745 3291 1786 3308; x_wconf 85' lang='grc'><strong>,,</strong></span> <span class='ocrx_word' id='word_1_370' title='bbox 1940 3292 1948 3308; x_wconf 84' lang='grc'><strong>,</strong></span> <span class='ocrx_word' id='word_1_371' title='bbox 2015 3292 2023 3308; x_wconf 85' lang='grc'><em>,</em></span> <span class='ocrx_word' id='word_1_372' title='bbox 2147 3290 2155 3306; x_wconf 86' lang='grc'><strong>,</strong></span> <span class='ocrx_word' id='word_1_373' title='bbox 2245 3291 2254 3306; x_wconf 87' lang='grc'><em>,</em></span> 
     </span>
    </p>

    <p class='ocr_par' dir='ltr' id='par_1_17' title="bbox 546 3290 2581 3426">
     <span class='ocr_line' id='line_1_39' title="bbox 546 3290 2581 3426; baseline -0.002 -63"><span class='ocrx_word' id='word_1_374' title='bbox 546 3331 812 3404; x_wconf 58' lang='lat' dir='ltr'>iamiudiffius</span> <span class='ocrx_word' id='word_1_375' title='bbox 833 3345 903 3412; x_wconf 51' lang='lat' dir='ltr'><strong>est,</strong></span> <span class='ocrx_word' id='word_1_376' title='bbox 936 3334 1116 3426; x_wconf 62' lang='lat' dir='ltr'><strong>quianon</strong></span> <span class='ocrx_word' id='word_1_377' title='bbox 1138 3331 1446 3402; x_wconf 60' lang='lat' dir='ltr'><strong>cred3,3nfi¹ium</strong></span> <span class='ocrx_word' id='word_1_378' title='bbox 1463 3332 1541 3405; x_wconf 49' lang='lat' dir='ltr'><strong>Dei·</strong></span> <span class='ocrx_word' id='word_1_379' title='bbox 1592 3306 1654 3362; x_wconf 91' lang='lat' dir='ltr'><strong>aut</strong></span> <span class='ocrx_word' id='word_1_380' title='bbox 1677 3293 1850 3410; x_wconf 74' lang='lat' dir='ltr'><strong>iudicium</strong></span> <span class='ocrx_word' id='word_1_381' title='bbox 1874 3305 2067 3408; x_wconf 74' lang='lat' dir='ltr'><strong>sapientiae</strong></span> <span class='ocrx_word' id='word_1_382' title='bbox 2088 3290 2292 3408; x_wconf 76' lang='lat' dir='ltr'><strong>rationalis,</strong></span> <span class='ocrx_word' id='word_1_383' title='bbox 2333 3291 2581 3411; x_wconf 80' lang='lat' dir='ltr'><strong>devoluntale</strong></span> 
     </span>
    </p>

    <p class='ocr_par' dir='ltr' id='par_1_18' title="bbox 547 3393 2583 3587">
     <span class='ocr_line' id='line_1_40' title="bbox 547 3393 2583 3530; baseline -0.002 -66"><span class='ocrx_word' id='word_1_384' title='bbox 547 3426 679 3506; x_wconf 21' lang='lat' dir='ltr'><strong>ha-hqc</strong></span> <span class='ocrx_word' id='word_1_385' title='bbox 696 3435 761 3503; x_wconf 91' lang='lat' dir='ltr'><strong>ait:</strong></span> <span class='ocrx_word' id='word_1_386' title='bbox 796 3432 837 3505; x_wconf 64' lang='lat' dir='ltr'><strong>si</strong></span> <span class='ocrx_word' id='word_1_387' title='bbox 861 3458 935 3503; x_wconf 65' lang='lat' dir='ltr'><strong>non</strong></span> <span class='ocrx_word' id='word_1_388' title='bbox 963 3435 1206 3519; x_wconf 54' lang='lat' dir='ltr'><strong>crediderim,</strong></span> <span class='ocrx_word' id='word_1_389' title='bbox 1240 3437 1338 3530; x_wconf 66' lang='lat' dir='ltr'><strong>quod</strong></span> <span class='ocrx_word' id='word_1_390' title='bbox 1360 3457 1424 3525; x_wconf 60' lang='lat' dir='ltr'><strong>ego</strong></span> <span class='ocrx_word' id='word_1_391' title='bbox 1448 3456 1540 3517; x_wconf 54' lang='lat' dir='ltr'><strong>sum,</strong></span> <span class='ocrx_word' id='word_1_392' title='bbox 1593 3408 1628 3465; x_wconf 93' lang='lat' dir='ltr'><strong>et</strong></span> <span class='ocrx_word' id='word_1_393' title='bbox 1652 3393 1922 3519; x_wconf 71' lang='lat' dir='ltr'><strong>operibusllei,</strong></span> <span class='ocrx_word' id='word_1_394' title='bbox 1955 3417 2019 3462; x_wconf 90' lang='lat' dir='ltr'><strong>nec</strong></span> <span class='ocrx_word' id='word_1_395' title='bbox 2042 3415 2211 3489; x_wconf 91' lang='lat' dir='ltr'><strong>quaerere</strong></span> <span class='ocrx_word' id='word_1_396' title='bbox 2231 3393 2317 3462; x_wconf 86' lang='lat' dir='ltr'><strong>alias</strong></span> <span class='ocrx_word' id='word_1_397' title='bbox 2340 3394 2583 3513; x_wconf 76' lang='lat' dir='ltr'><strong>revelationes,</strong></span> 
     </span>
     <span class='ocr_line' id='line_1_41' title="bbox 1592 3496 2583 3587; baseline -0.002 -21"><span class='ocrx_word' id='word_1_398' title='bbox 1592 3511 1653 3567; x_wconf 88' lang='lat' dir='ltr'><strong>aut</strong></span> <span class='ocrx_word' id='word_1_399' title='bbox 1669 3496 1949 3568; x_wconf 74' lang='lat' dir='ltr'><strong>illuminationes</strong></span> <span class='ocrx_word' id='word_1_400' title='bbox 1972 3510 2067 3566; x_wconf 88' lang='lat' dir='ltr'><strong>extra</strong></span> <span class='ocrx_word' id='word_1_401' title='bbox 2091 3496 2259 3581; x_wconf 89' lang='lat' dir='ltr'><strong>verbum,</strong></span> <span class='ocrx_word' id='word_1_402' title='bbox 2292 3496 2353 3565; x_wconf 90' lang='lat' dir='ltr'><strong>sed</strong></span> <span class='ocrx_word' id='word_1_403' title='bbox 2375 3497 2498 3587; x_wconf 88' lang='lat' dir='ltr'><strong>alligat</strong></span> <span class='ocrx_word' id='word_1_404' title='bbox 2520 3518 2583 3565; x_wconf 86' lang='lat' dir='ltr'><strong>iios</strong></span> 
     </span>
    </p>
   </div>
   <div class='ocr_carea' id='block_1_17' title="bbox 547 3551 2584 3693">
    <p class='ocr_par' dir='ltr' id='par_1_19' title="bbox 547 3551 2584 3693">
     <span class='ocr_line' id='line_1_42' title="bbox 547 3551 2584 3693; baseline 0.02 -64"><span class='ocrx_word' id='word_1_405' title='bbox 547 3558 753 3609; x_wconf 61' lang='lat' dir='ltr'><strong>¹¹¹⁰f¹e¹¹¹¹⁰¹</strong></span> <span class='ocrx_word' id='word_1_406' title='bbox 769 3560 806 3605; x_wconf 76' lang='lat'><strong>¹¹¹</strong></span> <span class='ocrx_word' id='word_1_407' title='bbox 823 3551 964 3627; x_wconf 60' lang='lat' dir='ltr'>peccam</span> <span class='ocrx_word' id='word_1_408' title='bbox 980 3552 1107 3609; x_wconf 57' lang='lat' dir='ltr'><strong>vem·</strong></span> <span class='ocrx_word' id='word_1_409' title='bbox 1593 3600 1638 3668; x_wconf 94' lang='lat' dir='ltr'><strong>ad</strong></span> <span class='ocrx_word' id='word_1_410' title='bbox 1654 3622 1775 3667; x_wconf 90' lang='lat' dir='ltr'><strong>vocem</strong></span> <span class='ocrx_word' id='word_1_411' title='bbox 1785 3596 1972 3688; x_wconf 84' lang='lat' dir='ltr'><strong>Evangelii</strong></span> <span class='ocrx_word' id='word_1_412' title='bbox 1987 3600 2035 3678; x_wconf 77' lang='lat' dir='ltr'><strong>,de</strong></span> <span class='ocrx_word' id='word_1_413' title='bbox 2050 3594 2215 3683; x_wconf 87' lang='lat' dir='ltr'><strong>Christo,</strong></span> <span class='ocrx_word' id='word_1_414' title='bbox 2249 3622 2338 3693; x_wconf 92' lang='lat' dir='ltr'><strong>quae</strong></span> <span class='ocrx_word' id='word_1_415' title='bbox 2358 3596 2466 3672; x_wconf 92' lang='lat' dir='ltr'><strong>habet</strong></span> <span class='ocrx_word' id='word_1_416' title='bbox 2490 3612 2584 3667; x_wconf 80' lang='lat' dir='ltr'><strong>certa</strong></span> 
     </span>
    </p>
   </div>
   <div class='ocr_carea' id='block_1_18' title="bbox 1592 3696 2586 4806">
    <p class='ocr_par' dir='ltr' id='par_1_20' title="bbox 1592 3696 2586 4806">
     <span class='ocr_line' id='line_1_43' title="bbox 1598 3696 2586 3788; baseline 0.003 -19"><span class='ocrx_word' id='word_1_417' title='bbox 1598 3714 1633 3771; x_wconf 86' lang='lat' dir='ltr'><strong>et</strong></span> <span class='ocrx_word' id='word_1_418' title='bbox 1656 3700 1757 3768; x_wconf 83' lang='lat' dir='ltr'><strong>firma</strong></span> <span class='ocrx_word' id='word_1_419' title='bbox 1780 3701 1981 3770; x_wconf 88' lang='lat' dir='ltr'><strong>testimonia</strong></span> <span class='ocrx_word' id='word_1_420' title='bbox 2004 3700 2189 3769; x_wconf 85' lang='lat' dir='ltr'><strong>universae</strong></span> <span class='ocrx_word' id='word_1_421' title='bbox 2204 3696 2398 3788; x_wconf 84' lang='lat' dir='ltr'><strong>Ecclesiae,</strong></span> <span class='ocrx_word' id='word_1_422' title='bbox 2424 3702 2512 3771; x_wconf 90' lang='lat' dir='ltr'><strong>inde</strong></span> <span class='ocrx_word' id='word_1_423' title='bbox 2527 3724 2586 3772; x_wconf 88' lang='lat' dir='ltr'><strong>us-</strong></span> 
     </span>
     <span class='ocr_line' id='line_1_44' title="bbox 1594 3798 2586 3895; baseline 0.003 -26"><span class='ocrx_word' id='word_1_424' title='bbox 1594 3825 1663 3894; x_wconf 91' lang='lat' dir='ltr'><strong>que</strong></span> <span class='ocrx_word' id='word_1_425' title='bbox 1689 3802 1734 3871; x_wconf 92' lang='lat' dir='ltr'><strong>ab</strong></span> <span class='ocrx_word' id='word_1_426' title='bbox 1757 3801 1869 3871; x_wconf 83' lang='lat' dir='ltr'><strong>initio</strong></span> <span class='ocrx_word' id='word_1_427' title='bbox 1901 3802 2047 3888; x_wconf 85' lang='lat' dir='ltr'><strong>mundi,</strong></span> <span class='ocrx_word' id='word_1_428' title='bbox 2099 3800 2264 3889; x_wconf 78' lang='lat' dir='ltr'><strong>Petrum,</strong></span> <span class='ocrx_word' id='word_1_429' title='bbox 2311 3798 2586 3895; x_wconf 85' lang='lat' dir='ltr'><strong>Prophetarum,</strong></span> 
     </span>
     <span class='ocr_line' id='line_1_45' title="bbox 1594 3898 2586 3995; baseline 0.001 -22"><span class='ocrx_word' id='word_1_430' title='bbox 1594 3898 1785 3974; x_wconf 90' lang='lat' dir='ltr'><strong>Christi&#39;et</strong></span> <span class='ocrx_word' id='word_1_431' title='bbox 1801 3900 2065 3994; x_wconf 83' lang='lat' dir='ltr'><strong>Apostolorum.</strong></span> <span class='ocrx_word' id='word_1_432' title='bbox 2116 3901 2279 3995; x_wconf 86' lang='lat' dir='ltr'><strong>Denique</strong></span> <span class='ocrx_word' id='word_1_433' title='bbox 2305 3906 2512 3976; x_wconf 84' lang='lat' dir='ltr'><strong>confirmata</strong></span> <span class='ocrx_word' id='word_1_434' title='bbox 2534 3918 2586 3975; x_wconf 89' lang='lat' dir='ltr'><strong>est</strong></span> 
     </span>
     <span class='ocr_line' id='line_1_46' title="bbox 1593 3998 2585 4098; baseline 0.003 -24"><span class='ocrx_word' id='word_1_435' title='bbox 1593 4006 1805 4075; x_wconf 86' lang='lat' dir='ltr'><strong>testimoniis</strong></span> <span class='ocrx_word' id='word_1_436' title='bbox 1819 3998 2073 4077; x_wconf 89' lang='lat' dir='ltr'><strong>miraculorum</strong></span> <span class='ocrx_word' id='word_1_437' title='bbox 2097 4005 2195 4075; x_wconf 88' lang='lat' dir='ltr'><strong>missi</strong></span> <span class='ocrx_word' id='word_1_438' title='bbox 2211 4004 2366 4098; x_wconf 87' lang='lat' dir='ltr'><strong>Spiritus</strong></span> <span class='ocrx_word' id='word_1_439' title='bbox 2380 4008 2492 4078; x_wconf 86' lang='lat' dir='ltr'><strong>sancti</strong></span> <span class='ocrx_word' id='word_1_440' title='bbox 2519 4021 2585 4077; x_wconf 86' lang='lat' dir='ltr'><strong>ete.</strong></span> 
     </span>
     <span class='ocr_line' id='line_1_47' title="bbox 1594 4103 2586 4201; baseline 0.003 -23"><span class='ocrx_word' id='word_1_441' title='bbox 1594 4106 1650 4178; x_wconf 87' lang='lat' dir='ltr'><strong>Ad</strong></span> <span class='ocrx_word' id='word_1_442' title='bbox 1681 4103 1768 4177; x_wconf 87' lang='lat' dir='ltr'><strong>haec</strong></span> <span class='ocrx_word' id='word_1_443' title='bbox 1789 4107 1991 4177; x_wconf 85' lang='lat' dir='ltr'><strong>testimonia</strong></span> <span class='ocrx_word' id='word_1_444' title='bbox 2013 4108 2089 4177; x_wconf 91' lang='lat' dir='ltr'><strong>vult</strong></span> <span class='ocrx_word' id='word_1_445' title='bbox 2110 4104 2207 4176; x_wconf 87' lang='lat' dir='ltr'><strong>Deus</strong></span> <span class='ocrx_word' id='word_1_446' title='bbox 2234 4109 2405 4200; x_wconf 89' lang='lat' dir='ltr'><strong>respicere</strong></span> <span class='ocrx_word' id='word_1_447' title='bbox 2427 4110 2522 4201; x_wconf 89' lang='lat' dir='ltr'><strong>pios,</strong></span> <span class='ocrx_word' id='word_1_448' title='bbox 2553 4122 2586 4181; x_wconf 89' lang='lat' dir='ltr'><strong>et</strong></span> 
     </span>
     <span class='ocr_line' id='line_1_48' title="bbox 1593 4207 2586 4303; baseline 0.005 -26"><span class='ocrx_word' id='word_1_449' title='bbox 1593 4208 1641 4278; x_wconf 90' lang='lat' dir='ltr'><strong>ita</strong></span> <span class='ocrx_word' id='word_1_450' title='bbox 1656 4212 1800 4279; x_wconf 89' lang='lat' dir='ltr'><strong>deinum</strong></span> <span class='ocrx_word' id='word_1_451' title='bbox 1814 4207 2094 4303; x_wconf 86' lang='lat' dir='ltr'><strong>apprehenditur</strong></span> <span class='ocrx_word' id='word_1_452' title='bbox 2111 4223 2145 4279; x_wconf 92' lang='lat' dir='ltr'><strong>et</strong></span> <span class='ocrx_word' id='word_1_453' title='bbox 2165 4214 2385 4299; x_wconf 82' lang='lat' dir='ltr'><strong>agnoscitur,</strong></span> <span class='ocrx_word' id='word_1_454' title='bbox 2411 4236 2492 4283; x_wconf 89' lang='lat' dir='ltr'><strong>eum</strong></span> <span class='ocrx_word' id='word_1_455' title='bbox 2506 4236 2586 4282; x_wconf 90' lang='lat' dir='ltr'><strong>cre-</strong></span> 
     </span>
     <span class='ocr_line' id='line_1_49' title="bbox 1594 4306 2585 4407; baseline 0.003 -27"><span class='ocrx_word' id='word_1_456' title='bbox 1594 4310 1711 4381; x_wconf 88' lang='lat' dir='ltr'><strong>dimus</strong></span> <span class='ocrx_word' id='word_1_457' title='bbox 1736 4306 1820 4381; x_wconf 92' lang='lat' dir='ltr'><strong>huic</strong></span> <span class='ocrx_word' id='word_1_458' title='bbox 1849 4314 1974 4391; x_wconf 88' lang='lat' dir='ltr'><strong>verbo.</strong></span> <span class='ocrx_word' id='word_1_459' title='bbox 2015 4314 2109 4404; x_wconf 90' lang='lat' dir='ltr'><strong>quod</strong></span> <span class='ocrx_word' id='word_1_460' title='bbox 2139 4310 2241 4382; x_wconf 85' lang='lat' dir='ltr'><strong>affert</strong></span> <span class='ocrx_word' id='word_1_461' title='bbox 2268 4313 2362 4383; x_wconf 84' lang='lat' dir='ltr'><strong>fitius</strong></span> <span class='ocrx_word' id='word_1_462' title='bbox 2386 4310 2471 4394; x_wconf 90' lang='lat' dir='ltr'><strong>Dei,</strong></span> <span class='ocrx_word' id='word_1_463' title='bbox 2519 4338 2585 4407; x_wconf 90' lang='lat' dir='ltr'><strong>per</strong></span> 
     </span>
     <span class='ocr_line' id='line_1_50' title="bbox 1594 4412 2584 4507; baseline 0.002 -24"><span class='ocrx_word' id='word_1_464' title='bbox 1594 4416 1689 4507; x_wconf 85' lang='lat' dir='ltr'><strong>quod</strong></span> <span class='ocrx_word' id='word_1_465' title='bbox 1706 4414 1825 4483; x_wconf 84' lang='lat' dir='ltr'><strong>efficax</strong></span> <span class='ocrx_word' id='word_1_466' title='bbox 1842 4427 1892 4482; x_wconf 90' lang='lat' dir='ltr'><strong>est</strong></span> <span class='ocrx_word' id='word_1_467' title='bbox 1908 4412 2063 4503; x_wconf 88' lang='lat' dir='ltr'><strong>Spiritus</strong></span> <span class='ocrx_word' id='word_1_468' title='bbox 2078 4426 2219 4483; x_wconf 88' lang='lat' dir='ltr'><strong>sanctus</strong></span> <span class='ocrx_word' id='word_1_469' title='bbox 2235 4414 2273 4483; x_wconf 89' lang='lat' dir='ltr'><strong>iii</strong></span> <span class='ocrx_word' id='word_1_470' title='bbox 2297 4417 2498 4501; x_wconf 88' lang='lat' dir='ltr'><strong>inentibus,</strong></span> <span class='ocrx_word' id='word_1_471' title='bbox 2522 4440 2584 4485; x_wconf 87' lang='lat' dir='ltr'><strong>ac-</strong></span> 
     </span>
     <span class='ocr_line' id='line_1_51' title="bbox 1594 4513 2584 4606; baseline 0.004 -23"><span class='ocrx_word' id='word_1_472' title='bbox 1594 4516 1714 4585; x_wconf 90' lang='lat' dir='ltr'><strong>cendit</strong></span> <span class='ocrx_word' id='word_1_473' title='bbox 1734 4536 1862 4583; x_wconf 88' lang='lat' dir='ltr'><strong>novam</strong></span> <span class='ocrx_word' id='word_1_474' title='bbox 1887 4515 2023 4599; x_wconf 91' lang='lat' dir='ltr'><strong>lucem,</strong></span> <span class='ocrx_word' id='word_1_475' title='bbox 2065 4528 2100 4585; x_wconf 89' lang='lat' dir='ltr'><strong>et</strong></span> <span class='ocrx_word' id='word_1_476' title='bbox 2128 4513 2247 4584; x_wconf 87' lang='lat' dir='ltr'><strong>erudit</strong></span> <span class='ocrx_word' id='word_1_477' title='bbox 2275 4516 2350 4606; x_wconf 90' lang='lat' dir='ltr'><strong>pias</strong></span> <span class='ocrx_word' id='word_1_478' title='bbox 2380 4532 2513 4588; x_wconf 88' lang='lat' dir='ltr'><strong>mentes</strong></span> <span class='ocrx_word' id='word_1_479' title='bbox 2538 4521 2584 4588; x_wconf 88' lang='lat' dir='ltr'><strong>de</strong></span> 
     </span>
     <span class='ocr_line' id='line_1_52' title="bbox 1592 4612 2583 4711; baseline 0.006 -26"><span class='ocrx_word' id='word_1_480' title='bbox 1592 4631 1743 4710; x_wconf 85' lang='lat' dir='ltr'><strong>utraque</strong></span> <span class='ocrx_word' id='word_1_481' title='bbox 1760 4636 1815 4701; x_wconf 88' lang='lat' dir='ltr'><strong>re,</strong></span> <span class='ocrx_word' id='word_1_482' title='bbox 1841 4618 2022 4701; x_wconf 88' lang='lat' dir='ltr'><strong>videlicet,</strong></span> <span class='ocrx_word' id='word_1_483' title='bbox 2049 4618 2092 4685; x_wconf 91' lang='lat' dir='ltr'><strong>de</strong></span> <span class='ocrx_word' id='word_1_484' title='bbox 2107 4616 2159 4685; x_wconf 90' lang='lat' dir='ltr'><strong>ira</strong></span> <span class='ocrx_word' id='word_1_485' title='bbox 2174 4612 2242 4685; x_wconf 90' lang='lat' dir='ltr'><strong>Dei</strong></span> <span class='ocrx_word' id='word_1_486' title='bbox 2265 4619 2432 4689; x_wconf 87' lang='lat' dir='ltr'><strong>adversus</strong></span> <span class='ocrx_word' id='word_1_487' title='bbox 2457 4644 2583 4711; x_wconf 79' lang='lat' dir='ltr'><strong>pecca·</strong></span> 
     </span>
     <span class='ocr_line' id='line_1_53' title="bbox 1593 4718 2584 4806; baseline 0.004 -19"><span class='ocrx_word' id='word_1_488' title='bbox 1593 4731 1687 4799; x_wconf 89' lang='lat' dir='ltr'><strong>tuin,</strong></span> <span class='ocrx_word' id='word_1_489' title='bbox 1716 4733 1749 4788; x_wconf 91' lang='lat' dir='ltr'><strong>et</strong></span> <span class='ocrx_word' id='word_1_490' title='bbox 1763 4741 1883 4788; x_wconf 90' lang='lat' dir='ltr'><strong>rursus</strong></span> <span class='ocrx_word' id='word_1_491' title='bbox 1900 4722 1944 4789; x_wconf 90' lang='lat' dir='ltr'><strong>de</strong></span> <span class='ocrx_word' id='word_1_492' title='bbox 1958 4719 2128 4787; x_wconf 87' lang='lat' dir='ltr'><strong>immensa</strong></span> <span class='ocrx_word' id='word_1_493' title='bbox 2144 4718 2405 4806; x_wconf 88' lang='lat' dir='ltr'><strong>misericordia,</strong></span> <span class='ocrx_word' id='word_1_494' title='bbox 2427 4746 2507 4791; x_wconf 91' lang='lat' dir='ltr'><strong>euin</strong></span> <span class='ocrx_word' id='word_1_495' title='bbox 2522 4722 2584 4791; x_wconf 93' lang='lat' dir='ltr'><strong>in·</strong></span> 
     </span>
    </p>
   </div>
   <div class='ocr_carea' id='block_1_19' title="bbox 738 3766 1351 3871">
    <p class='ocr_par' dir='ltr' id='par_1_21' title="bbox 738 3766 1351 3871">
     <span class='ocr_line' id='line_1_54' title="bbox 738 3766 1351 3871; baseline 0 -32"><span class='ocrx_word' id='word_1_496' title='bbox 738 3766 929 3843; x_wconf 78' lang='lat' dir='ltr'><strong>Dicebant</strong></span> <span class='ocrx_word' id='word_1_497' title='bbox 947 3768 1081 3864; x_wconf 75' lang='lat' dir='ltr'><strong>igilur:</strong></span> <span class='ocrx_word' id='word_1_498' title='bbox 1107 3767 1169 3843; x_wconf 85' lang='lat' dir='ltr'><strong>Tu</strong></span> <span class='ocrx_word' id='word_1_499' title='bbox 1182 3771 1270 3871; x_wconf 82' lang='lat' dir='ltr'><strong>quis</strong></span> <span class='ocrx_word' id='word_1_500' title='bbox 1285 3770 1351 3843; x_wconf 80' lang='lat' dir='ltr'><strong>es?</strong></span> 
     </span>
    </p>
   </div>
   <div class='ocr_carea' id='block_1_20' title="bbox 548 3932 1543 4742">
    <p class='ocr_par' dir='ltr' id='par_1_22' title="bbox 548 3932 1543 4742">
     <span class='ocr_line' id='line_1_55' title="bbox 650 3932 1543 4031; baseline 0.003 -21"><span class='ocrx_word' id='word_1_501' title='bbox 650 3937 865 4029; x_wconf 89' lang='lat' dir='ltr'><strong>lntelligunt</strong></span> <span class='ocrx_word' id='word_1_502' title='bbox 886 3932 1071 4011; x_wconf 86' lang='lat' dir='ltr'><strong>Pharisaei</strong></span> <span class='ocrx_word' id='word_1_503' title='bbox 1092 3937 1277 4015; x_wconf 87' lang='lat' dir='ltr'><strong>Christum</strong></span> <span class='ocrx_word' id='word_1_504' title='bbox 1300 3942 1543 4031; x_wconf 83' lang='lat' dir='ltr'><strong>magnificede</strong></span> 
     </span>
     <span class='ocr_line' id='line_1_56' title="bbox 549 4042 1543 4136; baseline 0.003 -23"><span class='ocrx_word' id='word_1_505' title='bbox 549 4063 625 4113; x_wconf 84' lang='lat' dir='ltr'><strong>sese</strong></span> <span class='ocrx_word' id='word_1_506' title='bbox 651 4042 772 4136; x_wconf 87' lang='lat' dir='ltr'><strong>loqui,</strong></span> <span class='ocrx_word' id='word_1_507' title='bbox 805 4042 994 4112; x_wconf 86' lang='lat' dir='ltr'><strong>audierant</strong></span> <span class='ocrx_word' id='word_1_508' title='bbox 1021 4044 1116 4136; x_wconf 90' lang='lat' dir='ltr'><strong>quod</strong></span> <span class='ocrx_word' id='word_1_509' title='bbox 1145 4046 1252 4130; x_wconf 81' lang='lat' dir='ltr'><strong>diiii,</strong></span> <span class='ocrx_word' id='word_1_510' title='bbox 1294 4067 1330 4113; x_wconf 92' lang='lat' dir='ltr'><strong>se</strong></span> <span class='ocrx_word' id='word_1_511' title='bbox 1352 4045 1499 4115; x_wconf 86' lang='lat' dir='ltr'><strong>missum</strong></span> <span class='ocrx_word' id='word_1_512' title='bbox 1522 4070 1543 4115; x_wconf 91' lang='lat' dir='ltr'><strong>a</strong></span> 
     </span>
     <span class='ocr_line' id='line_1_57' title="bbox 548 4140 1542 4242; baseline 0.004 -29"><span class='ocrx_word' id='word_1_513' title='bbox 548 4156 661 4237; x_wconf 86' lang='lat' dir='ltr'><strong>patre.</strong></span> <span class='ocrx_word' id='word_1_514' title='bbox 713 4140 820 4226; x_wconf 85' lang='lat' dir='ltr'><strong>item,</strong></span> <span class='ocrx_word' id='word_1_515' title='bbox 845 4165 918 4211; x_wconf 89' lang='lat' dir='ltr'><strong>esse</strong></span> <span class='ocrx_word' id='word_1_516' title='bbox 934 4144 977 4211; x_wconf 89' lang='lat' dir='ltr'><strong>de</strong></span> <span class='ocrx_word' id='word_1_517' title='bbox 993 4146 1175 4242; x_wconf 72' lang='lat' dir='ltr'><strong>supernis,</strong></span> <span class='ocrx_word' id='word_1_518' title='bbox 1202 4146 1356 4240; x_wconf 85' lang='lat' dir='ltr'><strong>denique</strong></span> <span class='ocrx_word' id='word_1_519' title='bbox 1377 4171 1456 4215; x_wconf 90' lang='lat' dir='ltr'><strong>cum</strong></span> <span class='ocrx_word' id='word_1_520' title='bbox 1484 4147 1542 4217; x_wconf 90' lang='lat' dir='ltr'><strong>in-</strong></span> 
     </span>
     <span class='ocr_line' id='line_1_58' title="bbox 550 4240 1542 4339; baseline 0 -24"><span class='ocrx_word' id='word_1_521' title='bbox 550 4245 647 4338; x_wconf 86' lang='lat' dir='ltr'><strong>quit:</strong></span> <span class='ocrx_word' id='word_1_522' title='bbox 681 4240 760 4315; x_wconf 84' lang='lat' dir='ltr'><strong>Nisi</strong></span> <span class='ocrx_word' id='word_1_523' title='bbox 778 4244 1019 4327; x_wconf 81' lang='lat' dir='ltr'><strong>credideritis,</strong></span> <span class='ocrx_word' id='word_1_524' title='bbox 1045 4250 1142 4339; x_wconf 90' lang='lat' dir='ltr'><strong>quud</strong></span> <span class='ocrx_word' id='word_1_525' title='bbox 1159 4271 1222 4339; x_wconf 89' lang='lat' dir='ltr'><strong>ego</strong></span> <span class='ocrx_word' id='word_1_526' title='bbox 1237 4272 1336 4331; x_wconf 91' lang='lat' dir='ltr'><strong>sum,</strong></span> <span class='ocrx_word' id='word_1_527' title='bbox 1360 4248 1542 4317; x_wconf 90' lang='lat' dir='ltr'><strong>moriemi-</strong></span> 
     </span>
     <span class='ocr_line' id='line_1_59' title="bbox 548 4342 1543 4438; baseline 0.003 -22"><span class='ocrx_word' id='word_1_528' title='bbox 548 4348 588 4416; x_wconf 89' lang='lat' dir='ltr'><strong>ni</strong></span> <span class='ocrx_word' id='word_1_529' title='bbox 607 4345 644 4415; x_wconf 91' lang='lat' dir='ltr'><strong>in</strong></span> <span class='ocrx_word' id='word_1_530' title='bbox 663 4359 803 4438; x_wconf 84' lang='lat' dir='ltr'><strong>peccato</strong></span> <span class='ocrx_word' id='word_1_531' title='bbox 823 4358 949 4415; x_wconf 89' lang='lat' dir='ltr'><strong>vestro.</strong></span> <span class='ocrx_word' id='word_1_532' title='bbox 1000 4342 1104 4417; x_wconf 84' lang='lat' dir='ltr'><strong>Hanc</strong></span> <span class='ocrx_word' id='word_1_533' title='bbox 1122 4373 1206 4419; x_wconf 87' lang='lat' dir='ltr'><strong>vero</strong></span> <span class='ocrx_word' id='word_1_534' title='bbox 1222 4350 1383 4421; x_wconf 90' lang='lat' dir='ltr'><strong>iudicant</strong></span> <span class='ocrx_word' id='word_1_535' title='bbox 1398 4374 1471 4417; x_wconf 89' lang='lat' dir='ltr'><strong>non</strong></span> <span class='ocrx_word' id='word_1_536' title='bbox 1491 4352 1543 4419; x_wconf 84' lang='lat' dir='ltr'><strong>ie-</strong></span> 
     </span>
     <span class='ocr_line' id='line_1_60' title="bbox 548 4447 1543 4545; baseline 0.005 -29"><span class='ocrx_word' id='word_1_537' title='bbox 548 4448 700 4517; x_wconf 87' lang='lat' dir='ltr'><strong>rendam</strong></span> <span class='ocrx_word' id='word_1_538' title='bbox 717 4469 791 4517; x_wconf 87' lang='lat' dir='ltr'><strong>esse</strong></span> <span class='ocrx_word' id='word_1_539' title='bbox 808 4447 1067 4535; x_wconf 83' lang='lat' dir='ltr'><strong>arrogantiam,</strong></span> <span class='ocrx_word' id='word_1_540' title='bbox 1097 4452 1181 4545; x_wconf 92' lang='lat' dir='ltr'><strong>quia</strong></span> <span class='ocrx_word' id='word_1_541' title='bbox 1205 4475 1278 4521; x_wconf 92' lang='lat' dir='ltr'><strong>sese</strong></span> <span class='ocrx_word' id='word_1_542' title='bbox 1302 4451 1418 4543; x_wconf 88' lang='lat' dir='ltr'><strong>palam</strong></span> <span class='ocrx_word' id='word_1_543' title='bbox 1441 4467 1543 4524; x_wconf 91' lang='lat' dir='ltr'><strong>ante-</strong></span> 
     </span>
     <span class='ocr_line' id='line_1_61' title="bbox 548 4548 1542 4644; baseline 0.006 -26"><span class='ocrx_word' id='word_1_544' title='bbox 548 4550 640 4619; x_wconf 83' lang='lat' dir='ltr'><strong>ferat</strong></span> <span class='ocrx_word' id='word_1_545' title='bbox 653 4548 821 4619; x_wconf 90' lang='lat' dir='ltr'><strong>omnihus</strong></span> <span class='ocrx_word' id='word_1_546' title='bbox 839 4548 985 4641; x_wconf 78' lang='lat' dir='ltr'><strong>reliquis</strong></span> <span class='ocrx_word' id='word_1_547' title='bbox 1000 4552 1217 4637; x_wconf 84' lang='lat' dir='ltr'><strong>doctoribus,</strong></span> <span class='ocrx_word' id='word_1_548' title='bbox 1241 4548 1454 4644; x_wconf 27' lang='lat' dir='ltr'><strong>Prophetis..</strong></span> <span class='ocrx_word' id='word_1_549' title='bbox 1470 4554 1542 4624; x_wconf 91' lang='lat' dir='ltr'><strong>imo</strong></span> 
     </span>
     <span class='ocr_line' id='line_1_62' title="bbox 549 4648 1542 4742; baseline 0.009 -25"><span class='ocrx_word' id='word_1_550' title='bbox 549 4650 621 4742; x_wconf 88' lang='lat' dir='ltr'><strong>ipsi</strong></span> <span class='ocrx_word' id='word_1_551' title='bbox 637 4648 731 4719; x_wconf 88' lang='lat' dir='ltr'><strong>Mosi</strong></span> <span class='ocrx_word' id='word_1_552' title='bbox 745 4664 780 4720; x_wconf 91' lang='lat' dir='ltr'><strong>et</strong></span> <span class='ocrx_word' id='word_1_553' title='bbox 794 4649 965 4741; x_wconf 88' lang='lat' dir='ltr'><strong>patribus.</strong></span> <span class='ocrx_word' id='word_1_554' title='bbox 1016 4648 1095 4725; x_wconf 85' lang='lat' dir='ltr'><strong>Etsi</strong></span> <span class='ocrx_word' id='word_1_555' title='bbox 1117 4668 1233 4723; x_wconf 83' lang='lat' dir='ltr'><strong>autem</strong></span> <span class='ocrx_word' id='word_1_556' title='bbox 1248 4655 1408 4726; x_wconf 86' lang='lat' dir='ltr'><strong>iudicent</strong></span> <span class='ocrx_word' id='word_1_557' title='bbox 1422 4680 1542 4725; x_wconf 89' lang='lat' dir='ltr'><strong>vocem</strong></span> 
     </span>
    </p>
   </div>
   <div class='ocr_carea' id='block_1_21' title="bbox 456 4747 2584 4946">
    <p class='ocr_par' dir='ltr' id='par_1_23' title="bbox 456 4747 2584 4946">
     <span class='ocr_line' id='line_1_63' title="bbox 550 4747 2515 4845; baseline -0.003 -25"><span class='ocrx_word' id='word_1_558' title='bbox 550 4774 626 4820; x_wconf 84' lang='lat' dir='ltr'><strong>esse</strong></span> <span class='ocrx_word' id='word_1_559' title='bbox 650 4747 912 4841; x_wconf 87' lang='lat' dir='ltr'><strong>blasphemam,</strong></span> <span class='ocrx_word' id='word_1_560' title='bbox 950 4766 1070 4823; x_wconf 87' lang='lat' dir='ltr'><strong>tamen</strong></span> <span class='ocrx_word' id='word_1_561' title='bbox 1102 4760 1221 4845; x_wconf 88' lang='lat' dir='ltr'><strong>potins</strong></span> <span class='ocrx_word' id='word_1_562' title='bbox 1250 4758 1387 4825; x_wconf 91' lang='lat' dir='ltr'><strong>ducunt</strong></span> <span class='ocrx_word' id='word_1_563' title='bbox 1410 4758 1484 4827; x_wconf 91' lang='lat' dir='ltr'><strong>risu</strong></span> <span class='ocrx_word' id='word_1_564' title='bbox 1508 4772 1543 4829; x_wconf 92' lang='lat' dir='ltr'><strong>et</strong></span> <span class='ocrx_word' id='word_1_565' title='bbox 1839 4822 1847 4837; x_wconf 88' lang='grc'><strong>,</strong></span> <span class='ocrx_word' id='word_1_566' title='bbox 2108 4820 2144 4836; x_wconf 72' lang='grc'><strong>,,</strong></span> <span class='ocrx_word' id='word_1_567' title='bbox 2284 4822 2292 4839; x_wconf 58' lang='grc'><strong>,</strong></span> <span class='ocrx_word' id='word_1_568' title='bbox 2506 4826 2515 4843; x_wconf 38' lang='lat'>⁸</span> 
     </span>
     <span class='ocr_line' id='line_1_64' title="bbox 456 4818 2584 4946; baseline -0.011 -39"><span class='ocrx_word' id='word_1_569' title='bbox 456 4920 461 4929; x_wconf 30' lang='grc' dir='ltr'>Ι</span> <span class='ocrx_word' id='word_1_570' title='bbox 550 4846 824 4923; x_wconf 43' lang='lat' dir='ltr'><strong>cachinnis&amp;</strong></span> <span class='ocrx_word' id='word_1_571' title='bbox 849 4853 1120 4942; x_wconf 49' lang='lat' dir='ltr'><strong>explodendam·</strong></span> <span class='ocrx_word' id='word_1_572' title='bbox 1170 4854 1541 4946; x_wconf 54' lang='lat' dir='ltr'><strong>Quafeadeiusgffl·</strong></span> <span class='ocrx_word' id='word_1_573' title='bbox 1593 4834 1740 4890; x_wconf 88' lang='lat' dir='ltr'><strong>tuentur</strong></span> <span class='ocrx_word' id='word_1_574' title='bbox 1754 4823 2002 4891; x_wconf 89' lang='lat' dir='ltr'><strong>admirandum</strong></span> <span class='ocrx_word' id='word_1_575' title='bbox 2020 4820 2207 4889; x_wconf 88' lang='lat' dir='ltr'><strong>consilium</strong></span> <span class='ocrx_word' id='word_1_576' title='bbox 2227 4818 2314 4907; x_wconf 86' lang='lat' dir='ltr'><strong>Dei,</strong></span> <span class='ocrx_word' id='word_1_577' title='bbox 2348 4822 2442 4917; x_wconf 87' lang='lat' dir='ltr'><strong>quod</strong></span> <span class='ocrx_word' id='word_1_578' title='bbox 2466 4824 2584 4894; x_wconf 77' lang='lat' dir='ltr'><strong>filium</strong></span> 
     </span>
    </p>
   </div>
   <div class='ocr_carea' id='block_1_22' title="bbox 549 4920 2584 5151">
    <p class='ocr_par' dir='ltr' id='par_1_24' title="bbox 549 4920 2584 5151">
     <span class='ocr_line' id='line_1_65' title="bbox 549 4920 2583 5049; baseline -0.003 -28"><span class='ocrx_word' id='word_1_579' title='bbox 549 4952 730 5022; x_wconf 87' lang='lat' dir='ltr'><strong>vissimam</strong></span> <span class='ocrx_word' id='word_1_580' title='bbox 753 4953 982 5039; x_wconf 88' lang='lat' dir='ltr'><strong>concionem,</strong></span> <span class='ocrx_word' id='word_1_581' title='bbox 1023 4956 1125 5047; x_wconf 88' lang='lat' dir='ltr'><strong>quasi</strong></span> <span class='ocrx_word' id='word_1_582' title='bbox 1154 4958 1344 5049; x_wconf 88' lang='lat' dir='ltr'><strong>indignum</strong></span> <span class='ocrx_word' id='word_1_583' title='bbox 1372 4982 1541 5049; x_wconf 86' lang='lat' dir='ltr'><strong>responso</strong></span> <span class='ocrx_word' id='word_1_584' title='bbox 1594 4922 1707 4992; x_wconf 63' lang='lat' dir='ltr'><strong>v⁰¹⁰i¹</strong></span> <span class='ocrx_word' id='word_1_585' title='bbox 1725 4923 1902 4992; x_wconf 31' lang='lat' dir='ltr'><strong>&amp;elimam</strong></span> <span class='ocrx_word' id='word_1_586' title='bbox 1919 4922 2073 5042; x_wconf 42' lang='lat' dir='ltr'><strong>wilm</strong></span> <span class='ocrx_word' id='word_1_587' title='bbox 2092 4923 2243 5044; x_wconf 56' lang='lat' dir='ltr'><strong>Pfccallff</strong></span> <span class='ocrx_word' id='word_1_588' title='bbox 2257 4924 2396 5045; x_wconf 49' lang='lat' dir='ltr'><strong>heneti?</strong></span> <span class='ocrx_word' id='word_1_589' title='bbox 2417 4920 2583 4998; x_wconf 61' lang='lat' dir='ltr'><strong>humani·</strong></span> 
     </span>
     <span class='ocr_line' id='line_1_66' title="bbox 550 5020 2584 5151; baseline -0.003 -46"><span class='ocrx_word' id='word_1_590' title='bbox 550 5051 759 5124; x_wconf 60' lang='lat' dir='ltr'><strong>nihflaliud</strong></span> <span class='ocrx_word' id='word_1_591' title='bbox 783 5054 997 5141; x_wconf 55' lang='lat' dir='ltr'><strong>subjiciunt,</strong></span> <span class='ocrx_word' id='word_1_592' title='bbox 1030 5082 1136 5149; x_wconf 62' lang='lat' dir='ltr'><strong>quam</strong></span> <span class='ocrx_word' id='word_1_593' title='bbox 1163 5054 1255 5132; x_wconf 57' lang='lat' dir='ltr'>hanc</span> <span class='ocrx_word' id='word_1_594' title='bbox 1278 5083 1415 5131; x_wconf 55' lang='lat' dir='ltr'><strong>vocem:</strong></span> <span class='ocrx_word' id='word_1_595' title='bbox 1450 5059 1541 5151; x_wconf 45' lang='lat' dir='ltr'><strong>Quis</strong></span> <span class='ocrx_word' id='word_1_596' title='bbox 1594 5020 1758 5095; x_wconf 85' lang='lat' dir='ltr'><strong>Haecesl</strong></span> <span class='ocrx_word' id='word_1_597' title='bbox 1782 5048 1863 5094; x_wconf 90' lang='lat' dir='ltr'><strong>vera</strong></span> <span class='ocrx_word' id='word_1_598' title='bbox 1888 5038 1921 5094; x_wconf 87' lang='lat' dir='ltr'><strong>et</strong></span> <span class='ocrx_word' id='word_1_599' title='bbox 1946 5026 2141 5116; x_wconf 87' lang='lat' dir='ltr'><strong>spiritualis</strong></span> <span class='ocrx_word' id='word_1_600' title='bbox 2165 5039 2297 5097; x_wconf 88' lang='lat' dir='ltr'><strong>noticia</strong></span> <span class='ocrx_word' id='word_1_601' title='bbox 2319 5024 2405 5108; x_wconf 89' lang='lat' dir='ltr'><strong>Dei,</strong></span> <span class='ocrx_word' id='word_1_602' title='bbox 2438 5043 2472 5099; x_wconf 90' lang='lat' dir='ltr'><strong>et</strong></span> <span class='ocrx_word' id='word_1_603' title='bbox 2494 5024 2584 5099; x_wconf 79' lang='lat' dir='ltr'><strong>haec</strong></span> 
     </span>
    </p>
   </div>
   <div class='ocr_carea' id='block_1_23' title="bbox 552 5124 2584 5248">
    <p class='ocr_par' dir='ltr' id='par_1_25' title="bbox 552 5124 2584 5248">
     <span class='ocr_line' id='line_1_67' title="bbox 552 5124 2584 5248; baseline -0.004 -40"><span class='ocrx_word' id='word_1_604' title='bbox 552 5155 668 5227; x_wconf 61' lang='lat' dir='ltr'><strong>mu?</strong></span> <span class='ocrx_word' id='word_1_605' title='bbox 718 5152 852 5248; x_wconf 50' lang='lat' dir='ltr'><strong>Estque</strong></span> <span class='ocrx_word' id='word_1_606' title='bbox 883 5150 970 5226; x_wconf 59' lang='lat' dir='ltr'>haec</span> <span class='ocrx_word' id='word_1_607' title='bbox 1001 5158 1076 5247; x_wconf 67' lang='lat' dir='ltr'><strong>gp„</strong></span> <span class='ocrx_word' id='word_1_608' title='bbox 1100 5185 1167 5227; x_wconf 61' lang='lat' dir='ltr'><strong>vox</strong></span> <span class='ocrx_word' id='word_1_609' title='bbox 1196 5156 1288 5229; x_wconf 61' lang='lat' dir='ltr'>nihil</span> <span class='ocrx_word' id='word_1_610' title='bbox 1319 5163 1435 5247; x_wconf 53' lang='lat' dir='ltr'>aliud,</span> <span class='ocrx_word' id='word_1_611' title='bbox 1472 5164 1541 5233; x_wconf 58' lang='lat' dir='ltr'>nisi</span> <span class='ocrx_word' id='word_1_612' title='bbox 1591 5125 1677 5195; x_wconf 89' lang='lat' dir='ltr'><strong>fides</strong></span> <span class='ocrx_word' id='word_1_613' title='bbox 1693 5127 1731 5193; x_wconf 93' lang='lat' dir='ltr'><strong>in</strong></span> <span class='ocrx_word' id='word_1_614' title='bbox 1747 5127 1839 5195; x_wconf 89' lang='lat' dir='ltr'><strong>veiis</strong></span> <span class='ocrx_word' id='word_1_615' title='bbox 1855 5128 2108 5198; x_wconf 88' lang='lat' dir='ltr'><strong>certaminibus</strong></span> <span class='ocrx_word' id='word_1_616' title='bbox 2133 5124 2236 5197; x_wconf 80' lang='lat' dir='ltr'><strong>affert</strong></span> <span class='ocrx_word' id='word_1_617' title='bbox 2258 5129 2396 5199; x_wconf 86' lang='lat' dir='ltr'><strong>firmam</strong></span> <span class='ocrx_word' id='word_1_618' title='bbox 2416 5134 2584 5201; x_wconf 88' lang='lat' dir='ltr'><strong>consola-</strong></span> 
     </span>
    </p>
   </div>
   <div class='ocr_carea' id='block_1_24' title="bbox 551 5228 2583 5552">
    <p class='ocr_par' dir='ltr' id='par_1_26' title="bbox 551 5228 2583 5552">
     <span class='ocr_line' id='line_1_68' title="bbox 551 5228 2583 5358; baseline -0.002 -33"><span class='ocrx_word' id='word_1_619' title='bbox 551 5256 759 5346; x_wconf 83' lang='lat' dir='ltr'><strong>significatio</strong></span> <span class='ocrx_word' id='word_1_620' title='bbox 776 5277 838 5345; x_wconf 90' lang='lat' dir='ltr'><strong>per</strong></span> <span class='ocrx_word' id='word_1_621' title='bbox 852 5256 1049 5331; x_wconf 87' lang='lat' dir='ltr'><strong>ludibrium</strong></span> <span class='ocrx_word' id='word_1_622' title='bbox 1075 5260 1327 5348; x_wconf 88' lang='lat' dir='ltr'><strong>irridentium,</strong></span> <span class='ocrx_word' id='word_1_623' title='bbox 1362 5266 1461 5358; x_wconf 87' lang='lat' dir='ltr'><strong>quasi</strong></span> <span class='ocrx_word' id='word_1_624' title='bbox 1484 5266 1541 5335; x_wconf 87' lang='lat' dir='ltr'><strong>‹ti-</strong></span> <span class='ocrx_word' id='word_1_625' title='bbox 1592 5228 2086 5349; x_wconf 44' lang='lat' dir='ltr'><strong>¹1⁰⁰²mtelerfgitm⁰¹¹¹efft</strong></span> <span class='ocrx_word' id='word_1_626' title='bbox 2120 5244 2159 5301; x_wconf 60' lang='lat'><strong>¹¹²</strong></span> <span class='ocrx_word' id='word_1_627' title='bbox 2182 5230 2360 5301; x_wconf 62' lang='lat' dir='ltr'><strong>“cufim</strong></span> <span class='ocrx_word' id='word_1_628' title='bbox 2384 5232 2583 5305; x_wconf 55' lang='lat' dir='ltr'><strong>dublffllst·</strong></span> 
     </span>
     <span class='ocr_line' id='line_1_69' title="bbox 551 5330 2582 5455; baseline -0.002 -45"><span class='ocrx_word' id='word_1_629' title='bbox 551 5370 649 5429; x_wconf 88' lang='lat' dir='ltr'><strong>caiit:</strong></span> <span class='ocrx_word' id='word_1_630' title='bbox 676 5354 815 5451; x_wconf 61' lang='lat' dir='ltr'><strong>Ecquid</strong></span> <span class='ocrx_word' id='word_1_631' title='bbox 835 5358 899 5427; x_wconf 60' lang='lat' dir='ltr'><strong>[rbi</strong></span> <span class='ocrx_word' id='word_1_632' title='bbox 916 5358 1051 5428; x_wconf 52' lang='lat' dir='ltr'><strong>summ</strong></span> <span class='ocrx_word' id='word_1_633' title='bbox 1083 5387 1156 5432; x_wconf 67' lang='lat' dir='ltr'><strong>no„</strong></span> <span class='ocrx_word' id='word_1_634' title='bbox 1183 5366 1291 5455; x_wconf 87' lang='lat' dir='ltr'><strong>pudet</strong></span> <span class='ocrx_word' id='word_1_635' title='bbox 1313 5380 1347 5433; x_wconf 59' lang='lat' dir='ltr'><strong>[e</strong></span> <span class='ocrx_word' id='word_1_636' title='bbox 1370 5390 1539 5455; x_wconf 42' lang='lat' dir='ltr'><strong>mogan-</strong></span> <span class='ocrx_word' id='word_1_637' title='bbox 1592 5352 1695 5414; x_wconf 89' lang='lat' dir='ltr'><strong>nem,</strong></span> <span class='ocrx_word' id='word_1_638' title='bbox 1725 5340 1758 5399; x_wconf 90' lang='lat' dir='ltr'><strong>et</strong></span> <span class='ocrx_word' id='word_1_639' title='bbox 1773 5344 1916 5450; x_wconf 78' lang='lat' dir='ltr'><strong>vincant</strong></span> <span class='ocrx_word' id='word_1_640' title='bbox 1932 5334 2305 5451; x_wconf 28' lang='lat' dir='ltr'><strong>terrorespctteorda,</strong></span> <span class='ocrx_word' id='word_1_641' title='bbox 2331 5348 2498 5455; x_wconf 67' lang='lat' dir='ltr'><strong>concepta</strong></span> <span class='ocrx_word' id='word_1_642' title='bbox 2515 5330 2582 5407; x_wconf 87' lang='lat' dir='ltr'><strong>hac</strong></span> 
     </span>
     <span class='ocr_line' id='line_1_70' title="bbox 551 5431 2581 5552; baseline -0.003 -39"><span class='ocrx_word' id='word_1_643' title='bbox 551 5456 646 5529; x_wconf 63' lang='lat'>2120?</span> <span class='ocrx_word' id='word_1_644' title='bbox 678 5478 724 5527; x_wconf 67' lang='lat'><strong>3„</strong></span> <span class='ocrx_word' id='word_1_645' title='bbox 744 5483 829 5527; x_wconf 60' lang='lat' dir='ltr'><strong>vem</strong></span> <span class='ocrx_word' id='word_1_646' title='bbox 851 5463 961 5528; x_wconf 53' lang='lat' dir='ltr'><strong>aude,</strong></span> <span class='ocrx_word' id='word_1_647' title='bbox 982 5466 1181 5552; x_wconf 53' lang='lat' dir='ltr'><strong>pompm,</strong></span> <span class='ocrx_word' id='word_1_648' title='bbox 1217 5480 1257 5535; x_wconf 68' lang='lat' dir='ltr'><strong>m</strong></span> <span class='ocrx_word' id='word_1_649' title='bbox 1280 5466 1349 5535; x_wconf 58' lang='lat' dir='ltr'><strong>,ibi</strong></span> <span class='ocrx_word' id='word_1_650' title='bbox 1376 5470 1540 5539; x_wconf 58' lang='lat' dir='ltr'><strong>credam,</strong></span> <span class='ocrx_word' id='word_1_651' title='bbox 1591 5431 1669 5501; x_wconf 86' lang='lat' dir='ltr'><strong>lnce</strong></span> <span class='ocrx_word' id='word_1_652' title='bbox 1684 5446 1715 5502; x_wconf 93' lang='lat' dir='ltr'><strong>et</strong></span> <span class='ocrx_word' id='word_1_653' title='bbox 1732 5435 1992 5515; x_wconf 87' lang='lat' dir='ltr'><strong>consolatione,</strong></span> <span class='ocrx_word' id='word_1_654' title='bbox 2019 5458 2089 5503; x_wconf 89' lang='lat' dir='ltr'><strong>iam</strong></span> <span class='ocrx_word' id='word_1_655' title='bbox 2110 5446 2287 5526; x_wconf 89' lang='lat' dir='ltr'><strong>incipiunt</strong></span> <span class='ocrx_word' id='word_1_656' title='bbox 2308 5460 2390 5506; x_wconf 91' lang='lat' dir='ltr'><strong>vere</strong></span> <span class='ocrx_word' id='word_1_657' title='bbox 2412 5460 2581 5508; x_wconf 86' lang='lat' dir='ltr'><strong>invocare</strong></span> 
     </span>
    </p>
   </div>
   <div class='ocr_carea' id='block_1_25' title="bbox 551 5528 2454 5640">
    <p class='ocr_par' dir='ltr' id='par_1_27' title="bbox 551 5528 2454 5640">
     <span class='ocr_line' id='line_1_71' title="bbox 551 5528 2454 5640; baseline -0.003 -27"><span class='ocrx_word' id='word_1_658' title='bbox 551 5573 623 5630; x_wconf 57' lang='lat' dir='ltr'><strong>iam</strong></span> <span class='ocrx_word' id='word_1_659' title='bbox 639 5561 792 5629; x_wconf 60' lang='lat' dir='ltr'>absurda</span> <span class='ocrx_word' id='word_1_660' title='bbox 808 5560 965 5629; x_wconf 62' lang='lat' dir='ltr'><strong>diffini?</strong></span> <span class='ocrx_word' id='word_1_661' title='bbox 1018 5560 1067 5633; x_wconf 63' lang='lat' dir='ltr'><strong>Hp</strong></span> <span class='ocrx_word' id='word_1_662' title='bbox 1086 5579 1168 5639; x_wconf 63' lang='lat' dir='ltr'><strong>,um</strong></span> <span class='ocrx_word' id='word_1_663' title='bbox 1184 5562 1348 5637; x_wconf 55' lang='lat' dir='ltr'>cachinni</span> <span class='ocrx_word' id='word_1_664' title='bbox 1369 5593 1445 5639; x_wconf 66' lang='lat' dir='ltr'><strong>non</strong></span> <span class='ocrx_word' id='word_1_665' title='bbox 1466 5572 1539 5640; x_wconf 53' lang='lat' dir='ltr'>dis·</span> <span class='ocrx_word' id='word_1_666' title='bbox 1590 5528 1725 5619; x_wconf 89' lang='lat' dir='ltr'><strong>Denm,</strong></span> <span class='ocrx_word' id='word_1_667' title='bbox 1748 5549 1782 5605; x_wconf 91' lang='lat' dir='ltr'><strong>et</strong></span> <span class='ocrx_word' id='word_1_668' title='bbox 1794 5549 1973 5625; x_wconf 87' lang='lat' dir='ltr'><strong>praestant</strong></span> <span class='ocrx_word' id='word_1_669' title='bbox 1991 5560 2092 5606; x_wconf 90' lang='lat' dir='ltr'><strong>veros</strong></span> <span class='ocrx_word' id='word_1_670' title='bbox 2109 5535 2224 5606; x_wconf 86' lang='lat' dir='ltr'><strong>cultus</strong></span> <span class='ocrx_word' id='word_1_671' title='bbox 2239 5536 2454 5627; x_wconf 88' lang='lat' dir='ltr'><strong>spirituales.</strong></span> 
     </span>
    </p>
   </div>
   <div class='ocr_carea' id='block_1_26' title="bbox 551 5660 2579 5875">
    <p class='ocr_par' dir='ltr' id='par_1_28' title="bbox 551 5660 2579 5875">
     <span class='ocr_line' id='line_1_72' title="bbox 551 5660 2579 5761; baseline 0.007 -30"><span class='ocrx_word' id='word_1_672' title='bbox 551 5660 685 5731; x_wconf 86' lang='lat' dir='ltr'><strong>similes</strong></span> <span class='ocrx_word' id='word_1_673' title='bbox 725 5660 898 5742; x_wconf 86' lang='lat' dir='ltr'><strong>illorum,</strong></span> <span class='ocrx_word' id='word_1_674' title='bbox 956 5662 1019 5756; x_wconf 91' lang='lat' dir='ltr'><strong>qui</strong></span> <span class='ocrx_word' id='word_1_675' title='bbox 1069 5682 1304 5759; x_wconf 87' lang='lat' dir='ltr'><strong>conspuentes</strong></span> <span class='ocrx_word' id='word_1_676' title='bbox 1342 5666 1539 5759; x_wconf 86' lang='lat' dir='ltr'><strong>Christum,</strong></span> <span class='ocrx_word' id='word_1_677' title='bbox 1691 5668 1848 5742; x_wconf 88' lang='lat' dir='ltr'><strong>Econtra</strong></span> <span class='ocrx_word' id='word_1_678' title='bbox 1864 5672 1928 5741; x_wconf 88' lang='lat' dir='ltr'><strong>uhi</strong></span> <span class='ocrx_word' id='word_1_679' title='bbox 1943 5687 2077 5744; x_wconf 90' lang='lat' dir='ltr'><strong>mentes</strong></span> <span class='ocrx_word' id='word_1_680' title='bbox 2094 5671 2252 5761; x_wconf 89' lang='lat' dir='ltr'><strong>neglecta</strong></span> <span class='ocrx_word' id='word_1_681' title='bbox 2273 5664 2340 5743; x_wconf 87' lang='lat' dir='ltr'><strong>hac</strong></span> <span class='ocrx_word' id='word_1_682' title='bbox 2355 5696 2440 5745; x_wconf 91' lang='lat' dir='ltr'><strong>voce</strong></span> <span class='ocrx_word' id='word_1_683' title='bbox 2456 5668 2579 5745; x_wconf 80' lang='lat' dir='ltr'><strong>Evan-</strong></span> 
     </span>
     <span class='ocr_line' id='line_1_73' title="bbox 551 5762 2577 5875; baseline 0.008 -44"><span class='ocrx_word' id='word_1_684' title='bbox 551 5774 672 5853; x_wconf 89' lang='lat' dir='ltr'><strong>postea</strong></span> <span class='ocrx_word' id='word_1_685' title='bbox 688 5762 841 5834; x_wconf 89' lang='lat' dir='ltr'><strong>salutant</strong></span> <span class='ocrx_word' id='word_1_686' title='bbox 855 5785 985 5855; x_wconf 88' lang='lat' dir='ltr'><strong>regem.</strong></span> <span class='ocrx_word' id='word_1_687' title='bbox 1590 5770 1673 5861; x_wconf 88' lang='lat' dir='ltr'><strong>gelii</strong></span> <span class='ocrx_word' id='word_1_688' title='bbox 1700 5784 1872 5875; x_wconf 81' lang='lat' dir='ltr'><strong>vagantur</strong></span> <span class='ocrx_word' id='word_1_689' title='bbox 1906 5772 1978 5847; x_wconf 85' lang='lat' dir='ltr'><strong>suis</strong></span> <span class='ocrx_word' id='word_1_690' title='bbox 2010 5772 2345 5865; x_wconf 84' lang='lat' dir='ltr'><strong>imaginationibus,</strong></span> <span class='ocrx_word' id='word_1_691' title='bbox 2388 5788 2423 5849; x_wconf 94' lang='lat' dir='ltr'><strong>et</strong></span> <span class='ocrx_word' id='word_1_692' title='bbox 2449 5776 2508 5861; x_wconf 80' lang='lat' dir='ltr'><strong>rel</strong></span> <span class='ocrx_word' id='word_1_693' title='bbox 2537 5800 2577 5849; x_wconf 80' lang='lat' dir='ltr'><strong>ex</strong></span> 
     </span>
    </p>
   </div>
   <div class='ocr_carea' id='block_1_27' title="bbox 1605 909 2641 1009">
    <p class='ocr_par' dir='ltr' id='par_1_29' title="bbox 1605 909 2641 1009">
     <span class='ocr_line' id='line_1_74' title="bbox 1605 909 2641 1009; baseline -0.001 -21"><span class='ocrx_word' id='word_1_694' title='bbox 1605 909 1620 946; x_wconf 73' lang='lat'><strong>⁹</strong></span> <span class='ocrx_word' id='word_1_695' title='bbox 1688 911 1818 988; x_wconf 87' lang='lat' dir='ltr'><strong>Aliena</strong></span> <span class='ocrx_word' id='word_1_696' title='bbox 1846 930 1898 988; x_wconf 89' lang='lat' dir='ltr'><strong>cst</strong></span> <span class='ocrx_word' id='word_1_697' title='bbox 1929 911 1996 986; x_wconf 91' lang='lat' dir='ltr'><strong>hoc</strong></span> <span class='ocrx_word' id='word_1_698' title='bbox 2024 917 2103 988; x_wconf 91' lang='lat' dir='ltr'><strong>loco</strong></span> <span class='ocrx_word' id='word_1_699' title='bbox 2134 917 2381 1009; x_wconf 81' lang='lat' dir='ltr'><strong>interpretatio</strong></span> <span class='ocrx_word' id='word_1_700' title='bbox 2411 917 2580 988; x_wconf 85' lang='lat' dir='ltr'><strong>vocabuli</strong></span> <span class='ocrx_word' id='word_1_701' title='bbox 2640 937 2641 944; x_wconf 74' lang='grc'>’</span> 
     </span>
    </p>
   </div>
   <div class='ocr_carea' id='block_1_28' title="bbox 0 0 2931 6948">
    <p class='ocr_par' dir='ltr' id='par_1_30' title="bbox 0 0 2931 6948">
     <span class='ocr_line' id='line_1_75' title="bbox 0 0 2931 6948; baseline 0 0"><span class='ocrx_word' id='word_1_702' title='bbox 0 0 2931 6948; x_wconf 95' lang='lat' dir='ltr'><strong> </strong></span> 
     </span>
    </p>
   </div>
  </div>
 </body>
</html>
