5825 6950
548 666 648 745 mac
902 698 911 713 -
1134 660 1265 784 ruia.
1289 656 1411 737 Meu.
1438 654 1652 733 scuicri
1675 654 1980 739 uxncnricii
2472 676 2565 751 aaa

552 836 745 922 tentiouis,
771 832 863 935 i'puae
877 839 1096 909 damnantur
1117 834 1287 907 omuibus
1309 834 1432 920 dictis,
1457 855 1550 927 quae
1603 834 1729 911 crucis.
1770 831 2035 931 Touc'quoque
2050 832 2192 907 animus
2209 851 2398 911 contentus
2413 839 2468 929 sit,
2490 842 2567 921 iuxta
2636 824 2637 915 i

554 940 778 1043 praecipiunt
802 940 1005 1024 veritatem,
1042 953 1077 1010 et
1098 932 1292 1029 prohibent
1312 935 1553 1015 mendacium,
1605 937 1697 1008 illud
1715 942 1749 1010 1.
1764 938 1864 1008 Petri
1882 932 1934 1011 5.:
1968 933 2224 1008 Humiliamini
2247 944 2314 1012 sub
2335 945 2461 1035 potenti
2481 970 2568 1021 mauu

556 1051 653 1117 iuxta
671 1044 779 1114 iliud:
806 1040 888 1113 Non
905 1042 1002 1113 dicas
1014 1041 1142 1111 lalsum
1159 1042 1413 1112 testimonium.
1436 1033 1554 1130 Ephe.
1604 1036 1694 1126 Dei,
1719 1054 1754 1111 et
1770 1054 1865 1135 petat
1880 1040 2139 1131 mitigationem
2155 1064 2175 1112 a
2190 1041 2280 1116 Deo.

559 1148 613 1221 sb:
638 1146 866 1241 Deponentes
882 1144 1128 1223 mendacium,
1150 1142 1342 1237 loquimini
1358 1143 1553 1212 ceritatem.

558 1250 608 1325 Et
623 1251 764 1340 regulas
778 1248 884 1319 ctiam
901 1268 1110 1339 sequamur:
1138 1242 1322 1334 Fugienda
1334 1244 1554 1315 consuetudo

557 1354 646 1427 falsa
677 1350 899 1433 docentium,
937 1348 1035 1419 iusta
1064 1349 1198 1417 dictum
1228 1349 1259 1420 1.
1281 1342 1447 1421 Corinth.
1480 1338 1553 1420 15.:

560 1454 806 1545 Corrumpunt
820 1452 936 1522 bonos
957 1473 1072 1520 mores
1095 1449 1273 1541 colloquia
1293 1473 1413 1541 prava.
1466 1445 1554 1566 ltem
1710 1462 1873 1535 Tandem
1891 1465 2019 1557 repetit
2038 1482 2262 1559 praeceptum
2284 1470 2329 1539 de
2349 1474 2471 1543 menda
2494 1482 2573 1567 puri,
2636 1492 2637 1509 i

562 1556 681 1629 Lucae
723 1553 960 1626 duodecimo:
1013 1551 1144 1624 Cavete
1181 1552 1394 1623 fermentum
1427 1546 1556 1621 Phffl·
1610 1580 1681 1639 tate
1711 1568 1897 1657 doctrina,
1945 1581 1980 1640 et
2009 1570 2131 1639 miscet
2155 1572 2310 1643 dictum:
2359 1564 2490 1647 Coram
2509 1575 2574 1651 Dec

561 1682 736 1729 tutorum·
1184 1710 1189 1717 ·
1429 1683 1471 1739 ’.
1611 1669 1677 1768 qui
1699 1663 1858 1759 vivificat
1877 1666 2018 1743 omniu.
2070 1669 2168 1741 Haec
2191 1675 2363 1765 particula
2386 1681 2524 1767 pertinet
2542 1689 2574 1754 ad

1612 1771 1831 1853 doctrinam,
1857 1795 1947 1867 quae
1965 1774 2119 1844 traditur
2140 1774 2177 1841 iii
2203 1778 2425 1848 enarratione
2451 1786 2577 1875 symboli

615 1882 811 1983 Magnum
828 1882 971 1958 lucrum
992 1893 1043 1956 est
1057 1882 1179 1982 pietas
1194 1906 1274 1955 cum
1290 1876 1508 1983 αὐταρκείᾳ.
1613 1877 1659 1945 de
1675 1875 1870 1959 creatione,
1894 1874 1990 1967 quod
2014 1872 2177 1947 videlicet
2193 1874 2289 1947 Deus
2311 1902 2386 1949 non
2410 1882 2577 1957 discesserit

1614 1978 1760 2047 archus
1784 1976 1957 2061 conditis,
1985 1978 2075 2047 sicut
2099 1978 2246 2048 discedit
2267 1982 2367 2051 faber
2387 2008 2405 2051 a
2422 1986 2497 2053 navi
2513 2010 2579 2055 coii-

666 2078 831 2151 Bisusua
849 2092 902 2151 est
922 2077 1097 2149 vocabulo
1117 2074 1313 2167 Quaestus,
1337 2076 1494 2168 primum
1517 2074 1562 2143 de
1613 2091 1766 2163 structa,
1800 2080 1860 2148 sed
1887 2101 2027 2168 semper
2049 2092 2223 2152 sustentet
2253 2106 2326 2165 res,
2369 2087 2477 2155 donec
2500 2105 2577 2160 sunt:

565 2182 718 2273 aucupio
741 2182 909 2276 loquens,
935 2194 971 2252 et
992 2194 1115 2250 taxans
1135 2180 1265 2271 impios
1281 2178 1466 2259 homiues,
1499 2175 1563 2271 qui
1615 2180 1806 2273 etquidem
1822 2193 1993 2251 sustentet
2009 2181 2202 2253 liberrime.
2234 2181 2286 2253 lta
2305 2184 2437 2256 dicitur
2453 2190 2488 2257 in
2503 2186 2579 2259 Actis

565 2286 774 2376 religionem
794 2284 954 2377 quaestui
969 2278 1113 2361 babent,
1139 2282 1235 2375 quod
1250 2304 1389 2373 semper
1402 2281 1441 2349 in
1456 2303 1564 2349 mun·
1616 2281 1835 2375 capite.17.:
1861 2280 1902 2353 In
1920 2282 1997 2373 ipso
2019 2305 2163 2368 sumus,
2188 2284 2343 2357 vivimus
2359 2302 2394 2359 et
2414 2314 2580 2365 movemur.

565 2390 614 2461 do
633 2388 802 2458 usitatum
820 2401 883 2459 est.
936 2381 1060 2455 Posteb
1083 2385 1234 2476 opponit
1257 2384 1362 2454 aliam
1387 2382 1564 2473 significe—
1617 2384 1726 2471 ltem,
1752 2384 1871 2455 Lucae
1889 2387 1964 2457 1e.:
1996 2378 2081 2455 Duo
2097 2408 2251 2478 passeres
2274 2412 2350 2459 asse
2373 2408 2536 2478 veneunt,
2556 2408 2581 2463 ct

565 2492 702 2563 tionem
721 2488 898 2573 vocabuli,
921 2486 1100 2579 inquiens,
1126 2486 1336 2574 religionem
1354 2507 1476 2553 revera
1491 2504 1565 2552 esse
1617 2511 1711 2558 unus
1727 2510 1768 2557 ex
1785 2486 1857 2555 illis
1873 2510 1947 2557 non
1962 2486 2055 2557 cadit
2069 2502 2318 2577 superterram
2337 2492 2416 2575 sine
2433 2506 2522 2585 patre
2537 2520 2581 2563 vs.

567 2614 737 2684 magnum
754 2592 913 2675 lucrum,
936 2593 1033 2683 quod
1058 2612 1100 2659 co
1122 2588 1271 2673 dicitur,
1296 2610 1371 2657 non
1387 2586 1486 2685 quod
1503 2588 1578 2654 ve-'
1617 2603 1704 2663 stro.
1757 2586 1874 2659 Vestri
1888 2602 2005 2659 autem
2021 2588 2141 2679 capilli
2157 2592 2281 2682 capitis
2296 2618 2419 2663 omnes
2432 2598 2582 2665 numerati

568 2696 613 2765 lit
629 2716 702 2764 csse
716 2694 900 2778 venalem,
924 2692 987 2762 sed
1002 2692 1087 2785 quia
1103 2691 1179 2760 vult
1193 2690 1363 2781 intelligi,
1388 2700 1482 2759 recte
1499 2680 1565 2756 ba·
1618 2704 1711 2762 sunt.
1763 2690 1874 2775 Item,
1900 2686 2163 2763 psalmone:
2199 2690 2273 2781 Qui
2295 2698 2356 2766 det
2382 2720 2490 2767 escam
2508 2698 2582 2791 ipso·
2636 2728 2637 2775 3

567 2794 671 2867 benti
697 2818 775 2865 eam
803 2816 869 2887 per
896 2814 970 2863 sese
999 2794 1137 2864 bouum
1166 2804 1349 2861 aeternum
1381 2812 1474 2873 csse,
1507 2780 1566 2857 cui
1618 2816 1720 2877 rum,
1745 2806 1777 2863 ct
1794 2791 1902 2883 pullis
1915 2816 2103 2862 corvorum
2120 2794 2372 2868 invocantibus
2387 2823 2478 2873 eum,

568 2896 668 2970 Deus
696 2898 802 2967 etiam
829 2895 930 2965 addit
959 2895 1053 2965 bona
1088 2894 1305 2985 corporalia,
1346 2893 1442 2963 iuxta
1474 2890 1563 2958 illud

569 2992 747 3073 Matthaei
772 2997 828 3071 6.:
866 2996 1028 3067 Primum
1053 2996 1211 3090 quaerite
1234 3018 1382 3087 regnum
1412 2991 1499 3077 Dei,
1533 3004 1567 3063 et
1719 2978 1822 3051 Hanc
1838 2981 1987 3053 liberam
2001 2984 2236 3073 praesentiam
2254 2999 2287 3058 et
2304 2987 2521 3059 voluntatem
2532 2984 2584 3055 Dei

571 3115 707 3174 mem
730 3100 945 3172 afflictentur
968 3098 1081 3171 vohis,
1140 3094 1248 3180 laem,
1276 3091 1488 3169 1‚Tim01h,
1509 3090 1565 3165 4.:
1619 3084 1774 3173 cogitare
1785 3106 1926 3154 necesse
1940 3099 1992 3155 est
2007 3085 2046 3153 in
2064 3086 2164 3155 omni
2178 3087 2426 3172 invocatione,
2450 3086 2585 3185 quiaqui

570 3204 689 3277 Pietas
716 3199 826 3275 hebet
854 3200 1107 3296 promissiones
1136 3199 1330 3294 praesentis
1360 3211 1395 3269 et
1425 3198 1567 3267 futurae
1618 3187 1774 3257 retinent
1786 3184 2075 3275 imagissfliionets
2101 3212 2191 3280 qnae
2216 3190 2357 3281 fingunt
2377 3204 2530 3264 naturam
2549 3189 2584 3257 sic

573 3307 680 3377 vitae.
1618 3286 1706 3359 lerri
1721 3288 1796 3359 eine
1811 3285 1907 3373 Deo,
1933 3302 1994 3359 aut
2009 3286 2123 3359 Deum
2139 3294 2184 3362 ad
2201 3316 2321 3364 causas
2345 3296 2513 3365 secundas
2525 3290 2584 3361 alli·

675 3456 790 3530 Addit
803 3468 943 3544 autem,
968 3456 1019 3527 sic
1033 3479 1106 3528 esse
1128 3455 1290 3542 lucrum,
1313 3466 1355 3526 ut
1369 3464 1445 3526 ium
1463 3452 1568 3526 etiam
1620 3403 1739 3483 gamm
1756 3412 1848 3510 ‘mi'
1875 3413 1950 3460 Μ
1966 3391 2135 3511 iamim
2150 3390 2287 3513 peum’
2313 3394 2581 3518 'idfffluimilh

1557 3555 1566 3572 ,
1621 3516 1701 3564 eum
1723 3493 1912 3577 adficiunt,
1941 3507 1982 3564 ut
1998 3491 2167 3585 Epicurei
2189 3512 2251 3571 aut
2273 3497 2400 3572 Stoici·
2449 3499 2511 3571 llis
2531 3521 2584 3565 ini·

574 3573 819 3656 oporteatncs
841 3583 952 3652 parvo
976 3571 1161 3649 contentos
1182 3579 1276 3644 esse,
1313 3557 1514 3650 etquidem
1537 3577 1568 3624 si
1619 3594 1689 3688 piis
1713 3595 1987 3685 cogitationibus
2014 3594 2099 3666 fides
2127 3622 2256 3690 magno
2279 3601 2407 3672 pabore
2430 3609 2585 3692 repugnet,

576 3665 704 3737 ordint
733 3663 950 3747 Vivfflffiffls
992 3676 1119 3733 ”³¹¹¹st
1157 3683 1267 3753 l'ffl’⁰
1301 3672 1467 3731 mntem
1496 3680 1569 3728 ‘⁸⁵²
1619 3691 1901 3789 Ethaecpugna
1917 3697 1958 3766 in
1973 3697 2180 3790 quotidiana
2201 3703 2431 3776 invocatione
2447 3701 2585 3774 discenda

447 3785 452 3791 ’
576 3779 708 3861 posset.
758 3763 830 3838 Sed
852 3777 1028 3854 augentur
1046 3775 1184 3834 sumtus
1208 3761 1331 3833 multis
1352 3759 1569 3878 stultissimis
1620 3811 1684 3874 est.
1736 3795 1795 3870 Ad
1812 3799 1959 3870 eandem
1977 3798 2178 3873 doctrin-am
2199 3806 2354 3896 pertinet
2369 3803 2585 3878 Memmium

577 3868 712 3955 causis,
736 3889 827 3962 quae
842 3879 876 3937 et
889 3865 1135 3952 facultatibus,
1161 3877 1197 3936 et
1217 3865 1401 3949 moribus,
1432 3876 1469 3935 et
1490 3886 1570 3934 aui·
1621 3900 1777 3996 positum
1800 3904 1831 3974 ¹·
1857 3897 2019 3975 Timoth.
2040 3903 2091 3973 6¹:
2129 3904 2279 3977 serem
2302 3907 2342 3978 in
2358 3905 2437 3981 Deo
2458 3909 2577 3978 vivente
2636 3973 2637 3976 Ἴ

577 3991 681 4056 'm’
705 3981 741 4040 εἰ
755 3965 1033 4060 R⁰b⁰⁸p⁰b¹3⁰i⁸
1049 3978 1192 4040 ΜΘΝ·
1240 3962 1295 4037 Α(
1315 3962 1449 4038 p³⁰¹⁰⁸
1475 3977 1570 4036 ‘³¹³²
1621 4016 1655 4074 et
1669 4005 1859 4097 praebente
1873 4005 1978 4075 nobis
1999 4005 2118 4076 omnia
2136 3929 2407 4099 altinensium,
2432 4009 2492 4083 nbi
2504 3956 2586 4078 etiaiii

578 4065 670 4146 liter.
689 4069 795 4151 vitia,
827 4070 1074 4189 profusiones,
1107 4067 1332 4195 rapacitates,
1368 4067 1569 4140 avaritiam.
1622 4119 1769 4178 testatur
1796 4106 1931 4177 victum
1961 4107 2064 4177 nobis
2090 4105 2208 4180 aneo
2238 4113 2314 4182 dari
2379 4115 2442 4184 sed
2462 4111 2531 4182 dati
2554 4107 2585 4176 ad

580 4169 769 4293 Praeterea
806 4194 890 4243 cuin
924 4184 1358 4290 nominatumupxsiup,
1397 4169 1476 4240 vult
1505 4192 1571 4240 uos
1622 4209 1831 4296 fruendum,
1865 4208 1995 4294 idest,
2027 4211 2073 4279 ad
2095 4234 2200 4282 usum
2221 4165 2585 4287 conve’niememmw·

581 4274 729 4395 ⁰b.⁶d.¹²‘
743 4295 785 4342 ¹¹¹
799 4296 920 4360 “¹¹⁰‘’
943 4297 988 4394 ⁸⁰,
998 4293 1201 4393 m‘ff'mm‘
1213 4273 1412 4344 d⁰⁰¹¹¹¹¹³m
1426 4273 1472 4390 ᾧ
1488 4294 1572 4389 lm*
1622 4334 1702 4403 rae,
1727 4334 1802 4382 non
1817 4311 1860 4380 ad
1875 4309 2098 4402 profusiones
2111 4307 2338 4388 Antonianas
2353 4333 2421 4395 etc.

579 4397 792 4448 missionum
814 4376 1052 4470 corporalium
1069 4374 1271 4459 intellectu,
1295 4375 1392 4468 quod
1408 4373 1572 4444 videlieet

582 4477 835 4572 intelligendos
853 4479 926 4554 siut
946 4501 1028 4552 cum
1049 4477 1254 4572 exceptione
1273 4475 1512 4567 castigationis
1538 4487 1572 4546 et
1795 4469 1938 4549 Finis
1959 4477 2039 4578 pri
2043 4503 2139 4554 mos
2165 4477 2236 4583 Ep
2245 4481 2400 4559 istola
2411 4511 2439 4564 e.

1920 1284 2114 1391 Praecipio
2129 1290 2209 1365 tibi
2221 1301 2282 1369 etc.
