5825 6950
531 4449 534 4462 Ι
656 4359 817 4430 Domine
839 4357 1015 4446 Domine,
1050 4363 1198 4433 intrabit
1221 4363 1258 4432 iu
1284 4385 1433 4452 regnum
1459 4366 1651 4442 coelorum.
1706 4424 1715 4440 .

656 693 752 767 1131
1251 686 1375 762 Ptin.
1403 684 1522 760 MEL.
1558 685 1771 763 SCRIPTA
1791 688 2094 774 EXEGETICA.
2533 724 2585 797 tttt

651 880 687 937 et
703 856 819 935 adhuc
836 860 945 952 fiunt,
971 858 1035 931 ubi
1058 855 1213 931 curritur
1235 861 1280 930 ad
1303 872 1452 946 statuas,
1478 874 1514 931 et
1534 860 1640 931 invo-
1687 878 1822 953 gruum
1836 867 1880 935 ad
1895 863 1965 939 hoc
1977 869 2131 943 dietume
2164 871 2205 947 Si
2219 875 2300 969 quis
2313 878 2419 971 diligit
2433 907 2491 971 nse,
2508 910 2585 965 sesne

649 982 777 1039 cantur
792 964 925 1035 mortui
941 976 975 1032 et
992 962 1089 1032 varia
1110 961 1216 1061 idola.
1688 989 1770 1036 nem
1793 991 1912 1038 meum
1935 974 2110 1061 servabit,
2142 990 2177 1048 et
2197 992 2297 1069 pater
2317 1006 2407 1053 meus
2425 987 2521 1077 diliget
2536 1018 2587 1077 aa,

754 1082 882 1153 Tradit
913 1080 1021 1171 igitur
1053 1080 1210 1171 regulam
1235 1079 1409 1161 eandem,
1449 1079 1641 1172 dupliciter
1689 1070 1929 1140 &veniemus
1955 1075 2126 1158 adeum,
2166 1094 2202 1151 et
2226 1084 2434 1155 mansionem
2455 1096 2526 1179 apud
2544 1120 2587 1165 eun

648 1186 783 1257 iaciens
808 1178 1022 1263 antithesin,
1060 1182 1143 1276 quin
1171 1182 1368 1275 plerunque
1394 1184 1507 1253 scelus
1530 1182 1641 1271 magis
1690 1169 1870 1240 faciemus.
1932 1169 1987 1243 Ac
2007 1190 2123 1265 potest
2154 1182 2425 1281 uniuscuiusque
2448 1196 2589 1266 consciente

651 1285 810 1379 conspici
836 1298 964 1377 potest:
989 1282 1103 1353 Nemo
1120 1278 1255 1353 habens
1272 1282 1447 1373 Spiritum
1467 1300 1642 1369 sanctum,
1691 1270 1848 1343 inditore
1870 1276 1914 1343 de
1937 1279 2082 1370 proprio
2106 1280 2342 1358 invocatione.
2395 1287 2507 1361 Deinde
2522 1310 2545 1365 et
2560 1300 2592 1367 all.

652 1390 761 1474 dicit,
791 1382 991 1458 ,anathema
1017 1384 1144 1457 lesum,
1210 1383 1454 1457 certissimum
1480 1401 1549 1470 031,
1583 1386 1641 1455 vel
1692 1397 1838 1444 cernere
1859 1378 1972 1447 robur
1995 1380 2107 1450 animi
2133 1384 2172 1453 in
2197 1390 2410 1459 consessione
2428 1412 2591 1481 possunt,e

652 1491 770 1582 palam
797 1489 1046 1557 maledicentes
1069 1482 1251 1567 attollet,
1284 1488 1339 1555 vel
1365 1512 1510 1582 quoquo
1533 1489 1641 1557 modo
1693 1476 1804 1545 mulin
1827 1478 1927 1567 Signo
1948 1495 2050 1568 nunt,
2090 1486 2222 1579 quibus
2247 1486 2591 1585 hypocrisisarentn

551 1678 554 1683 Ι
652 1592 863 1683 praebentes
878 1589 1170 1677 significationem
1188 1602 1386 1659 contemtus
1402 1605 1436 1661 et
1453 1591 1540 1673 odii,
1565 1612 1642 1659 non
1692 1578 1844 1647 discerni
1861 1594 1989 1671 polest·

653 1715 727 1763 esse
750 1694 907 1761 membra
924 1690 1100 1760 Ecclesiae
1115 1688 1200 1759 Dei:
1226 1703 1261 1760 et
1279 1691 1382 1759 facile
1406 1686 1493 1761 haec
1515 1692 1642 1783 depre-

653 1790 764 1863 hendi
787 1806 953 1885 possunt,
986 1792 1069 1884 quia
1091 1804 1275 1884 postquam
1304 1793 1433 1863 exarsit
1454 1794 1578 1863 odium
1603 1792 1641 1861 in

655 1897 922 1987 persecutione,
958 1893 997 1965 lit
1017 1894 1142 1982 ingens
1159 1905 1194 1962 et
1209 1917 1283 1962 non
1306 1894 1495 1965 obscurum
1519 1896 1643 1964 incen-

654 1998 765 2071 dium.
817 1994 900 2065 Non
917 1994 980 2065 diu
997 1993 1148 2064 occultat
1164 1995 1286 2065 odium
1305 1992 1424 2069 ludas.
1475 1995 1642 2066 Namac·
1796 1982 1911 2057 Assitn
1930 1988 2405 2080 dixiidflcnmmnnidfflns
2427 2002 2593 2093 qnodinon

656 2098 749 2168 cedit
773 2098 948 2186 impulsor
970 2096 1154 2177 diabolus,
1188 2096 1278 2166 sicut
1296 2098 1550 2188 scriptumest:
1576 2095 1643 2168 Sa·
1692 2087 1800 2157 uibus
1816 2090 1909 2157 reris
1923 2094 2094 2162 membris
2107 2091 2285 2167 Ecclesiae
2306 2122 2382 2170 csse
2394 2116 2524 2191 oportet,
2543 2107 2593 2171 adli

654 2212 756 2269 tanes
780 2200 926 2270 intravit
951 2199 989 2266 in
1010 2221 1071 2267 cor
1096 2197 1182 2267 eius.
1257 2195 1385 2270 Statim
1418 2200 1527 2289 igitur
1552 2199 1644 2270 liunt
1697 2191 1809 2259 cetde
1832 2215 1913 2260 sera
1940 2193 2166 2267 invocatione
2181 2196 2248 2270 Dei
2271 2212 2306 2273 et
2325 2202 2593 2292 agnitioneiliillsi.

656 2300 777 2387 magui
797 2300 954 2383 furores,
977 2300 1070 2370 utin
1087 2297 1246 2384 Iuliano,
1271 2301 1380 2385 Ario,
1406 2315 1442 2371 et
1458 2302 1496 2369 in
1511 2296 1643 2372 horum
1695 2305 1731 2362 et
1751 2292 1796 2360 de
1818 2292 1996 2380 fugiendis
2015 2296 2132 2365 idolis·

656 2402 851 2471 recentium
878 2416 1079 2491 temporum
1111 2396 1259 2471 historia
1288 2403 1523 2493 conspicitur:
1561 2426 1642 2473 cum
1796 2390 2297 2482 Nuncdicitdealiisdonis,
2324 2406 2590 2496 qntsnctsdnnbin

657 2503 766 2573 semel
783 2504 913 2575 exarsit
926 2503 1070 2583 odium,
1097 2503 1136 2573 bt
1159 2504 1284 2592 ingens
1304 2504 1424 2584 furor,
1451 2519 1493 2576 ut
1515 2505 1556 2573 in
1570 2501 1643 2575 Ec·
1696 2494 1874 2568 nliisnlin·
1926 2495 1976 2569 Ut
1991 2500 2036 2569 de
2050 2502 2146 2570 dono
2165 2502 2393 2593 linguarum,
2414 2508 2592 2577 dedocem-

656 2604 730 2684 cio,
763 2602 932 2689 Latomo,
971 2602 1230 2688 Holmeistero,
1271 2606 1334 2697 qui
1358 2608 1463 2677 etiam
1488 2607 1646 2678 furentes
1697 2596 1816 2670 lionis·
1866 2595 1916 2669 Et
1929 2598 2036 2671 initio
2057 2603 2254 2693 praefatur,
2280 2601 2369 2675 haec
2398 2631 2518 2701 quoque
2533 2610 2587 2675 deis

655 2720 739 2774 ante
753 2718 903 2775 mortens
920 2726 1002 2777 suae
1017 2706 1271 2796 desperationis
1287 2708 1385 2796 signa
1402 2710 1646 2781 ostenderunt.
1697 2696 1792 2779 Deo,
1818 2711 1859 2768 ut
1881 2699 1953 2772 sint
1974 2704 2178 2773 testimonia
2205 2705 2364 2798 Spiritus
2384 2711 2500 2791 saneti,
2520 2725 2586 2797 apo

656 2804 703 2875 Et
721 2802 860 2875 Berlini
882 2802 1095 2896 monachus,
1117 2829 1223 2899 quem
1246 2803 1304 2877 bic
1326 2810 1431 2879 multi
1454 2824 1647 2894 noverunt,
1698 2800 1771 2870 sint
1794 2796 1984 2877 Ecclesiae.
2053 2800 2301 2878 Observantur
2332 2825 2447 2880 autem
2475 2810 2583 2879 discisis·

657 2907 753 2976 inter
772 2908 1054 2979 maledicendum
1077 2910 1114 2977 in
1139 2910 1214 3001 ipsa
1236 2911 1407 2981 concione
1431 2912 1550 2985 subito
1572 2911 1647 2981 col·
1697 2901 1901 2975 nominum.
1946 2902 2057 2979 Vocat
2072 2903 2135 2977 bas
2151 2908 2250 2979 dotes
2259 2906 2475 3003 χαρίσματα
2489 2908 2581 2983 tanne

656 3009 794 3100 lapsus,
821 3010 938 3080 statim
956 3024 1075 3101 postea
1091 3010 1264 3081 extinctus
1280 3026 1344 3085 est.
1700 3017 1736 3074 sl
1774 2996 2019 3101 ἐνεργήματα.
2089 3007 2286 3083 Διακονίαι
2308 3028 2411 3099 sunt,
2448 3013 2577 3107 quaene

758 3125 847 3199 Vult
867 3128 976 3217 igitur
992 3125 1187 3219 Apostolus
1202 3130 1357 3201 discerni
1380 3124 1498 3203 hostes
1513 3127 1648 3202 Christi
1700 3106 1795 3174 ‘¹3³¹‘
1831 3108 1992 3177 milium
2017 3109 2170 3181 ³¹i⁰¹⁸¹¹¹¹
2197 3114 2368 3197 ”illimis
2407 3130 2446 3186 ⁰¹
2475 3111 2586 3223 ”miii

657 3230 858 3314 scaeteris,
885 3243 918 3300 et
936 3232 1075 3320 signum
1096 3244 1289 3317 monstrat,
1315 3256 1386 3325 qno
1402 3235 1555 3303 discerni
1571 3235 1649 3303 sine
1701 3204 1859 3324 infimi
1880 3203 2070 3330 ‹ilar-ovim
2089 3213 2279 3302 singularis
2299 3216 2449 3287 felicitas
2468 3215 2499 3285 in
2514 3210 2591 3283 nnis

656 3332 731 3400 ulla
754 3332 983 3421 ambiguitate
1007 3348 1166 3423 possunt.
1232 3332 1412 3419 Etsimul
1438 3352 1576 3421 monet,
1609 3350 1650 3406 ut
1702 3320 1771 3376 ²³¹¹
1792 3321 1854 3380 ³¹²¹
1875 3312 2148 3437 gubernatione.
2214 3314 2263 3390 Ut
2285 3318 2437 3391 Samson
2460 3333 2488 3387 et
2504 3314 2603 3414 snm

656 3432 745 3502 tales
768 3433 887 3524 lapsus
911 3434 1081 3518 vitemus,
1114 3449 1147 3506 et
1172 3428 1372 3506 horrendae
1397 3460 1530 3528 poenae
1552 3438 1649 3527 cogi·
1702 3410 1943 3484 ²¹⁶²¹¹¹¹²ffl¹¹i
1964 3409 2149 3490 imiimi·

656 3533 792 3604 tatione
821 3558 1106 3626 expavescamus,
1140 3561 1185 3604 ne
1212 3560 1376 3618 ruamus,
1408 3541 1500 3610 sicut
1528 3539 1649 3621 ludas,
1803 3511 1942 3631 N⁰¹¹3⁰¹¹
1974 3512 2208 3617 imiimi
2238 3519 2414 3609 ⁸issnifi⁶³i
2441 3515 2597 3590 nitimini·

656 3634 787 3718 Arius,
812 3634 1000 3722 Latomus,
1026 3637 1285 3710 Hoimeisterus
1300 3651 1334 3708 et
1355 3640 1499 3714 similes.
1703 3613 1766 3681 ‘¹³⁵
1782 3614 1994 3697 ⁰ff⁸⁶¹¹⁰¹¹tis
2016 3634 2059 3690 ¹¹1
2074 3621 2282 3692 “monitate
2294 3637 2460 3706 mortuos,
2474 3625 2535 3692 iten
2546 3634 2592 3680 een·

760 3750 903 3824 Alterea
932 3779 1012 3846 pars
1037 3757 1075 3823 in
1097 3752 1265 3825 antithesi
1290 3755 1430 3826 videtur
1453 3757 1651 3842 obscurior,
1702 3715 1882 3801 “cidm’
1913 3719 2005 3793 ⁸i⁶¹¹t
2019 3719 2148 3792 ΡΜ*
2167 3725 2347 3793 ‘maii'
2369 3727 2409 3795 5¹¹
2428 3726 2519 3793 iiim
2535 3715 2600 3786 nete

656 3878 739 3924 cum
762 3855 829 3925 ait:
870 3854 984 3925 Nemo
1006 3871 1119 3946 potest
1144 3857 1248 3929 lateri
1275 3855 1391 3926 lesum
1425 3883 1499 3928 csse
1519 3861 1650 3928 Domi·
1702 3818 2471 3948 ²⁰¹⁰¹¹¹1⁰pp⁸’⁰⁰⁶¹d¹².v“b⁰A¹'³¹¹i⁸¹⁰'
2506 3925 2514 3940 .

658 3979 765 4033 num,
791 3956 862 4024 nisi
886 3955 1222 4048 inSPiritusancto.
1275 3954 1437 4032 Obiiciet
1461 3961 1557 4029 enirn
1583 3961 1651 4029 ali·
1731 4017 1740 4035 .
1778 3915 2289 4038 .G⁹n⁸'³¹⁹‘⁸ix⁰i'‘⁰i⁴m’
2313 3924 2602 4022 ''mmih‘m'im

658 4056 741 4147 quis
765 4058 1044 4128 innumerabiles
1066 4055 1296 4152 hypocritas,
1328 4056 1523 4131 monachos
1545 4076 1579 4134 et
1602 4063 1651 4132 si·
1703 4018 1812 4089 d¹⁶i¹⁰
1827 4020 2047 4104 fummmm’
2073 4041 2114 4144 ui
2129 4027 2288 4144 ,ΔΝΜ
2552 4121 2559 4136 ·
2581 4116 2595 4149 a

657 4156 778 4234 mites,
813 4157 875 4249 qui
910 4161 1013 4226 etiarn
1050 4160 1164 4232 videri
1192 4161 1318 4230 volunt
1345 4159 1461 4230 lessam
1489 4165 1650 4234 adorare.
1726 4219 1736 4238 .
1806 4113 2049 4208 Qu⁰d³⁰⁸²m
2076 4129 2181 4198 ‘hcm
2208 4126 2305 4198 idem
2320 4127 2602 4216 Dwffli’qmii

656 4255 704 4328 o
817 4258 903 4336 ιι

2000 1682 2008 1719 l

1723 1744 1926 1845 Διαιρέσεις
1946 1744 1987 1823 δι’
2007 1747 2254 1849 χαρισμάτων
2277 1752 2360 1834 ciui.
2418 1758 2577 1837 Divisiono

2031 1851 2214 1927 donorum
2235 1870 2337 1935 sunt.

1704 4423 1815 4512 egitur
1845 4427 2090 4521 detorquenda
2122 4448 2174 4504 est
2203 4429 2289 4502 haec
2315 4435 2480 4505 sententia
2503 4421 2601 4497 alono

658 4457 727 4531 sed
746 4462 1140 4650 egpl¹c⁸i¹⁰f³c3h⁵9⁵i
1299 4583 1309 4601 ,
1628 4585 1638 4604 ,
1703 4523 1954 4614 deliramenta,
1979 4555 2070 4623 quac
2084 4532 2223 4621 lingunt
2240 4531 2358 4606 Deum
2372 4558 2498 4607 causato
2516 4541 2601 4610 nect*

791 4580 893 4650 aulus
909 4581 1071 4674 loquatur
1094 4582 1139 4653 de
1160 4583 1381 4652 confessione
1398 4601 1651 4674 perseveranti,
1704 4627 1793 4697 rim
1807 4631 1982 4701 malarum
1998 4647 2031 4704 et
2045 4633 2221 4704 bonarum
2237 4637 2429 4708 actionum·

658 4695 694 4754 et
710 4681 750 4751 in
765 4695 837 4752 tota
853 4683 1027 4756 doctrina.
1079 4681 1295 4778 Hypocritae
1311 4687 1380 4756 cito
1402 4687 1591 4771 deficiunt,
1617 4700 1652 4757 et
1808 4726 1916 4816 Qod
1940 4757 2026 4804 vem
2053 4730 2113 4805 hic
2135 4738 2180 4804 ad
2207 4751 2279 4809 tm
2306 4761 2467 4829 pawn„
2484 4744 2601 4804 mm„

659 4807 744 4902 epm
755 4777 1070 4902 reprehenduntur
1084 4786 1243 4875 ipsorum
1261 4810 1416 4867 errores,
1444 4788 1538 4856 fiunt
1554 4812 1652 4858 acer·
1704 4829 1786 4899 dm
1803 4847 1887 4902 sum
1911 4836 2057 4904 nomint
2101 4843 2198 4910 πυεῦ
2297 4837 2384 4914 w
2463 4833 2534 4907 θῶ,
2562 4829 2601 4890 id„

658 4885 797 4952 brssrms
824 4878 942 4954 hostes
963 4885 1169 4976 brangelii,
1207 4901 1246 4957 ut
1269 4912 1365 4958 nunc
1388 4889 1426 4955 in
1451 4886 1650 4980 Episcopis,
1703 4889 2077 5026 Lmhmphoem'
2195 4863 2274 4932 μα’
2348 4865 2441 4935 909’
2519 4882 2547 4918 '’

659 4980 871 5070 Monachis,
906 4985 1174 5058 etSacriticulis
1208 4989 1284 5058 fieri
1315 4991 1507 5060 cernimus.
1578 4990 1652 5063 Nec
2102 5060 2112 5091 ,

659 5107 818 5179 unquam
838 5079 1033 5180 hypocrisis
1050 5090 1113 5160 diu
1130 5092 1237 5160 latere
1252 5105 1378 5182 potest.
2051 5067 2139 5168 ‘1⁰7
2140 5095 2179 5152 ⁰9
2205 5070 2354 5170 σοφίας·

764 5215 811 5292 Ut
835 5219 944 5307 igitur
960 5223 1084 5291 odium
1109 5227 1277 5295 adversus
1293 5221 1497 5309 Christum,
1523 5240 1558 5297 et
1577 5249 1652 5297 ma·
1857 5195 1989 5296 Σοφία
2004 5215 2036 5274 ⁸¹
2053 5209 2194 5302 γνῶσις
2208 5209 2390 5286 differunt·

660 5317 792 5390 ledicta
810 5331 894 5389 runt
908 5323 1100 5394 certissima
1119 5327 1218 5415 signa
1236 5327 1364 5396 mentis
1383 5327 1515 5415 impiae
1538 5341 1573 5396 et
1594 5351 1652 5398 cs·
1809 5331 1942 5429 Σοφία
1957 5350 2008 5408 est
2025 5341 2179 5429 cognitio
2204 5343 2312 5415 totins
2333 5346 2501 5416 doetrinae
2520 5325 2599 5404 deiiti

659 5423 779 5512 ptivae
802 5420 975 5510 diabolis,
1004 5426 1050 5494 ita
1077 5443 1220 5497 econtra
1237 5427 1393 5521 Spiritus
1416 5419 1651 5498 sancti'testi-
1704 5446 1739 5505 et
1753 5437 1968 5523 experientia
1990 5453 2167 5511 terrorum
2191 5444 2230 5513 in
2255 5448 2478 5525 contritione,
2498 5451 2596 5508 atreo·

661 5523 784 5592 monia
799 5536 900 5606 sunt,
926 5525 1104 5594 invocatio
1120 5525 1277 5618 Christi,
1305 5553 1378 5599 non
1396 5530 1569 5618 fugitans,
1590 5535 1651 5600 sed
1704 5535 1881 5606 lationum
1903 5539 2006 5624 fidei,
2039 5541 2223 5615 illustrans
2252 5547 2463 5628 doctrinam.
2489 5557 2515 5610 et
2530 5535 2582 5600 iil·

660 5623 815 5694 libenter
838 5625 881 5692 sd
908 5646 987 5694 eum
1012 5630 1201 5714 accedens,
1233 5644 1268 5701 et
1291 5631 1329 5698 in
1353 5653 1394 5700 eo
1414 5632 1652 5723 acquiescens,
1709 5659 1793 5704 cans
1826 5639 2002 5726 dogmata.
2056 5625 2119 5714 ‘Ut
2152 5649 2304 5738 experti,
2332 5648 2466 5727 David,
2498 5626 2569 5710 brni-

660 5735 698 5793 et
716 5747 816 5794 amor
830 5725 940 5795 totius
957 5727 1157 5812 doctrinae,
1184 5744 1218 5802 et
1234 5733 1392 5800 studium
1413 5733 1592 5816 discendi,
1618 5747 1653 5805 et
1705 5735 1859 5823 Paulus,
1882 5741 1986 5811 aliter
2008 5743 2213 5832 intelligunt
2235 5749 2387 5822 dictum:
2419 5736 2593 5820 Fidciniil‘

661 5825 860 5896 eonstsntia
884 5827 923 5898 in
949 5829 1179 5906 confessione.
1231 5829 1328 5903 Haec
1352 5833 1544 5903 rectissime
1565 5857 1653 5904 con·
1704 5861 1795 5913 mur.
1847 5835 1965 5912 Aliter
1986 5844 2152 5936 intelligit
2167 5843 2352 5940 Origenes.
