5825 6950
574 726 674 811 rttt
886 720 890 727 ·
1177 701 1692 786 retractantem
1718 700 2020 781 caesaraea
2487 716 2567 795 tta

580 926 661 981 cere
682 912 716 971 et
737 916 858 985 regere
886 902 1025 960 coetum
1048 882 1255 977 publicum,
1288 893 1323 950 et
1345 878 1509 972 politias,
1533 889 1570 950 et
1621 879 1662 949 in
1690 880 1798 952 simili
1826 880 1965 967 officio,
2008 878 2093 975 qaia
2117 879 2232 950 rolnit
2257 876 2570 981 penetratam

480 1020 483 1029 ’
581 1005 767 1081 mulierem
801 992 944 1089 proprie
983 984 1266 1078 gubernatricem
1305 981 1571 1051 oeconomicam
1623 984 1842 1057 creationem
1876 997 2000 1079 typum
2036 1005 2113 1054 esse
2141 980 2321 1057 Ecclesiae
2357 992 2516 1063 nascentis
2539 1020 2572 1067 er

584 1132 677 1189 esse,
717 1102 809 1171 sicut
832 1094 950 1192 inquit
975 1090 1171 1163 Homerus:
1205 1077 1315 1185 λόγος
1343 1078 1369 1157 d
1373 1081 1383 1109 '
1394 1078 1572 1182 ἄνδρεσσι
1623 1085 1711 1159 lilio.

584 1206 742 1305 μελήσει,
822 1225 826 1234 ·
1727 1186 1814 1261 Sine
1845 1186 1921 1256 ulla
1951 1186 2179 1260 dubitatione
2212 1189 2370 1281 proxima
2401 1188 2507 1284 imago
2533 1212 2573 1271 est

688 1302 859 1397 Sequitur
881 1320 964 1387 ergo
987 1296 1118 1386 gradns
1137 1290 1405 1363 oeconomicus:
1433 1285 1502 1356 Vir
1523 1298 1576 1357 est
1625 1292 1762 1363 aeterni
1785 1289 1918 1381 patris.
1950 1290 2064 1374 lilius,
2090 1290 2127 1359 id
2151 1303 2223 1373 εει,
2248 1306 2301 1361 εει
2321 1305 2442 1364 natura
2464 1296 2575 1369 intelli·

587 1424 693 1507 caput
714 1404 893 1483 mulieris,
919 1401 960 1469 id
978 1412 1049 1482 est,
1073 1395 1129 1464 vir
1151 1393 1251 1483 prius
1266 1393 1394 1484 accipit
1416 1390 1577 1460 ministe·
1626 1416 1713 1485 gens
1719 1444 1733 1480 ,
1775 1387 1911 1463 babens
1937 1394 2060 1463 radios
2082 1391 2121 1461 in
2147 1414 2185 1464 se
2209 1395 2403 1467 transfusos
2425 1401 2578 1483 ementire,

588 1518 685 1591 rium
707 1506 859 1579 docendi
876 1518 909 1574 et
927 1498 1091 1591 regendi,
1116 1496 1246 1565 deinde
1262 1509 1397 1587 partem
1413 1489 1576 1563 attribuit
1628 1492 1840 1589 sapientiae,
1880 1494 2041 1565 iustitiae
2065 1507 2101 1565 et
2130 1494 2224 1565 vitae
2249 1497 2381 1567 aeterni
2406 1500 2523 1588 patris,
2553 1519 2580 1576 et
2615 1491 2616 1550 l

588 1612 732 1691 mulieri
761 1610 799 1680 iu
821 1602 1039 1679 oeconomia.
1090 1596 1209 1669 Mater
1228 1600 1331 1667 docet
1352 1610 1388 1667 et
1407 1594 1499 1686 regit
1519 1616 1593 1691 εει-ἱ
1630 1612 1682 1669 εει
1702 1597 1817 1689 gloria
1841 1597 1969 1689 patria,
1995 1594 2032 1665 id
2054 1609 2126 1678 est,
2159 1600 2352 1669 ostendeus
2372 1613 2408 1671 et
2429 1601 2579 1678 celebrans

590 1720 732 1800 bolem,
765 1711 856 1783 sicut
871 1706 1033 1781 Rebecca
1054 1701 1156 1773 docet
1179 1700 1293 1770 filium
1316 1697 1431 1771 lacob.
1482 1694 1580 1766 ttsec
1631 1713 1768 1793 patrem
1790 1698 1830 1768 in
1855 1721 1983 1789 genere
2007 1692 2178 1769 hasmeno.

591 1812 839 1907 interpretatio
870 1830 974 1887 vera,
1007 1805 1114 1898 plana
1147 1817 1182 1875 et
1205 1800 1389 1895 perspicua
1417 1813 1481 1871 est.
1532 1794 1582 1867 Et
1733 1798 1873 1873 Deinde
1892 1802 1986 1871 sicut
2000 1824 2041 1870 es
2058 1802 2174 1870 Adam
2195 1800 2351 1872 sumitur
2370 1816 2478 1887 costa,
2500 1808 2583 1891 unde,

591 1925 651 1995 vir
664 1921 702 1991 in
719 1915 865 2011 publico
887 1924 992 1982 coetu
1012 1908 1138 1977 doctor
1158 1919 1229 1989 εει,
1256 1918 1289 1974 ει
1310 1903 1529 1993 gubernator
1548 1912 1582 1969 et
1633 1918 1674 1977 ut
1691 1902 1742 1972 ibi
1763 1903 1933 1994 scriptum
1958 1916 2029 1989 est,
2056 1904 2262 1974 aedificatur
2276 1899 2369 1975 Eva:
2398 1904 2444 1974 ita
2460 1910 2583 1980 sumitur

594 2022 798 2122 praeliator.
848 2012 956 2085 llunc
978 2008 1133 2097 conspici
1158 2020 1313 2099 oportet:
1340 2005 1419 2074 ideo
1441 2026 1515 2072 raon
1537 2002 1584 2073 sit
1636 2002 1793 2078 Ecclesia
1812 2030 1853 2074 ex
1877 2004 1955 2095 ipso
1976 2028 2124 2097 corpore
2147 2006 2210 2074 filii
2226 2002 2316 2093 Dei,
2342 2006 2379 2075 id
2396 2020 2463 2087 est.
2486 2032 2584 2081 erm.

596 2104 2584 2200 mmaMfflmwwhmfflwatmmfflffiffimmmffimmfflm

596 2252 664 2301 nec
679 2237 732 2297 est
747 2216 974 2312 gubernatrix
994 2212 1137 2306 politica
1161 2236 1230 2281 nec
1251 2208 1472 2302 praeliatrix:
1503 2206 1584 2276 ideo
1637 2224 1689 2281 εει
1715 2209 1832 2299 imago
1856 2208 2013 2289 domini,
2041 2225 2166 2281 natura
2192 2210 2415 2299 intelligens,
2445 2210 2585 2304 accipiens

597 2334 638 2403 in
664 2325 808 2422 publico
837 2331 1014 2393 conventu
1037 2315 1085 2385 sit
1108 2314 1234 2387 velata.
1284 2310 1380 2381 ilaec
1402 2324 1483 2401 apte
1500 2333 1587 2378 cun·
1638 2314 1683 2383 ab
1704 2310 1780 2404 ipso
1798 2310 2000 2380 immediate
2022 2312 2189 2394 verbum,
2216 2310 2435 2401 agnitionem
2455 2310 2585 2397 Deira-

600 2442 752 2526 gruunt,
786 2425 870 2519 quia
895 2432 1092 2507 oratorem,
1121 2416 1413 2506 gubernatorem,
1438 2414 1587 2494 ducem.
1641 2415 1810 2507 pientiam
1830 2427 1865 2483 et
1879 2412 2067 2495 iusticiam,
2086 2426 2117 2485 et
2135 2429 2184 2483 εει
2200 2414 2313 2506 gloria
2332 2414 2506 2486 celebrans
2519 2442 2585 2491 eran.

599 2513 2585 2618 mfflnmwnmwflmnfflmffimm·&mmmmmmfflnmfflummwm

595 2634 744 2709 ¹uomica
791 2624 1048 2721 gubernatione
1094 2618 1395 2690 matremfamilias
1432 2611 1590 2707 conspici
1642 2618 1806 2689 mirabile
1839 2610 2044 2689 incendium
2080 2631 2133 2689 est
2162 2605 2298 2688 ¹amoris
2331 2634 2491 2692 mutuum
2523 2619 2582 2689 inter

601 2746 754 2835 oportet.
1642 2716 1741 2791 ltunc
1761 2718 1948 2789 dominnm
1973 2730 2007 2790 ει
2030 2719 2124 2789 inter
2145 2715 2352 2795 Ecclesiam.

705 2834 800 2907 Sunt
820 2849 903 2917 ergo
928 2824 1114 2917 perspicus
1138 2816 1226 2893 haec
1244 2822 1357 2892 dicta:
1384 2817 1452 2889 Vir
1468 2818 1504 2887 in
1523 2842 1591 2909 pu·
1743 2818 1813 2890 Hic
1829 2835 1933 2915 typus
1955 2820 2110 2892 illustrat
2126 2821 2260 2891 dictum
2275 2818 2401 2908 Pauli,
2426 2818 2495 2893 imo
2509 2835 2586 2894 totan

603 2942 700 3015 blico
726 2951 918 3022 ‘congressu
946 2928 1043 2999 stans
1071 2925 1208 2995 velatus
1228 2922 1268 2993 in
1291 2922 1495 3015 precatione
1524 2944 1590 3010 pu·
1644 2923 1844 2996 doctrinam
1867 2924 1911 2991 de
1930 2918 2128 2998 Creatione.
2180 2920 2228 2995 Ut
2244 2918 2412 2997 Christus
2433 2938 2482 2996 est
2505 2925 2586 3015 imago

601 3045 715 3125 blica,
735 3050 796 3109 aut
809 3031 1001 3116 concione,
1027 3030 1203 3099 deformat
1217 3037 1340 3117 caput,
1366 3024 1493 3107 idest,
1518 3044 1593 3091 nou
1645 3026 1781 3098 aeterni
1797 3026 1921 3117 patris:
1949 3024 1996 3095 ita
2018 3026 2073 3094 vir
2089 3039 2141 3095 est
2158 3024 2317 3115 proxima
2343 3026 2458 3117 imago
2476 3024 2589 3097 Deiera

603 3156 720 3221 servat
735 3138 919 3217 ordinem,
942 3156 1017 3202 non
1032 3130 1109 3200 vult
1123 3128 1301 3221 conspici,
1319 3126 1411 3198 sicut
1426 3121 1593 3197 Christus
1645 3124 1800 3211 Christi,
1829 3127 1864 3195 id
1888 3140 1957 3206 est,
1982 3140 2109 3197 natura
2134 3126 2357 3217 intelligens,
2389 3144 2506 3199 ornata
2521 3129 2590 3219 agui·

605 3234 1135 3341 nmmmwfflmm
1494 3300 1498 3305 ,
1646 3226 2591 3323 mmmmmffimmmmnwffim

708 3330 2402 3433 mmmmmfflmfflbmfflmfflmmfflmmfflwmmffim

604 3449 776 3525 exercitu.
826 3439 874 3511 Et
894 3462 1032 3532 semper
1056 3436 1122 3508 fuit
1146 3449 1180 3506 ct
1202 3450 1254 3506 est
1275 3433 1464 3518 usitatum,
1489 3435 1598 3503 duces
1751 3432 1876 3505 Postea
1909 3443 1943 3504 ει
1972 3433 2100 3505 mulier
2128 3458 2209 3504 cnm
2238 3432 2284 3505 sit
2314 3459 2359 3507 ex
2389 3436 2463 3506 viro
2493 3444 2594 3511 sumta.

607 3552 739 3626 habere
754 3542 947 3630 singularia
963 3541 1063 3632 sigua
1080 3540 1119 3609 in
1134 3539 1226 3626 acic,
1252 3549 1293 3608 ut
1311 3535 1409 3607 cerui
1436 3550 1471 3606 et
1485 3557 1598 3626 agno·
1648 3536 1808 3632 proxime
1830 3549 1882 3606 εει
1897 3534 2013 3627 imago
2029 3551 2062 3606 et
2076 3537 2188 3628 gloria
2201 3536 2269 3606 viri
2279 3590 2290 3623 ,
2314 3539 2376 3606 sed
2394 3554 2504 3616 tamen
2519 3535 2595 3606 sinai

536 3663 539 3669 “
607 3655 659 3728 sci
677 3640 825 3748 possint.
1649 3640 1812 3731 copulata
1834 3635 1937 3718 Deo,‘
1968 3637 2051 3731 qnia
2071 3639 2241 3732 quaestui
2263 3639 2369 3710 tertio
2387 3640 2535 3733 aequalia
2554 3661 2595 3707 seu
2623 3664 2624 3667 ¹

711 3753 772 3826 Sic
785 3745 935 3819 oratoris
951 3743 1059 3828 actio,
1081 3742 1112 3812 si
1127 3741 1260 3811 diceret
1274 3739 1427 3822 velatus,
1446 3736 1598 3808 ridicula
1650 3740 1779 3812 similia
1796 3754 1896 3824 suut,
1920 3739 2017 3811 iuter
2035 3735 2111 3810 sese
2133 3755 2215 3810 sunt
2238 3743 2400 3835 aequalia
2417 3766 2476 3813 sen
2488 3741 2595 3810 similia

609 3871 711 3930 essct.
763 3849 868 3924 Actio
885 3847 982 3918 euim
996 3845 1203 3916 dominatur
1227 3841 1266 3910 in
1287 3840 1390 3908 vultu
1406 3853 1441 3911 et
1456 3840 1495 3908 in
1509 3863 1599 3909 ocu·
1650 3841 1774 3935 ltaque
1798 3855 1832 3912 et
1858 3842 1989 3912 mulier
2014 3857 2066 3914 est
2089 3856 2213 3914 natura
2246 3843 2469 3936 intelligens,
2503 3855 2596 3912 oruata

609 3963 666 4036 lis.
716 3955 827 4030 Recte
851 3952 960 4042 igitur
982 3947 1152 4041 scriptum
1176 3957 1246 4016 cst:
1273 3941 1460 4013 Deformat
1484 3953 1600 4034 caput,
1651 3945 1833 4036 agnitione
1856 3940 1922 4013 Dei
1947 3958 1979 4015 et
2005 3944 2162 4027 iusticia,
2187 3961 2221 4017 et
2242 3947 2409 4020 ordinata
2432 3950 2475 4016 ad
2496 3959 2597 4016 certon

612 4087 649 4134 se
669 4075 704 4131 ει
726 4053 923 4128 Christum.
1652 4045 1910 4128 ministerium,
1935 4047 1994 4116 sed
2011 4045 2194 4138 angustius
2213 4048 2411 4120 ministerio
2429 4049 2509 4134 viri,
2530 4045 2599 4116 scili-

713 4155 869 4230 Econtra
891 4153 1022 4224 mulier
1044 4149 1219 4220 deformat
1239 4161 1365 4238 caput,
1404 4145 1435 4216 si
1459 4142 1600 4214 nonsit
1653 4162 1707 4220 cet
1741 4153 1783 4219 ad
1816 4149 2074 4220 institutionem
2107 4163 2141 4220 et
2164 4151 2458 4240 gubernationem
2482 4171 2600 4218 oecono-

612 4264 745 4346 velata,
771 4257 855 4351 qnia
874 4255 979 4326 etiam
995 4275 1068 4323 nou
1085 4263 1200 4320 servat
1215 4250 1395 4333 ordinem,
1422 4261 1455 4320 et
1470 4245 1601 4318 iuteri-
1653 4253 1792 4322 micam.
1843 4248 1889 4318 Et
1909 4265 2026 4321 tamen
2049 4250 2158 4321 simili
2174 4251 2346 4342 sapientia
2370 4269 2405 4325 et
2421 4252 2546 4325 iusticia
2561 4252 2601 4318 in·

610 4382 672 4441 tur
690 4363 892 4434 membrum
914 4379 955 4428 ex
974 4357 1085 4428 altero
1109 4365 1334 4442 argumento:
1367 4351 1502 4423 Natura
1524 4373 1601 4420 eam
1653 4367 1779 4424 cocant
1795 4365 1827 4422 et
1843 4351 2023 4424 celebrant
2040 4349 2168 4429 Deum.
2221 4352 2378 4449 ideoque
2393 4352 2544 4424 mirando
2561 4349 2600 4418 in·

610 4468 697 4544 texit
719 4485 830 4536 coma.
1654 4455 1781 4528 cendio
1805 4454 1920 4544 diligit
1953 4455 2009 4524 vir
2030 4455 2236 4542 mulierem,
2275 4470 2311 4528 ct
2342 4457 2473 4528 mulier
2500 4455 2599 4532 cicun,

1653 4558 1738 4654 qnia
1760 4557 1953 4640 mulieres
1980 4557 2056 4626 viro
2078 4573 2192 4629 sumta
2213 4573 2281 4640 εει,
2307 4573 2342 4629 ει
2359 4575 2412 4632 εει
2427 4557 2556 4635 similit,
2575 4552 2600 4620 it

1655 4677 1726 4742 εει,
1764 4677 1890 4729 natura
1913 4659 2132 4748 intelligens,
2175 4675 2298 4730 ornata
2323 4661 2432 4733 simili
2456 4659 2600 4750 agnitione

716 4768 776 4839 An
796 4785 871 4834 non
895 4774 930 4832 ει
951 4759 1081 4828 mulier
1103 4772 1156 4828 est
1179 4757 1294 4846 imago
1314 4753 1407 4826 Dei?
1448 4753 1604 4826 Verissi-
1654 4760 1740 4844 Dei,
1787 4761 1958 4853 sapientia
1984 4775 2018 4832 et
2043 4761 2194 4834 iusticia.
2250 4758 2299 4834 Et
2323 4786 2478 4834 amorem
2506 4781 2601 4829 accen·

614 4883 800 4951 mamea,
821 4863 1158 4936 itaconditnmesse
1178 4881 1288 4949 genas
1311 4853 1511 4930 humanam
1527 4882 1602 4928 ma·
1655 4868 1746 4937 dtrnt
1768 4863 1924 4953 cognitio
1946 4877 1981 4934 et
2003 4862 2221 4952 similitudo,
2264 4889 2356 4958 quae
2377 4878 2461 4936 trrnc
2484 4863 2601 4954 perlecta

616 4961 2600 5059 rmmmmmmnummmmmfflmmammmmmmfflwmmfflmummmm

620 5089 803 5151 aeternae,
830 5079 1056 5156 agnoscentes
1071 5062 1207 5148 Deum,
1232 5077 1376 5134 ornatae
1392 5063 1551 5146 iusticia,
1569 5077 1604 5133 et
1656 5085 1738 5139 ante
1762 5070 1900 5160 lapsum
1923 5065 2004 5137 Mas
2022 5079 2058 5138 ει
2078 5065 2248 5138 Formina
2270 5069 2405 5160 pariter
2426 5069 2461 5138 iu
2475 5066 2542 5136 Deo
2559 5085 2599 5130 co·

618 5175 809 5249 collocatae
827 5172 865 5240 in
883 5169 1080 5252 mundum,
1105 5181 1145 5237 ut
1157 5166 1261 5236 certis
1277 5166 1402 5236 officiis
1423 5165 1605 5237 celebrent
1655 5169 1769 5264 palati
1784 5184 1897 5244 erant.
1948 5165 2002 5239 Ex
2017 5164 2075 5240 his
2089 5171 2250 5242 lontibus
2265 5172 2438 5240 sumenda
2452 5184 2527 5240 sunt
2541 5185 2598 5234 cett

618 5277 756 5361 Deum,
796 5287 830 5345 ει
853 5271 928 5342 eius
952 5269 1119 5340 noticiam
1150 5270 1293 5339 tradant
1314 5268 1541 5337 nascentibus
1562 5292 1603 5336 ex
1657 5287 1692 5344 et
1722 5272 1885 5343 miranda
1921 5287 2125 5360 argumenta
2157 5272 2430 5344 consociationis
2461 5269 2554 5339 maris
2576 5276 2600 5332 et

613 5380 714 5473 ipsis.
765 5373 817 5450 lta
847 5388 997 5467 uterque
1030 5386 1080 5442 est
1110 5370 1225 5459 imago
1258 5382 1291 5440 et
1320 5369 1492 5462 templum
1519 5366 1605 5454 Dei,
1657 5376 1851 5457 foeminae,
1892 5385 1926 5442 et
1950 5373 2127 5462 coniugii,
2168 5389 2203 5447 et
2224 5374 2356 5444 amoris
2378 5373 2498 5444 mutui.
2540 5367 2598 5440 Not

617 5470 2598 5575 mwmwwfflfflwwwmmfflmmmmmmmwmwwmffim

615 5577 922 5656 fflhfflffl&
1655 5577 2598 5664 sffiffiffldmmmmmmmfflmmm

723 5681 794 5755 Sed
811 5695 928 5752 tamen
945 5677 1075 5766 gradus
1090 5687 1185 5748 sunt.
1237 5673 1305 5745 Vir
1330 5688 1391 5749 est
1402 5675 1504 5768 prior
1520 5699 1603 5746 mu·
1655 5694 1781 5751 ornata
1797 5679 1907 5748 simili
1922 5679 2093 5771 sapientia
2113 5692 2147 5750 et
2161 5679 2318 5758 iusticia,
2344 5703 2385 5749 ac
2399 5679 2500 5749 simili
2516 5670 2596 5744 mini·

619 5787 726 5869 fiere,
752 5795 788 5854 et
808 5780 938 5850 mulier
953 5777 1117 5847 mirando
1139 5777 1289 5848 consilio
1304 5801 1346 5848 ex
1365 5777 1443 5868 ipso
1460 5777 1603 5849 condita
1655 5781 1775 5859 sterio.
1828 5779 1898 5852 Sed
1931 5780 2060 5849 mulier
2081 5793 2135 5851 est
2163 5795 2327 5871 cognata,
2361 5794 2397 5852 et
2417 5792 2466 5850 εει
2486 5773 2595 5845 similis,

621 5900 689 5973 est.
724 5899 759 5958 et
780 5896 897 5956 umen
921 5878 1047 5954 similis
1070 5878 1170 5964 viro,
1202 5893 1236 5952 et
1256 5880 1413 5951 serviens
1436 5901 1504 5951 suo
1522 5881 1602 5951 loco
1657 5884 1695 5954 id
1717 5897 1787 5968 εει,
1812 5896 1864 5953 est
1879 5903 1936 5952 res
1949 5881 2316 5972 inretttgeos,‘ornass
2331 5880 2438 5952 simili
2453 5876 2597 5970 agnitione

800 4623 839 4701 V
838 4625 873 4700 ir
893 4633 945 4699 est
973 4624 1102 4720 imago
1123 4631 1154 4694 et
1176 4619 1304 4720 gloria
1327 4619 1416 4694 Dei.
