5825 6950
587 662 692 745 11⁷⁵
1052 658 1055 667 ¹
1177 652 1306 732 carn
1331 650 1451 736 uun
1477 648 1690 729 semera
1710 650 2023 745 mecanica:
2108 664 2131 761 χ
2387 650 2393 662 ·
2516 662 2587 741 tta

594 862 704 913 mone
729 845 949 929 praereptum
964 828 1084 905 Color.
1101 830 1157 903 dr
1184 826 1310 901 Sermo
1330 823 1467 901 Christi
1489 822 1593 897 habi·
1647 830 1763 901 derria
1793 830 1900 924 saepe
1924 820 2182 928 controversiis
2211 820 2438 914 diremimus,
2475 824 2525 901 bic
2547 852 2589 911 rut

596 959 645 1015 tet
660 944 753 1011 inter
772 962 834 1007 ror
851 936 993 1005 abunde
1013 932 1053 1001 in
1071 933 1172 1001 omni
1192 931 1385 1023 sapientia,
1412 944 1448 1001 et
1470 932 1593 999 docete
1646 934 1733 1002 alibi
1758 947 1866 1013 ortas.
1932 930 1995 1003 Sic
2015 926 2174 1001 Ecclesia
2196 924 2418 1000 Antiocheno
2444 934 2589 1011 damnarit

596 1062 630 1117 et
646 1036 935 1114 commonefacite
953 1060 1017 1105 vos
1031 1048 1168 1110 mutuo.
1215 1032 1367 1103 Prorsus
1381 1035 1592 1104 mandatum
1647 1034 1943 1125 impiumaogma
1960 1032 2194 1117 samosateni,
2218 1054 2420 1125 quanquam
2435 1048 2590 1112 autorrrrt

596 1161 649 1217 est
666 1144 835 1215 omuibus
849 1140 1059 1220 utdiscant,
1085 1139 1189 1206 etad
1213 1138 1422 1206 discendum
1446 1135 1591 1205 collatio
1646 1132 1854 1228 Episcopus.
1923 1134 1984 1207 Sic
2010 1130 2254 1209 Alexandrina
2284 1130 2438 1205 Ecclesia
2462 1138 2591 1214 refutarit

597 1246 852 1319 sententiarum
870 1242 1098 1322 inducendo,
1126 1240 1306 1309 audiendo
1324 1252 1358 1308 et
1373 1238 1592 1329 disputando
1620 1291 1623 1322 ,
1646 1237 1855 1325 Meletium,
1881 1237 1945 1334 qui
1959 1239 2109 1325 negabat
2122 1237 2242 1327 lapsos
2254 1250 2333 1325 post
2346 1238 2540 1329 baptismum
2554 1266 2592 1311 re.

597 1348 790 1420 necessaria
812 1357 881 1423 est,
914 1346 1006 1412 sieut
1029 1337 1088 1411 hic
1114 1342 1248 1435 inquit:
1282 1337 1413 1411 Docete
1437 1354 1473 1410 et
1495 1361 1593 1409 corn·
1620 1328 1623 1442 j
1646 1342 1934 1434 cipiendoseesa,
1962 1340 2127 1413 refutavit
2146 1340 2236 1411 irem
2252 1336 2393 1412 Ariona.
2441 1338 2591 1413 Aeneam

598 1450 810 1523 monefacite
831 1468 894 1515 vos
918 1456 1054 1513 mutuo.
1121 1442 1228 1527 item,
1254 1442 1424 1514 Parentes
1450 1455 1484 1511 et
1508 1462 1594 1532 pae-
1619 1449 1623 1542 j
1646 1445 1802 1533 exempla
1821 1446 1950 1535 passim
1966 1445 2147 1531 leguntur.
2198 1438 2271 1513 Nec
2287 1442 2413 1513 desunt
2428 1437 2503 1509 hiric
2517 1448 2591 1515 aetati

600 1553 724 1644 dagogi
749 1546 882 1621 habent
916 1567 1119 1637 expressum
1146 1549 1373 1635 mandatum,
1415 1558 1452 1614 ut
1479 1539 1592 1612 Dent:
1620 1544 1623 1654 ξ
1647 1547 1811 1621 recentia.
1864 1546 2079 1637 Ubicunque
2100 1543 2198 1617 euim
2221 1557 2274 1615 est
2289 1566 2370 1619 vera
2385 1541 2526 1615 Ecclesia
2538 1542 2593 1630 liei,

600 1654 805 1729 undecimo:
832 1648 963 1718 Doccte
985 1648 1077 1717 filios
1093 1662 1248 1732 vestros,
1276 1661 1315 1717 ut
1336 1647 1400 1716 illa
1414 1645 1593 1737 mediten·
1620 1679 1623 1692 =
1648 1649 1698 1721 ibi
1727 1665 1810 1724 surrt
1833 1648 1945 1742 aliqui
1970 1659 2064 1719 recte
2086 1646 2303 1729 indicantes,
2328 1646 2374 1717 de
2396 1646 2592 1735 quibusscri·
2622 1641 2623 1670 ¹

599 1772 671 1830 tur.
725 1750 770 1825 Et
790 1751 917 1823 Psalm.
933 1748 1012 1819 77.:
1045 1748 1091 1819 Et
1110 1752 1233 1820 statuit
1256 1748 1459 1821 testimonia
1478 1748 1516 1815 in
1535 1743 1593 1813 la·
1620 1707 1624 1824 l
1649 1764 1746 1842 ptum
1762 1766 1832 1829 est,
1862 1756 1895 1823 f.
1913 1746 2037 1823 lohan.
2052 1753 2109 1823 a:
2135 1745 2265 1819 Unctio
2288 1770 2352 1817 vos
2373 1749 2470 1817 docet
2490 1749 2528 1817 dc
2541 1772 2593 1817 on-

600 1862 687 1942 cob,
719 1870 753 1926 et
775 1856 886 1942 legem
917 1852 1037 1945 posuit
1061 1853 1101 1920 in
1128 1852 1251 1936 lsrael,
1285 1872 1392 1945 quam
1419 1849 1595 1940 praecepit
1621 1900 1625 1970 ἱ
1649 1854 1774 1944 trihus,
1800 1867 2015 1931 etveraest,
2042 1865 2167 1931 ctrron
2192 1864 2244 1923 est
2268 1850 2496 1919 mendacium.
2539 1848 2593 1919 hla-

600 1962 760 2049 patribus
783 1954 935 2037 nostris,
960 1968 998 2023 ut
1022 1968 1144 2023 notem
1168 1954 1298 2023 faciant
1321 1978 1397 2022 earn
1414 1951 1594 2021 bliissuis.
1621 1985 1625 2054 3
1649 1975 1709 2025 net
1725 1959 1763 2025 iu
1782 1956 1963 2048 aliqrribus
1980 1952 2202 2028 fundamenti
2223 1953 2397 2051 sententia
2419 1951 2595 2040 incornrpta,

602 2060 648 2134 Et
672 2056 792 2150 Ephrs
815 2059 869 2129 6.:
897 2055 1057 2127 Educate
1080 2057 1171 2125 filios
1199 2058 1237 2125 io
1262 2055 1449 2145 disciplina
1472 2069 1507 2123 et
1530 2054 1596 2121 do·
1622 2117 1626 2160 Ι
1650 2083 1691 2127 cx
1711 2084 1782 2149 quo
1807 2061 1851 2127 de
1875 2059 1982 2129 rebus
2002 2055 2210 2144 necessariis
2226 2054 2327 2126 'recte
2348 2054 2594 2143 indicaripotcst
2622 2057 2623 2134 l

603 2166 714 2235 ctrina
741 2159 900 2231 Domini.
958 2156 1101 2229 Habent
1131 2158 1239 2247 igitur
1269 2172 1432 2255 parentes
1455 2171 1491 2225 et
1513 2178 1595 2245 pae-
1623 2191 1626 2254 ξ
1649 2158 1793 2233 Caetera
1816 2161 1860 2255 de
1875 2160 2022 2254 synodis
2038 2172 2072 2231 et
2088 2157 2231 2230 indiciis
2241 2180 2350 2249 supra
2367 2154 2458 2227 dicta
2472 2170 2551 2225 sunt.

603 2263 728 2353 dagogi
751 2286 849 2331 suam
872 2262 1115 2345 vocationem,
1140 2273 1175 2330 ct
1196 2262 1365 2330 mandato
1386 2259 1512 2327 divino
1535 2280 1595 2326 ro-

603 2380 736 2457 gum
758 2366 895 2435 dome·
949 2360 996 2431 Et
1020 2386 1100 2433 cum
1126 2348 1513 2451 hancofficifpmm
1530 2382 1595 2428 ne·
1750 2312 1796 2383 Et
1814 2308 1899 2381 haec
1914 2310 2018 2399 Pauli
2034 2310 2235 2380 admdnitio
2257 2334 2299 2379 ro
2323 2309 2371 2379 sit
2388 2308 2594 2377 omnibusne·

1651 2416 1721 2485 tior
1734 2428 1768 2485 et
1778 2415 1923 2506 gratior,
1939 2407 2021 2508 qrtia
2032 2436 2235 2507 quanquam
2253 2412 2528 2481 commemoratio
2541 2410 2592 2477 bra

603 2470 740 2560 gligunt
765 2480 925 2555 parentes
954 2489 993 2533 ac
1017 2466 1228 2556 paedagogi,
1260 2464 1415 2555 graviter
1440 2476 1596 2553 peccant,
1676 2518 1687 2537 ,

605 2586 639 2642 et
652 2569 767 2640 Deum
783 2567 983 2639 offendunt.
1037 2565 1111 2635 Hac
1128 2589 1165 2635 se
1183 2567 1396 2658 cogitatione
1417 2564 1596 2643 muniant,

605 2696 685 2743 curn
710 2670 760 2741 eis
782 2669 967 2738 obiicitur:
1002 2665 1220 2755 Currebant,
1258 2682 1292 2739 et
1314 2690 1390 2737 non
1410 2666 1596 2737 mittebam

606 2796 675 2844 eos.
742 2770 817 2841 lmo
846 2782 1007 2861 parentes
1030 2784 1065 2841 et
1085 2771 1275 2860 paedagogi
1300 2770 1399 2839 missi
1424 2782 1463 2837 et,
1481 2767 1597 2837 vocati

607 2887 702 2957 sunt,
728 2886 767 2942 ut
781 2896 844 2939 stro
865 2874 940 2939 luco
957 2872 1157 2941 doctrinam
1175 2874 1219 2941 de
1235 2871 1311 2941 Deo
1327 2885 1419 2941 recte
1435 2872 1600 2943 doceant.-

605 2976 679 3047 Nec
700 2976 830 3043 interea
848 2977 993 3043 turbent
1010 2974 1162 3043 aliorum
1179 2976 1411 3048 vocationem.

707 3074 890 3145 Praeterea
916 3076 1078 3165 generale
1109 3078 1316 3147 mandatum
1351 3089 1402 3146 cst
1429 3073 1598 3143 omnibns

607 3178 797 3257 traditum,
841 3191 880 3248 ut
911 3200 1023 3247 suam·
1040 3178 1297 3247 confessionem
1319 3177 1452 3267 singuli
1478 3192 1597 3245 osten-

563 3342 568 3350 .
608 3282 713 3363 daut,
735 3281 830 3372 qrrod
849 3279 957 3368 migis
974 3280 1158 3371 perspicue
1171 3281 1306 3351 faciunt
1332 3274 1368 3351 hi
1379 3330 1390 3363 ,
1419 3280 1482 3373 qui
1504 3292 1597 3349 recte

609 3386 736 3453 dorent
752 3395 788 3451 et
801 3381 981 3463 scribunt,
1010 3406 1117 3476 quam
1132 3382 1206 3453 alii.
1260 3383 1312 3453 Ar
1328 3383 1422 3451 dicta
1445 3383 1490 3462 de
1508 3404 1597 3451 cou-

608 3485 762 3554 fessione
785 3483 917 3554 siut-in
944 3498 1153 3576 conspectu,
1192 3481 1422 3558 Matth.10.:
1465 3479 1598 3553 Omnis

609 3587 672 3680 qni
697 3587 922 3656 confitebitur
941 3609 998 3658 rue
1014 3609 1132 3658 coram
1151 3583 1376 3670 hominibus,
1402 3586 1599 3661 confitebor

608 3703 644 3760 et
658 3711 721 3779 ego
737 3713 817 3756 euna
835 3712 954 3758 coram
972 3703 1069 3778 patre
1085 3689 1238 3758 coelesti.
1254 3681 1256 3686 ’
1290 3687 1336 3760 Et
1359 3683 1426 3756 hoc
1449 3691 1598 3758 mauda-

609 3805 685 3863 tum
708 3793 752 3860 de
777 3791 996 3860 confessione
1027 3790 1121 3879 cogit
1144 3792 1220 3882 pios
1245 3792 1282 3860 iu
1309 3813 1519 3879 congressu,
1553 3793 1597 3860 de

610 3919 682 3986 quo
716 3890 849 3962 Paulus
882 3893 1060 3985 loquitur,
1093 3895 1211 3964 dicere
1242 3894 1474 3974 sententiam,
1515 3917 1595 3962 cum

609 3994 858 4064 airdiuntalios
871 3993 909 4072 iu
925 3996 1215 4083 interpretatione
1232 4019 1362 4068 errare.
1386 3993 1456 4064 Sed
1474 3994 1597 4062 omnia

611 4096 688 4172 vult
704 4093 836 4164 Paulus
854 4097 927 4164 fieri
943 4097 1088 4179 ordine,
1115 4110 1147 4166 et
1172 4098 1325 4186 placide,
1353 4120 1427 4167 non
1449 4097 1598 4166 seditio-

610 4198 659 4267 sis
679 4189 727 4266 'et
761 4197 973 4268 turbulentis
1009 4197 1234 4270 clamoribus.
1301 4197 1385 4268 ldeo
1419 4201 1597 4290 sequitur:

609 4295 706 4368 Deus
723 4322 794 4368 non
813 4313 864 4368 cst
881 4312 983 4370 autor
998 4294 1294 4392 ἀκαταστασίας,
1320 4303 1379 4370 sed
1398 4300 1505 4390 pacis.

710 4399 869 4470 Pertinet
883 4415 999 4472 etitem
1017 4405 1059 4470 ad
1078 4404 1211 4470 honrem
1227 4405 1388 4472 ordinem
1415 4398 1483 4472 hoe
1506 4427 1598 4496 quo-

610 4527 693 4596 que,
719 4516 759 4572 ιιι
775 4527 854 4572 curn
869 4502 979 4592 aliqui
999 4503 1035 4572 in
1050 4499 1207 4574 Ecclesia
1225 4507 1372 4582 recitant
1390 4528 1469 4578 suas
1487 4505 1600 4575 inter-

560 4681 563 4690 ,
612 4607 843 4694 pretatiours,
868 4607 1014 4674 audiant
1039 4631 1095 4674 eas
1112 4605 1268 4674 seniores
1291 4621 1324 4676 et
1340 4607 1536 4691 doctiores,
1563 4618 1597 4675 rt

609 4709 679 4778 tint
704 4708 853 4790 iudices,
881 4709 1069 4776 ostendant
1095 4709 1180 4800 quid
1209 4709 1423 4797 adprobent,
1452 4709 1596 4801 etquid

610 4810 781 4880 reficiant.
834 4807 918 4878 Ideo
940 4805 995 4876 hir
1014 4810 1145 4900 iuquit:
1174 4807 1310 4880 Caeteri
1334 4811 1503 4883 iudicent.
1551 4807 1597 4880 Et

608 4913 646 4982 in
670 4911 740 4978 fine
766 4911 892 4998 prioris
917 4906 1096 4998 Epistolae
1116 4915 1158 4979 ad
1185 4911 1216 4980 T
1221 4907 1519 4984 hessalouicenses
1540 4913 1597 4980 di·

609 5013 715 5082 citur:
744 5008 878 5082 Omnia
901 5015 1066 5100 probate,
1093 5014 1188 5102 quod
1215 5014 1349 5084 bonttm
1372 5027 1443 5095 est,
1470 5030 1599 5084 tenete.

610 5110 697 5182 voti
722 5111 816 5182 Deus
839 5115 876 5182 in
898 5111 1053 5184 Ecclesia
1086 5115 1220 5184 iudices
1242 5138 1316 5184 esse
1340 5118 1598 5186 controversia-2

608 5238 710 5298 rum,
750 5239 840 5308 quae
860 5215 1014 5284 subinde
1041 5229 1239 5290 moventur.
1297 5214 1355 5286 'Et
1387 5219 1521 5288 dictum
1547 5234 1598 5293 est

609 5339 713 5406 supra
721 5367 734 5400 ,
761 5341 912 5410 quorum
930 5319 975 5388 sit
989 5319 1144 5390 officium
1159 5321 1386 5408 praecipuum
1401 5345 1598 5390 convocare

1652 2542 1704 2587 vas
1725 2531 1795 2603 est,
1821 2516 1939 2587 tamen
1962 2516 2134 2600 ostendit,
2161 2530 2324 2605 oportere
2352 2513 2478 2583 indicia
2501 2515 2531 2581 in
2549 2508 2592 2581 Ec-

1651 2621 1756 2690 clesia
1781 2643 1874 2704 esse,
1907 2633 1942 2690 et
1965 2614 2131 2710 prohibet
2156 2632 2357 2710 utrunque:
2385 2614 2591 2710 Tyrannidrn,

1651 2737 1684 2792 et
1696 2722 1886 2793 seditiosos
1901 2722 1999 2809 vulgi
2014 2721 2197 2794 clamores.
2248 2722 2304 2789 Ac
2318 2720 2469 2787 formam
2483 2716 2590 2787 similer

1652 2823 1903 2897 Aristocratiae
1918 2824 2113 2898 constituit.
2143 2837 2147 2845 “
2165 2820 2253 2891 Vult
2268 2821 2389 2891 audiri
2412 2820 2529 2891 multos
2542 2840 2589 2885 ιιι

1651 2929 1746 2999 ditos
1768 2940 1802 2997 et
1823 2928 1989 3000 timentes
2011 2926 2145 2995 Deum.
2197 2924 2351 2995 Potestis
2377 2922 2492 3015 inquit
2508 2920 2590 2989 ordine
2623 2939 2624 2958 ι

1651 3052 1778 3101 omnes
1800 3030 1921 3099 dicere
1946 3028 2150 3097 sententias.
2201 3022 2375 3099 Prohibet
2401 3040 2433 3094 et
2456 3036 2593 3094 contum·
2623 3001 2624 3050 t

1651 3133 1754 3217 ciam,
1780 3156 1862 3203 cum
1879 3133 1945 3202 ait:
1972 3130 2011 3201 Si
2028 3129 2134 3200 fuerit
2149 3128 2284 3199 sedenti
2300 3129 2499 3211 revelatum,
2521 3136 2593 3195 ιιιιιι

1652 3235 1765 3325 prior.
1814 3232 2007 3327 Postquam
2024 3231 2219 3303 rectissimo
2236 3232 2370 3301 iudicio
2385 3228 2594 3316 Apostolorum

1653 3336 1927 3429 pronunciatum
1953 3348 2023 3417 est,
2054 3334 2270 3404 omittendos
2293 3357 2370 3402 csse
2393 3334 2478 3403 ritus
2498 3326 2595 3399 Μοιιί-
2623 3369 2624 3442 p

1653 3462 1732 3525 cos,
1766 3434 1850 3508 huic
1881 3437 2078 3510 sententiae
2111 3425 2239 3510 caeteri
2272 3436 2422 3506 obedire
2452 3432 2624 3502 debebant

1651 3539 1699 3614 Et
1715 3541 1817 3610 multi
1833 3544 2179 3632 obtemperaverunt,
2205 3541 2263 3609 sed
2282 3551 2402 3607 tamen
2420 3537 2477 3606 alii
2491 3533 2598 3627 quiden

1652 3644 1848 3735 pertinaces
1863 3645 2085 3712 retinuerunt
2102 3665 2202 3712 suam
2221 3641 2447 3732 opinionem,
2473 3653 2506 3708 ut
2521 3636 2596 3720 longe

1650 3761 1808 3838 tempore
1849 3759 1967 3838 postea
2009 3744 2113 3817 multi
2147 3742 2236 3817 ritus
2271 3741 2449 3815 Mosaicos
2478 3737 2597 3810 retinue-

1651 3863 1747 3926 runt.
2624 3880 2625 3929 ι

1751 3999 2003 4076 Obiectionem
2036 3996 2144 4066 etism
2178 3995 2414 4067 fanaticorum
2449 3992 2598 4083 spirituum

1651 4105 1780 4175 refutat
1814 4099 1946 4171 Paulus
1974 4099 2160 4191 inquiens:
2195 4097 2353 4187 Spiritus
2382 4093 2597 4185 Prophetarum
2624 4138 2625 4161 ι

1652 4201 1839 4296 Prophetis
1860 4202 1993 4272 subditi
2015 4216 2110 4274 sunt.
2163 4200 2276 4288 Quasi
2300 4203 2409 4271 dicat:
2444 4198 2525 4270 Srrnt
2543 4193 2598 4286 qui·

1650 4312 1752 4386 dam,
1779 4306 1840 4399 qui
1860 4306 1988 4372 iactant
2004 4303 2140 4383 zelum,
2173 4316 2206 4372 et
2224 4305 2421 4387 singulares
2441 4316 2545 4390 raptus
2560 4295 2598 4362 di-

1652 4414 1775 4492 vinos,
1802 4431 1862 4478 seu
1879 4400 2164 4501 ὲμφωτισμοὺς,
2192 4405 2282 4476 sicut
2299 4403 2462 4473 Marcion
2482 4396 2597 4472 etmulti

1651 4511 1908 4600 Analraptistae'
1926 4511 2109 4579 lactarunt.
2162 4505 2210 4574 Hi
2236 4509 2472 4575 vociferantur
2486 4527 2518 4571 se
2532 4499 2598 4568 diri·

1651 4614 1748 4684 nitus
1770 4610 1905 4701 impelli
1930 4614 1973 4678 'ad
1998 4610 2323 4679 contradicendum.
2378 4608 2445 4679 Sed
2470 4607 2514 4695 pii
2531 4601 2599 4672 iudi-

1651 4739 1706 4784 ces
1740 4716 1943 4783 discrrnaut
1976 4712 2140 4797 spiritus,
2177 4711 2206 4778 si
2242 4714 2485 4780 contradicunt
2515 4716 2597 4776 certae

1650 4815 1834 4905 Evangelii
1852 4814 2066 4894 sentcntiae,
2087 4813 2412 4882 manifestissimum
2438 4824 2483 4878 cst
2503 4806 2597 4878 fanati-

1650 4925 1709 4988 cos
1728 4935 1763 4989 et
1791 4921 1975 4986 mendaces
1998 4939 2090 4998 esse,
2119 4930 2160 4994 ,et
2187 4915 2242 4982 vel
2268 4913 2523 4993 meotidibus,
2555 4906 2596 4998 qni

1651 5022 1906 5100 vociferantur,
1933 5041 2061 5086 senon
2087 5041 2185 5105 posse
2210 5031 2342 5093 tacere,
2371 5017 2426 5084 vel
2445 5040 2462 5081 a
2482 5008 2596 5081 diabolis

1652 5125 1826 5192 violenter
1841 5120 1994 5210 impelli,
2021 5121 2111 5188 sicut
2129 5117 2266 5187 afflatae
2287 5118 2450 5186 fatidicae
2470 5112 2595 5182 mulieres

1651 5223 1799 5316 Delphis
1816 5217 2112 5292 vaticinabantur.
2163 5215 2298 5313 Estque
2311 5221 2397 5288 utile
2411 5216 2595 5287 conciderat

1651 5325 1718 5398 hoc
1743 5327 1934 5394 discrimen
1963 5326 2057 5393 iuter
2087 5325 2201 5391 bonos
2231 5323 2374 5412 spiritns
2396 5335 2430 5390 et
2451 5315 2594 5388 fanaticos

610 5433 782 5502 caeteros,
811 5434 846 5488 et
862 5421 986 5488 audire
1001 5423 1162 5492 doctores
1177 5424 1353 5504 eruditos,
1382 5435 1414 5493 et
1432 5423 1599 5493 timentes
1649 5429 1770 5523 qraalas
1787 5444 1826 5502 gr
1849 5423 1982 5499 ethnici
1999 5440 2094 5494 vater
2111 5427 2264 5495 suerunt⁸
2318 5422 2472 5492 Fanstiei
2491 5409 2594 5490 celith-

608 5515 735 5592 Deum.
784 5517 871 5592 Eius
889 5523 939 5590 rei
956 5525 1154 5616 exemplum
1172 5527 1390 5616 sequendum
1408 5528 1594 5616 est‚quod
1651 5532 1721 5602 pici
1744 5555 1818 5598 non
1844 5529 2046 5612 intelligunt
2072 5547 2134 5595 sua
2160 5527 2344 5603 vaticinia,
2386 5531 2591 5594 etsonanttt

609 5623 646 5688 iu
664 5619 761 5692 Actis
787 5617 1019 5712 proponitur,
1048 5625 1109 5692 ubi
1129 5629 1369 5712 scriptumest
1390 5627 1502 5712 capite
1521 5624 1599 5696 150·
1649 5633 1823 5700 uiolenter
1843 5631 1987 5716 impulsi
2009 5655 2028 5698 a
2054 5623 2199 5696 diaholo
2221 5647 2282 5695 seu
2304 5626 2412 5696 afflati
2430 5625 2491 5707 ita,
2512 5633 2543 5690 ot
2555 5629 2590 5684 ιι·

607 5719 817 5811 Congregati
847 5724 1110 5813 suutApostoli
1137 5739 1171 5794 et
1194 5729 1349 5796 senimrs
1370 5730 1598 5799 considerare
1647 5757 1727 5802 cere
1747 5734 1992 5821 nonpossint.
2044 5730 2157 5821 Saepe
2180 5732 2284 5799 etiam
2310 5741 2444 5797 tantum
2463 5721 2588 5807 ambian

609 5819 705 5894 hune
727 5847 941 5904 sennonem.
991 5823 1045 5899 lta
1065 5841 1101 5922 et
1118 5829 1163 5900 in:
1182 5823 1246 5898 har
1268 5825 1425 5900 Ecclesia
1447 5826 1592 5926 qtdra·
1640 5805 1866 5921 fundarant
1886 5827 2189 5928 Virgilinsinquit
2205 5828 2468 5904 audaeana:
