5825 6950
344 694 400 773 tlt
564 686 672 768 Xlll.
722 689 758 764 8.
786 684 1089 764 annutante
1116 684 1272 769 Epist.
1299 686 1449 763 Pdlllal
1475 672 1836 767 annonarios.
1886 688 1994 764 CdP.
2027 688 2112 764 vlt.
2265 688 2343 767 942

342 862 484 959 imperiis.
527 848 758 957 Nequaquam
780 862 981 935 existiment
997 856 1162 934 homines
1179 886 1216 934 se
1231 862 1300 953 legi
1352 872 1469 933 turam
1488 860 1667 931 carnalem
1685 864 1881 935 seeundum
1904 884 1978 935 sese
1993 886 2132 935 servam
2156 866 2338 956 peccatiet

339 969 392 1043 Dei
405 966 610 1053 satisfacere,
637 965 775 1036 etiamsi
791 960 924 1038 habent
941 980 1121 1037 externam
1140 966 1299 1059 discipli·
1352 960 1477 1033 mortis
1506 986 1601 1045 esse,
1642 986 1708 1033 nee
1735 989 1838 1055 posse
1863 970 2041 1057 deponere
2072 966 2281 1056 pravitatem
2302 959 2341 1037 et

338 1094 403 1139 ιιιιιι
418 1067 638 1159 inculpatam.
691 1066 760 1139 Sed
783 1066 837 1137 lex
862 1067 985 1137 divina
1003 1068 1241 1159 estsapientia
1259 1069 1297 1137 in
1352 1060 1790 1151 mortem,uecretraherc
1803 1091 1866 1161 per
1880 1091 1955 1139 sese
1971 1068 2147 1139 iusticiam
2163 1081 2198 1139 et
2212 1069 2336 1148 vitam,

336 1174 415 1255 Deo,
436 1182 469 1241 et
484 1192 606 1239 norma
623 1168 783 1240 iusticias
800 1170 903 1241 nobis
921 1169 1113 1262 patefacta,
1136 1196 1205 1263 qua
1222 1168 1298 1241 vult
1350 1170 1411 1237 sed
1428 1168 1521 1238 lilius
1535 1168 1606 1239 Dei
1621 1192 1707 1239 voce
1723 1165 1910 1261 Evangelii
1927 1183 1962 1241 et
1980 1169 2118 1260 Spiritu
2140 1182 2263 1241 sancto
2279 1194 2339 1239 re·

335 1274 413 1343 Deus
429 1273 587 1341 utcorda
609 1273 875 1343 nostra·vivant
892 1272 1043 1363 spiritu,
1080 1270 1206 1359 idest,
1234 1268 1297 1341 ha·
1350 1284 1495 1360 generat
1518 1266 1711 1342 bominem.
1764 1269 1980 1366 Quanquam
2002 1286 2119 1343 autem
2142 1272 2246 1344 initia
2268 1296 2337 1342 no·

335 1376 421 1445 aaut
452 1374 566 1445 lucem
600 1386 635 1445 et
669 1386 787 1445 motus
828 1374 1033 1465 spirituales
1066 1389 1299 1463 congruenter
1351 1394 1413 1441 vae
1435 1372 1527 1443 lucia
1546 1386 1583 1445 et
1607 1387 1768 1444 motuum
1794 1374 2035 1468 spiritualium
2060 1374 2099 1444 in
2123 1374 2255 1447 renatis
2274 1396 2336 1445 ao-

335 1500 397 1549 rem
413 1472 506 1559 Deo,
532 1472 670 1546 firmam
688 1477 927 1547 assensionem
942 1490 977 1548 et
992 1478 1173 1546 ardentem
1198 1501 1297 1546 amo·
1351 1475 1575 1560 renduntur,
1614 1475 1796 1547 tamenin
1825 1471 1891 1547 bae
1915 1476 2058 1547 mortali
2083 1476 2155 1548 vita
2187 1470 2337 1549 haerent

333 1602 390 1649 ren
413 1600 489 1667 erga
506 1574 622 1648 Deum
644 1592 708 1654 ete.
760 1576 807 1650 lte
830 1602 970 1664 rursus,
993 1577 1067 1649 Lex
1085 1579 1158 1649 Dei
1176 1594 1227 1650 est
1242 1579 1296 1650 iu·
1350 1572 1467 1647 adbuc
1488 1577 1527 1647 in
1553 1591 1679 1649 natura
1699 1567 1833 1649 carnali
1853 1580 2024 1674 reliquiae
2048 1578 2177 1669 prioris
2201 1578 2335 1653 morbi.

332 1679 666 1772 diciumspirituale,
691 1684 815 1765 idest,
840 1706 915 1751 non
940 1694 1124 1752 externum
1147 1694 1298 1761 tantum,
1349 1676 1521 1772 Sequitur
1546 1700 1629 1769 ergo
1653 1682 1768 1765 lucta,
1794 1682 1834 1751 in
1856 1706 1925 1775 qua
1949 1682 2098 1750 verbum
2122 1694 2157 1749 et
2177 1679 2337 1769 Spiritus

331 1786 377 1851 sed
397 1782 480 1866 tale,
513 1783 648 1872 inquo
674 1781 887 1874 Deusipse‚
928 1784 990 1877 qui
1016 1796 1068 1854 est
1090 1783 1236 1873 spiritus
1264 1798 1299 1853 et
1350 1795 1494 1851 sanctus
1518 1783 1734 1853 mortificant
1760 1785 1928 1878 reliquias
1949 1784 2046 1853 illas:
2087 1777 2180 1851 hanc
2204 1783 2339 1853 luctam

330 1884 404 1974 ignis
418 1906 647 1969 consumens,
671 1885 755 1957 lacit
773 1910 858 1955 voce
875 1886 978 1974 legis,
1005 1899 1044 1955 ut
1060 1887 1214 1956 sentiant
1230 1881 1298 1955 ho·
1350 1908 1432 1953 mox
1455 1884 1631 1955 describet
1650 1884 1801 1955 Paulus,
1843 1884 1937 1957 Cum
1958 1899 2076 1955 autern
2096 1883 2210 1954 utitur
2232 1906 2338 1953 voca·

330 1986 423 2055 mines
445 1986 535 2055 iram
559 1986 721 2056 divinam
745 1990 912 2059 adversus
935 2004 1132 2080 peccatum,
1158 1991 1204 2057 de
1226 2012 1297 2081 quo
1352 1986 1436 2055 bulo
1464 1982 1726 2072 venundatus,
1765 1988 1925 2061 intuetur
1949 1988 2084 2059 dictum
2110 1982 2237 2055 &aiae
2256 1986 2335 2059 δὴ

330 2110 414 2157 sensu
438 2088 513 2158 irae
538 2088 658 2183 inquit
685 2088 779 2161 lob.:
815 2090 971 2179 Sagittae
991 2085 1140 2159 Domini
1169 2092 1207 2159 in
1230 2112 1297 2176 me,
1351 2084 1475 2157 Gratis
1494 2090 1689 2159 venundati
1706 2090 1807 2171 estis,
1833 2091 1912 2161 sine
1935 2105 2082 2179 argento
2098 2086 2337 2162 redimemini.

330 2201 514 2261 atterrores
536 2188 606 2259 Dei
634 2192 791 2262 militant
813 2206 937 2262 eontra
962 2216 1029 2261 me.
1351 2186 1420 2259 Ubi
1438 2188 1538 2259 Deus
1549 2190 1674 2262 obiicit
1689 2191 1832 2264 diabolo
1846 2192 2082 2277 iniustitiam,
2106 2190 2207 2286 quasi
2220 2190 2336 2259 dieat:

408 2290 535 2363 Psalm.
554 2292 635 2367 60.:
665 2292 793 2363 Veniet
810 2292 905 2363 Deus
921 2308 1052 2378 noster,
1071 2308 1105 2365 et
1124 2316 1198 2361 non
1213 2293 1297 2363 sile·
1351 2292 1463 2381 Agam
1494 2293 1586 2364 iusto
1609 2293 1750 2368 ordine.

329 2392 383 2471 bit,
413 2394 971 2485 inconspectueisssexardescrt
996 2396 1099 2485 iguis.
1153 2397 1196 2465 ln
1217 2396 1297 2465 tali·
1450 2408 1628 2483 Diabolug
1649 2434 1712 2481 vos
1734 2412 1858 2483 fraude
1880 2409 1973 2484 mihi
1995 2414 2147 2503 eripuit,
2172 2427 2337 2507 esusque

330 2494 585 2583 buspavoribus
609 2498 778 2569 discimus
800 2499 911 2587 legem
927 2496 998 2567 Dei
1022 2522 1096 2570 esse
1114 2499 1297 2589 spirituale
1351 2506 1440 2581 mihi
1471 2514 1579 2587 ,olvit
1607 2513 1788 2608 pretium,
1831 2538 1949 2610 neque
1982 2518 2085 2587 vobis
2114 2515 2213 2587 dedit
2251 2538 2337 2609 pro·

331 2596 497 2679 iudicium,
523 2622 603 2669 ιιοιι
625 2611 765 2672 tantum
789 2601 974 2695 politicum
999 2600 1153 2673 irenum.
1350 2615 1467 2689 atissa,
2074 2611 2079 2619 '

1455 2732 1588 2806 lustum
1611 2749 1663 2807 est
1683 2735 1794 2826 igitur
1817 2736 1993 2816 vicissim,
2028 2761 2086 2806 me
2113 2762 2188 2809 rem
2218 2760 2335 2808 meam

1350 2860 1576 2926 recuperare,
1618 2862 1693 2909 non
1722 2840 1807 2909 dato
1836 2840 1951 2931 pretio
1985 2842 2169 2929 praedoni.
2234 2839 2336 2911 Sicut

408 3001 671 3099 interpretatur
699 3009 775 3099 ipse
803 3011 891 3103 quid
926 3010 1089 3082 nominet
1119 3010 1295 3081 carnalem
1350 2939 1516 3117 {³:⁰33
1515 2944 2338 3135 ¹:31:3³13:exrngeuggglnossuzpffiusnffiass

326 3119 485 3194 naturam,
517 3110 674 3229 scilicet,
708 3123 822 3181 toturn
848 3107 1030 3182 homiuem
1054 3115 1297 3183 venundatum
1348 3138 1527 3212 Domino,
1563 3143 1618 3214 ᾖ,
1646 3142 1743 3216 neu,
1773 3157 1957 3237 ,ΜΡΝ
1986 3167 2097 3234 μω
2126 3139 2338 3231 humanum,

325 3208 377 3275 ωδ
398 3224 600 3301 peccalum,
627 3215 663 3281 td
684 3224 756 3293 0⁸¹2
783 3234 923 3283 mltum
950 3216 1080 3304 Ρθθῑθῑῑ
1103 3228 1138 3284 ‘¹
1163 3215 1298 3298 ''mist'’
1350 3238 1442 3313 nibil
1469 3245 1611 3315 solvens
1634 3246 1769 3318 iniusto
1800 3246 2019 3318 etseelerato
2051 3248 2225 3339 praedoni
2255 3247 2336 3317 dia·

325 3308 452 3383 titulel
473 3313 573 3383 infra
598 3308 686 3385 haec
710 3310 896 3383 antithesis
920 3314 1137 3387 illustratur:
1165 3314 1298 3387 Sensus
1348 3348 1443 3417 bopo·
1495 3343 1736 3438 Dixipggpmn
1760 3346 2257 3433 Gmpsvenundffifflh'qd
2273 3362 2337 3434 m,

325 3412 422 3485 Μὴ
442 3436 545 3486 Μ’*
569 3430 632 3492 ⁶⁸⁸·
694 3416 799 3488 ¹¹⁰m²
836 3414 1025 3538 lnimifflh
1052 3432 1109 3539 5⁵¹,
1129 3420 1297 3538 θάψω*
1349 3448 1481 3522 iniuste
1506 3450 1545 3520 in
1565 3452 1771 3522 servitutem
1802 3452 1968 3542 pertracti
1996 3453 2079 3524 estis
2111 3452 2236 3522 iraude
2257 3453 2336 3522 dia·

324 3509 419 3584 ileum
442 3531 506 3588 etr.
565 3516 616 3590 Ut
631 3533 747 3590 atttem
765 3522 1002 3612 appellatione
1023 3537 1168 3610 spurtus
1191 3523 1295 3590 autel·

325 3614 371 3681 1.,
452 3621 459 3636 ,
611 3622 653 3638 Η
1071 3624 1112 3642 ..
1348 3552 1442 3636 buli,
1484 3577 1550 3624 nec
1573 3555 1648 3625 Deo
1669 3553 1825 3625 solutum
1848 3571 1900 3627 est
1920 3554 2092 3645 pretium,
2131 3579 2247 3649 nequ
2267 3549 2335 3626 ho·

335 3633 429 3703 »gutur
450 3644 533 3711 epse
555 3619 712 3712 Sparstus
739 3637 898 3702 sanctus,
924 3637 958 3694 et
980 3625 1153 3714 aSpustu
1175 3638 1295 3693 sancto

428 3721 436 3738 ,
873 3725 881 3742 ,
1032 3727 1040 3744 .
1132 3726 1141 3742 ,
1347 3655 1506 3728 minibus
1527 3660 1609 3726 data
1630 3659 1814 3749 promissa.

323 3737 439 3791 munst
462 3733 704 3810 congruentes
729 3738 846 3794 motus
871 3750 908 3793 tu
931 3742 1079 3810 sanctas,
1106 3740 1196 3809 vata,
1226 3727 1296 3809 lux,
1450 3771 1590 3846 Rursn⁸
1614 3775 1725 3864 3ng
1740 3775 1851 3864 ‘nm
1873 3775 2099 3845 redimemini
2144 3799 2219 3845 non
2240 3777 2335 3845 dabo

323 3835 348 3888 et
370 3822 495 3898 laetitia
527 3829 750 3918 acquiescens
773 3829 811 3896 in
834 3827 935 3907 Deo,
968 3829 1109 3896 flamma
1132 3828 1294 3896 dileetio·
2109 3831 2118 3859 ⁹

323 3921 368 3990 uis
386 3947 463 4016 erga
492 3925 634 4012 Deum,
668 3930 717 3997 sic
735 3931 910 4018 eregiuue
933 3955 1014 4001 caro
1036 3955 1157 4000 sensus
1180 3931 1296 4000 caratis

323 4021 575 4118 intelligantur,
599 4035 643 4099 de
665 4044 740 4100 toto
768 4027 913 4102 homine
938 4057 1010 4101 nou
1036 4049 1170 4106 renato.
1225 4031 1296 4101 Nec

322 4127 419 4198 solum
437 4133 473 4198 in
492 4134 655 4224 appetitu
678 4157 843 4204 sensuum
860 4148 894 4206 et
915 4138 953 4203 iu
974 4139 1080 4205 corde
1103 4151 1150 4205 est
1171 4150 1296 4204 contat-

322 4230 417 4300 uacia
439 4249 569 4302 contra
600 4233 734 4320 Derim,
765 4237 947 4322 videlicet,
979 4239 1110 4306 iniusta
1132 4239 1295 4307 incendia

322 4351 487 4420 amoveam,
519 4337 704 4421 odiorum,
731 4338 924 4424 vindictae,
961 4341 1148 4410 sedetiam
1175 4339 1211 4408 in
1236 4363 1296 4407 su-

320 4433 442 4518 periore
467 4451 593 4530 parte,
633 4441 818 4526 videlicet,
856 4444 894 4510 in
928 4443 1109 4513 intellectu
1140 4437 1297 4510 hominis

322 4553 382 4604 nou
405 4539 524 4610 vestati
551 4558 633 4610 sunt
658 4545 824 4614 tenebrae
848 4558 883 4615 et
906 4567 1072 4635 magnum
1097 4539 1203 4613 chaos
1228 4545 1296 4612 dss-

319 4633 526 4711 bitationum
550 4644 594 4712 de
619 4643 712 4728 Deo,
738 4659 771 4715 et
795 4645 959 4714 voluntas
982 4659 1033 4716 est
1057 4647 1133 4714 siue
1157 4647 1296 4725 timore,

319 4737 384 4806 aine
408 4743 604 4814 dilectione
618 4743 703 4830 Dei,
730 4749 806 4816 sine
832 4749 966 4819 laetitia
992 4748 1234 4842 acquiescente
1259 4749 1296 4816 in

320 4832 384 4908 Deo
398 4861 460 4918 aut
474 4862 708 4918 contemnens
725 4851 862 4933 Deum,
892 4865 952 4920 aut
970 4846 1136 4921 horribili
1152 4850 1295 4918 fremitu

364 2760 442 2862 Ego
457 2776 585 2839 autem
599 2766 767 2840 carnalis
789 2794 894 2863 sum,
923 2763 1154 2843 venundatus
1174 2766 1244 2841 snb

693 2882 893 2970 peccatam.

1350 3876 1502 3966 pretium
1527 3874 1701 3960 Diabolo,
1724 3892 1760 3947 et
1776 3901 1840 3949 vos
1856 3878 2025 3969 recipiam
2043 3901 2118 3946 mea
2135 3879 2335 3948 misericor-

1348 3978 1427 4062 dia,
1456 4002 1534 4048 cum
1553 3975 1643 4047 mihi
1660 3981 1811 4072 pretium
1828 4003 1901 4049 non
1920 3980 2029 4071 possit
2048 3982 2145 4053 dare.

1450 4092 1621 4169 Ostendit
1639 4111 1754 4168 autem
1775 4099 2100 4195 sequens'narratio
2116 4095 2225 4170 buius
2239 4101 2337 4190 cepi-

1348 4199 1413 4290 tis,
1438 4225 1517 4270 cum
1536 4201 1652 4294 inquit
1669 4200 1820 4284 Paulus,
1850 4203 2054 4273 venundati
2068 4203 2151 4273 estis
2166 4203 2235 4272 sub
2251 4225 2333 4294 pec·

1348 4317 1486 4385 catum,
1512 4303 1680 4394 intelligit
1702 4320 1882 4395 peecatum
1899 4305 2085 4394 originale,
2101 4328 2175 4374 non
2196 4317 2336 4374 tantuna

1349 4405 1638 4494 imputationem,
1664 4406 1755 4478 sicut
1767 4407 1873 4479 multi
1888 4403 2054 4477 monaehi
2069 4406 2335 4486 intellexerunt,

1347 4509 1407 4575 sed
1431 4506 1544 4596 ipsam
1566 4521 1714 4580 naturae
1745 4503 1920 4578 humanae
1948 4507 2259 4598 depravationem,
2297 4507 2336 4574 ia

1348 4623 1418 4691 est,
1460 4608 1625 4678 tenebras
1650 4622 1685 4680 et
1716 4610 1958 4681 dubitationes
1990 4612 2028 4677 in
2059 4608 2262 4692 intellectu,
2301 4621 2365 4693 at,

1348 4710 1572 4780 aversionem
1594 4712 1792 4781 voluntatis
1807 4736 1827 4780 a
1844 4711 1944 4794 Deo,
1969 4721 2187 4780 contemtum
2206 4722 2242 4780 et
2265 4707 2337 4776 ire-

1348 4811 1476 4881 mitum
1500 4813 1669 4882 adversus
1692 4809 1830 4895 Deum,
1861 4826 1895 4883 et
1919 4813 2037 4881 cordis
2058 4809 2337 4894 contumaciam,

600 4965 634 5020 e,
656 4967 706 5021 Μ
730 4949 904 5022 simum
926 4953 1124 5023 vivificam
1170 4953 1295 5020 'mifi-
1348 4909 1395 4984 Et
1419 4914 1515 5004 quod
1541 4913 1634 4983 vires
1653 4937 1781 4984 omnes
1799 4927 1884 4984 sunt
1912 4911 2087 4984 sineDeo
2116 4912 2341 4997 vivificante,

1132 5006 1143 5034 ’
1348 5017 1559 5086 laetificante
1591 5028 1626 5086 et
1655 5015 1893 5106 gubernante:
1927 5015 2020 5088 sieut
2048 5028 2169 5106 postea
2198 5012 2337 5108 inquit:

1350 5115 1465 5188 Video
1486 5117 1596 5188 aliam
1616 5117 1730 5208 legem
1751 5118 1791 5188 in
1814 5117 1985 5188 membris
2010 5117 2111 5193 neit.

323 4938 448 5032 lugiens
472 4973 574 5033 eum,

321 5061 412 5116 eante
460 5064 497 5121 et
544 5053 775 5141 gubernante.
840 5052 940 5124 Talis
972 5050 1080 5125 homo
1111 5053 1187 5125 sine
1219 5051 1296 5122 Deo

320 5143 439 5222 dicitnr
460 5151 554 5224 Caro
579 5159 772 5225 secundum
797 5177 922 5226 omnes
944 5159 1083 5226 animae
1105 5155 1295 5245 potentias:

320 5259 348 5314 et
367 5249 403 5320 in
418 5268 589 5343 conspetu
607 5257 653 5328 sit
667 5257 832 5329 doctrina
853 5260 900 5330 de
924 5260 1154 5332 distinctione
1171 5271 1297 5348 poten·
1398 5295 1639 5378 Campam
1657 5296 1737 5399 ἂμ
1758 5297 1838 5373 Du·
1851 5297 2053 5375 mundum
2075 5300 2286 5372 mmmm

320 5347 437 5422 unum
462 5359 616 5476 ,mim
1704 5399 1890 5476 hominem
1912 5413 1977 5478 etc.

410 5454 573 5528 Pramum
595 5473 712 5530 autem
741 5476 862 5534 narrat
885 5459 1019 5534 Paulus
1037 5463 1153 5557 qualis
1170 5465 1216 5535 sit
1232 5485 1297 5532 na-

322 5563 392 5623 tura
413 5561 567 5630 carnalis
592 5565 785 5634 seeundum
816 5588 907 5647 sese,
941 5566 1024 5657 quia
1047 5567 1181 5660 inquit:
1223 5563 1296 5633 Ve-
1452 5556 1495 5629 ln
1511 5555 1577 5632 bac
1592 5559 1797 5630 narratione
1811 5557 2025 5630 describitur
2037 5567 2225 5636 certamen,
2239 5559 2336 5648 quod

324 5659 496 5730 nundatus
521 5685 598 5733 sum
626 5667 693 5734 sub
713 5679 916 5756 peceatum,
957 5667 993 5734 id
1018 5679 1088 5752 est,
1119 5679 1239 5757 raptus
1259 5667 1296 5734 in
1349 5675 1402 5735 est
1416 5663 1455 5732 in
1470 5661 1643 5747 lienatis,
1675 5658 1859 5754 inquibus
1875 5657 2053 5732 filiusDei
2069 5657 2337 5748 voteEvange-

321 5761 536 5832 servitotems
587 5763 730 5836 Pbrasis
759 5769 853 5836 enim
877 5781 990 5838 sumta
1014 5781 1065 5838 est
1089 5793 1107 5837 a
1130 5769 1298 5859 captivis,
1349 5765 1392 5836 lii
1423 5763 1585 5836 aseendit
1614 5765 1727 5834 lucem
1757 5776 1792 5834 et
1819 5761 1922 5833 initia
1953 5763 2060 5846 fidei,
2110 5772 2146 5830 et
2175 5757 2338 5848 Spiritus

321 5857 374 5945 qui
391 5867 635 5938 vendebantur
655 5881 691 5941 et
711 5882 812 5942 erant
832 5870 937 5945 servi.
989 5867 1043 5942 lta
1062 5871 1201 5966 inquit,
1225 5893 1290 5942 na·
1349 5881 1492 5941 sendus
1506 5865 1714 5940 oonsohtnr
1726 5885 1811 5947 cor,
1831 5860 2173 5957 ntinripiatiaetari
2189 5857 2340 5948 inliso,
