5825 6950
586 660 686 739 asse
1178 650 1309 733 sun.
1331 650 1454 729 atus.
1482 648 1695 737 sensura
1718 653 2024 739 urrunnun.
2510 668 2584 748 nst

587 834 745 932 pretium
767 833 875 924 longe
900 828 1113 903 antecellere
1142 826 1276 910 uostris
1303 829 1467 921 peccatis.
1517 826 1588 901 liic
1635 857 1760 907 omues
1778 833 1950 907 fanaticos
1970 831 2222 929 spiritumnui
2247 833 2447 930 coniugium
2462 852 2491 913 et
2506 866 2589 917 oeco-

589 946 673 1013 tons
695 953 748 1013 est
770 936 934 1009 omnium
953 931 1241 1003 consolationum
1260 933 1299 1003 in
1314 935 1463 1003 summis
1482 931 1587 1001 dolo-
1639 938 1779 1009 uomica
1797 937 1915 1009 officia
1933 938 2204 1022 damnaverunt·
2218 954 2258 1013 ut
2270 963 2408 1031 ,emper
2421 943 2499 1015 „les
2512 949 2591 1021 mum

592 1046 707 1115 ribus.
757 1040 831 1112 Nec
853 1050 970 1133 potest
989 1033 1077 1108 baec
1093 1034 1304 1108 admiranda
1319 1035 1483 1107 doctriua
1505 1036 1589 1105 satis
1639 1042 1804 1121 suerunt,
1831 1038 2068 1126 utMercioo‚
2094 1038 2288 1129 Titianus,
2315 1041 2462 1123 literar,
2486 1044 2592 1143 tyana.

592 1146 737 1239 copiose
759 1142 878 1243 verbis
900 1140 1051 1231 exponi,
1080 1137 1143 1212 sed
1168 1152 1286 1210 tamen
1312 1136 1417 1210 initia
1446 1133 1506 1208 bic
1528 1149 1588 1210 ut·
1639 1136 1769 1236 τήται,
1793 1141 1927 1235 Papae,
1955 1136 2138 1240 Monechi.
2198 1142 2265 1213 llis
2283 1147 2446 1224 omnibus
2463 1172 2593 1237 oppans-

592 1242 737 1344 cunque
758 1235 947 1340 cogitanda
968 1254 1070 1326 suut,
1096 1253 1132 1311 et
1153 1239 1191 1311 in
1215 1240 1426 1335 quotidiana
1442 1241 1588 1310 invoca.
1641 1240 1799 1319 tutha„
1815 1270 1884 1317 ,03
1899 1243 2019 1317 pauli:
2050 1242 2217 1320 samm,
2239 1249 2369 1321 munet
2389 1232 2450 1342 im
2469 1250 2596 1321 filiorum

593 1354 693 1423 tione
712 1348 905 1442 repetenda
923 1359 997 1430 est,
1023 1358 1059 1416 et
1075 1344 1314 1437 precandum,
1347 1359 1389 1416 ut
1404 1343 1479 1436 ipse
1496 1342 1590 1413 tilius
1641 1349 1924 1445 generationem,
1947 1347 1977 1425 si
1995 1348 2190 1419 manserint
2207 1351 2245 1421 in
2264 1350 2343 1425 tide.

593 1452 664 1524 Dei
682 1451 874 1533 ¹mediator
897 1448 1017 1519 radios
1044 1470 1129 1521 suae
1151 1446 1346 1541 sapientiae
1371 1460 1406 1519 ct
1429 1445 1590 1519 iusticias

595 1557 635 1625 io
663 1578 729 1627 nos
755 1552 995 1628 transfundat.

806 1712 810 1717 ’
840 1715 1028 1795 Levantes
1051 1742 1171 1819 paras
1196 1742 1344 1796 manas.

1745 1450 1906 1521 Primum
1928 1462 2045 1521 autem
2070 1450 2114 1518 de
2132 1447 2370 1525 Grammatiea
2394 1453 2538 1525 iuniores
2551 1458 2598 1527 ad-

1643 1554 1813 1625 monendi
1833 1552 1990 1638 sunt,¹.si
2006 1554 2220 1639 manserint,
2248 1556 2338 1627 dixit
2355 1558 2482 1647 plurali
2500 1583 2598 1627 nume·

1643 1683 1702 1744 ro,
1720 1658 1811 1749 ,quia
1839 1658 1883 1724 de
1907 1678 1991 1725 sexu
2015 1654 2195 1749 loquitur,
2233 1670 2275 1727 ut
2299 1660 2464 1729 dicimus:
2502 1660 2598 1731 Turba

1638 1762 1764 1831 ruunt.
1816 1756 2048 1848 Explodenda
2073 1770 2125 1827 est
2149 1758 2258 1847 igitur
2281 1761 2474 1832 multorum
2495 1762 2599 1835 insulsa

597 1890 602 1897 ·
699 1863 848 1956 Semper
865 1861 905 1929 in
919 1870 1110 1953 conspectu
1129 1858 1175 1931 sit
1198 1856 1335 1947 integra
1361 1855 1524 1927 doctrina
1548 1856 1592 1924 de
1642 1860 1918 1953 interpretatio,
1959 1858 2023 1952 qui
2058 1860 2207 1931 verbum
2244 1865 2439 1935 manserint
2473 1866 2514 1931 d,
2541 1864 2601 1935 filii,

596 1967 820 2061 P'mfi‘ffl‘s
863 1975 899 2035 ⁰⁸
920 1962 1089 2033 Mendai
1113 1984 1180 2031 ¹¹⁰⁸
1201 1962 1248 2031 id
1270 1960 1533 2031 5¹1V⁰t³ii⁰¹¹0m
1558 1971 1592 2053 βῑ
1645 1978 1832 2047 enarrant,
1858 1960 1948 2033 Cum
1971 1960 2155 2033 manifeste
2171 1962 2299 2033 falsum
2317 1968 2382 2051 sit,
2408 1978 2530 2037 matres
2549 1992 2603 2037 non

595 2074 642 2145 ad
673 2069 778 2138 fidem
809 2064 1046 2138 consideratio
1077 2063 1273 2133 voluntatis
1301 2064 1392 2147 Dei,
1434 2084 1526 2155 quae
1548 2084 1590 2132 eo
1644 2069 1721 2139 fieri
1746 2068 1877 2157 salvas,
1919 2063 1989 2135 nisi
2014 2062 2079 2133 tilii
2104 2065 2190 2135 fiant
2214 2066 2314 2143 salvi.
2372 2064 2523 2140 Roman.
2545 2067 2602 2141 tt:
2644 2140 2645 2155 ,

596 2172 675 2264 ipso
699 2170 739 2241 fit
764 2169 958 2252 illustrior,
984 2166 1068 2261 quia
1090 2179 1161 2236 tam
1193 2188 1296 2258 saepe
1325 2161 1516 2255 repetitum
1541 2175 1593 2231 est
1645 2168 1899 2264 Unusquisque
1919 2179 2080 2237 nostrum
2099 2169 2143 2236 de
2164 2168 2284 2260 seipso
2308 2171 2484 2241 rationem
2509 2170 2604 2241 reddet
2644 2210 2645 2261 p

598 2285 825 2367 praeceptum
847 2268 895 2340 de
915 2267 1159 2351 invocatione,
1192 2267 1285 2338 sicut
1310 2265 1488 2337 Taulerus
1511 2265 1593 2335 dul·
1645 2269 1733 2347 Deo,
2644 2272 2645 2277 ¹

599 2376 739 2448 tissime
772 2373 910 2469 inquit:
952 2368 1146 2464 Nunquam
1177 2383 1298 2461 pectus
1332 2364 1489 2439 hominis
1521 2381 1593 2437 tam
1749 2368 2378 2464 Secundo,Respondendumestad
2396 2388 2604 2466 argumetum:

597 2479 745 2549 avidum
769 2490 821 2547 est
836 2475 881 2545 ad
898 2471 1165 2563 accipiendum,
1191 2494 1298 2565 quam
1324 2473 1428 2543 avida
1453 2483 1504 2541 est
1529 2494 1594 2540 vo·

597 2582 719 2653 luntas
734 2578 804 2650 Dei
822 2578 867 2647 ad
884 2576 1039 2647 dandam
1060 2573 1207 2664 gratiam
1225 2587 1260 2645 et
1282 2573 1431 2644 salutem
1449 2589 1595 2665 propter

598 2684 724 2753 filiunt.

1855 2474 1940 2547 Sola
1969 2474 2037 2545 lide
2062 2476 2259 2559 salvamur,

1801 2600 1803 2609 ¹
1853 2574 1950 2668 Ergo
1976 2601 2050 2661 upn
2071 2577 2206 2655 officiis
2228 2578 2480 2651 oeconomicis.

1749 2678 1977 2771 Respondeo.
2027 2680 2251 2753 Antecedens
2282 2706 2408 2754 verum
2442 2694 2508 2761 est,
2547 2703 2608 2766 pro·

703 2781 876 2873 Quum
893 2796 1237 2852 autemconfflrrtre
1254 2777 1512 2869 inprecatione
1532 2777 1596 2847 de·
1647 2800 1725 2877 pter
1748 2784 1859 2854 solius
1882 2781 1948 2851 filii
1970 2779 2036 2851 Dei
2059 2782 2225 2853 meritum
2248 2786 2400 2869 dantur,
2431 2782 2608 2854 reconcilie-

601 2888 727 2966 beant.
751 2882 1188 2972 taenealittdiclssmetl·
1230 2877 1270 2950 ln
1286 2874 1594 2969 hiffwmpreben·
1648 2888 1721 2977 tio,
1747 2884 1966 2965 iustificatio,
2001 2898 2037 2955 et
2057 2882 2256 2957 baereditas
2281 2887 2375 2960 vitae
2399 2896 2608 2967 aeternae‚et
2644 2880 2645 2951 f

601 2995 738 3060 duntur
752 3001 786 3055 et
802 2983 869 3055 hae
885 2984 1188 3066 circumstantiae,
1214 3006 1365 3075 quacum
1379 2979 1512 3053 Paulus
1528 2974 1598 3051 hoc
1649 2986 1735 3061 haec
1758 2990 1826 3059 fide
1851 2987 1964 3079 accipi
1985 3002 2143 3079 oportug
2179 2986 2296 3077 Quam
2320 2990 2428 3059 fidem
2444 3012 2530 3059 nava
2545 2989 2608 3055 aba

602 3093 682 3161 loeo
705 3090 922 3160 mentionem
947 3087 1040 3160 facit
1093 3082 1226 3156 Levate
1250 3108 1356 3174 puras
1378 3107 1525 3162 manus.
1558 3084 1596 3153 id
1650 3090 2184 3183 dientianecessarioseqnitur.
2223 3088 2389 3165 ,Utenim
2409 3092 2608 3183 ipsaaeterns

600 3207 675 3269 est.
720 3216 796 3259 110ss
821 3190 975 3278 pollutat
998 3186 1093 3257 m³l⁰
1118 3188 1323 3278 proposito,
1362 3187 1461 3257 5⁰¹¹&
1486 3185 1598 3271 illud.
1651 3197 1723 3266 vita
1738 3196 1776 3264 in
1793 3193 2098 3264 consummatione
2114 3193 2315 3265 formaliter
2329 3194 2400 3265 erit
2424 3194 2484 3265 lux
2506 3205 2537 3263 et
2556 3189 2608 3257 vir·

602 3293 727 3367 lohan.
742 3293 794 3368 9.:
819 3290 1027 3370 Peccatores
1048 3291 1148 3362 Deus
1173 3312 1247 3359 non
1273 3290 1427 3363 exaudit.

1003 3460 1094 3535 Sine
1127 3463 1200 3541 ira.

706 3603 746 3675 ld
768 3618 838 3689 est,
872 3605 948 3672 sine
969 3601 1218 3690 indignatione
1243 3615 1277 3673 ct
1302 3601 1448 3671 fremitu
1472 3601 1599 3670 adver-

604 3733 663 3779 sus
688 3706 825 3790 licum,
855 3709 916 3774 sed
937 3705 1126 3774 flectantur
1148 3706 1254 3774 corda
1277 3705 1399 3798 aliquo
1424 3705 1532 3772 modo
1555 3705 1597 3771 ad

602 3810 831 3902 patientiam,
867 3809 965 3876 iuxta
991 3805 1081 3876 illud
1104 3810 1135 3876 i.
1150 3805 1244 3878 Pete.
1264 3805 1319 3880 5.:
1347 3803 1599 3874 Humiliamini

604 3916 671 3984 sub
695 3911 829 4002 potenti
853 3933 961 3977 manu
985 3903 1064 3977 Dei.
1112 3908 1195 3980 Non
1221 3911 1384 3980 deficiant
1407 3909 1513 3978 corda
1540 3932 1600 3976 su·

604 4028 726 4105 perata
753 4011 1018 4102 indignatione,
1046 4024 1085 4082 ut
1110 4027 1216 4084 ruant
1238 4014 1294 4082 vel
1321 4013 1359 4080 in
1381 4007 1598 4098 Epicureum

606 4129 825 4186 contemtum
856 4111 945 4195 Dei,
983 4113 1040 4178 vel
1064 4112 1103 4179 in
1126 4109 1382 4203 blasphemias,
1422 4124 1462 4181 ut
1492 4110 1601 4196 Saul,

608 4216 717 4287 ludas
745 4230 780 4287 et
810 4215 954 4285 similes.
1007 4208 1163 4304 Oportet
1192 4216 1289 4283 enim
1320 4217 1361 4286 in
1391 4214 1498 4284 uobis
1527 4235 1600 4283 esse

608 4319 713 4393 initia
736 4341 851 4389 novae
874 4315 1111 4386 obedientiae.

918 4479 1009 4556 Sine
1033 4479 1294 4559 haesitatione.

713 4620 756 4692 ld
773 4635 843 4706 est,
869 4622 961 4695 adsit
975 4622 1063 4692 fides
1085 4623 1211 4692 victrix
1227 4623 1503 4694 dubitationum.
1545 4619 1601 4693 Ac

607 4749 690 4797 vere
710 4739 922 4804 statuamus,
954 4749 1021 4794 nos
1044 4740 1189 4816 propter
1212 4726 1324 4795 tilium
1348 4725 1459 4822 recipi
1477 4751 1496 4794 a
1514 4723 1602 4805 Deo,

607 4852 713 4900 curae
730 4852 804 4898 esse
824 4825 922 4911 Deo,
947 4841 982 4898 et
998 4841 1139 4897 nostros
1153 4829 1305 4917 gemitus
1318 4852 1391 4896 non
1415 4851 1490 4896 esse
1515 4829 1600 4896 irri-

607 4946 664 5002 tos
688 4945 833 5024 propter
862 4929 990 5006 filium.
1049 4926 1147 4998 Haec
1170 4931 1258 4999 alibi
1285 4930 1462 5021 copiosius
1484 4929 1602 5000 decla·

608 5046 747 5102 rantur.
797 5029 979 5102 Esuscitet
995 5030 1113 5102 autem
1130 5055 1195 5100 nos
1212 5048 1245 5102 et
1262 5027 1348 5101 baec
1366 5033 1440 5124 ipsa
1459 5046 1602 5102 senten-

608 5138 660 5204 tia
675 5139 720 5204 ad
740 5135 979 5226 precationem
1003 5147 1038 5203 et
1060 5136 1104 5203 ad
1122 5136 1245 5204 tidem:
1272 5135 1357 5230 quia
1373 5149 1409 5205 et
1431 5135 1603 5226 praecipit

610 5237 688 5306 fieti
706 5237 987 5322 invocationem,
1014 5249 1049 5306 et
1063 5237 1144 5308 vult
1160 5237 1254 5306 vinci
1272 5232 1534 5312 haesitationes.
1577 5301 1578 5304 ,

637 5401 822 5477 Salvator
848 5401 982 5476 mulier
1005 5429 1072 5504 per
1094 5403 1267 5502 filioram
1292 5406 1577 5502 generationem.

710 5543 794 5615 Non
812 5544 963 5616 dubium
981 5559 1033 5616 est
1043 5543 1216 5635 Spiritum
1233 5556 1392 5614 sanctum
1411 5539 1503 5613 banc
1521 5545 1603 5614 dul-

1651 3311 1768 3367 tutum
1793 3296 2019 3381 incendium,
2054 3318 2145 3389 quae
2168 3310 2273 3367 erunt
2297 3297 2336 3365 in
2360 3296 2469 3369 nobis
2492 3290 2610 3385 perfusis

1562 3394 1564 3397 ⁵
1651 3401 1731 3470 lnce
1754 3398 1897 3483 divina,
1920 3397 2012 3467 sicut
2033 3398 2203 3486 scriptum
2226 3410 2294 3468 est:
2320 3395 2421 3468 Dens
2442 3398 2504 3467 erit
2520 3393 2610 3464 omnis

1653 3504 1690 3571 in
1712 3501 1899 3579 omnibns,
1930 3503 1961 3571 1.
1982 3495 2145 3573 Corinth.
2173 3497 2246 3574 15.:
2287 3499 2338 3570 ita
2366 3525 2466 3572 nunc
2490 3495 2610 3567 isscoatio
2644 3519 2645 3522 ¹

1653 3607 1847 3686 virtutum,
1881 3625 1968 3693 quas
1994 3601 2089 3672 lilius
2105 3599 2174 3674 Dei
2199 3603 2462 3692 perspiritum
2486 3613 2610 3670 sanctum

1652 3707 1689 3776 in
1706 3705 1810 3774 nobis
1827 3703 1998 3784 accendit,
2015 3705 2104 3776 sicut
2119 3705 2206 3776 alibi
2222 3705 2339 3800 inquit
2357 3705 2509 3787 Patrius,
2524 3697 2612 3772 tca-

1653 3805 1764 3880 rinth.
1789 3803 1842 3882 5.:
1885 3805 2213 3898 superinduemur,
2259 3809 2288 3876 si
2316 3823 2437 3880 tamen
2458 3799 2610 3875 nonnuli

1654 3913 1884 4004 reperiemur.
1915 3973 1922 3986 ,
2347 3995 2350 4002 ,

1755 4011 1848 4081 Vide
1863 4011 1972 4101 igitur
1985 4009 2088 4082 Pauli
2103 4013 2349 4102 prudentiam,
2370 4035 2451 4081 cnm
2471 4009 2611 4078 laudasset
2644 4085 2645 4090 ἵ

1654 4139 1763 4208 opus,
1792 4139 1871 4184 mox
1894 4129 1927 4184 et
1950 4116 2032 4184 fidei
2056 4115 2273 4188 mentionem
2289 4113 2394 4194 facit,
2419 4115 2474 4182 cui
2493 4124 2611 4179 caeteras
2644 4105 2645 4134 l

1654 4223 1802 4288 virtutes
1825 4219 1942 4300 addit,
1968 4218 2050 4309 quia
2076 4241 2150 4286 nou
2171 4217 2242 4286 iarn
2264 4217 2308 4284 de
2324 4215 2462 4284 meritis
2478 4213 2611 4302 disputat¹

1654 4323 1714 4391 sed
1739 4313 2008 4410 comprehendit
2033 4319 2199 4404 virtutes,
2225 4341 2315 4412 quae
2336 4341 2419 4387 curn
2437 4318 2501 4386 lide
2522 4333 2611 4381 neees-

1653 4425 1747 4516 sario
1771 4421 1877 4490 simul
1902 4423 2154 4492 accenduntur.
2209 4418 2501 4513 Quotiescunque
2524 4427 2611 4484 auten
2644 4421 2645 4470 t

1654 4529 1699 4594 de
1724 4523 1925 4593 obedientia
1944 4523 2092 4607 dicitur,
2120 4523 2225 4595 initio
2247 4522 2410 4591 facienda
2434 4535 2485 4591 est
2508 4513 2610 4586 mentio

1655 4627 1873 4716 vacationis,
1906 4627 2053 4695 itacnm
2077 4626 2207 4694 mulier
2224 4627 2413 4714 praecipue
2428 4622 2556 4694 condita
2571 4615 2610 4692 sit.
2644 4645 2645 4656 ²

1654 4746 1694 4800 ut
1709 4729 1821 4819 pariat
1837 4743 1871 4798 et
1887 4727 2100 4796 imbecillem
2115 4728 2249 4798 foetum
2264 4727 2383 4797 foveat
2399 4749 2439 4795 ac
2455 4727 2529 4796 alat.
2552 4716 2608 4786 Hoc
2644 4747 2645 4786 t

1654 4833 1809 4924 primum
1841 4853 1931 4920 opus
1954 4830 2201 4920 complectitur
2223 4825 2356 4898 Paulus
2380 4829 2474 4898 inter
2495 4825 2608 4894 virtutes

1655 4932 1828 5003 mulieris.

1754 5033 1872 5104 Simul
1902 5046 2019 5102 autern
2045 5055 2127 5100 vera
2158 5046 2239 5102 sunt
2268 5027 2335 5102 hae
2364 5027 2606 5122 propositiones:
2644 5047 2645 5060 ¹

1654 5132 1770 5210 Iustus
1787 5137 1855 5204 lide
1874 5132 1995 5206 Gratis
2020 5148 2164 5226 propter
2186 5135 2299 5204 filium
2320 5133 2407 5214 Dei,
2434 5147 2466 5202 et
2482 5153 2536 5222 per
2550 5142 2604 5192 eum

1655 5254 1706 5310 est
1723 5234 1846 5308 haeres
1862 5239 1953 5309 vitae
1969 5252 2141 5310 aeternae.
2193 5232 2240 5306 Et
2257 5237 2381 5306 altera:
2410 5233 2451 5304 ln
2468 5229 2528 5300 boc
2540 5229 2605 5294 iusto

1655 5343 1849 5411 necessaria
1875 5353 1925 5408 est
1948 5363 2040 5410 nova
2063 5337 2285 5420 obedientia,
2320 5337 2403 5431 quia
2427 5336 2471 5406 ita
2494 5333 2526 5401 bt
2545 5345 2602 5396 con·

1655 5444 1780 5514 solatio
1798 5458 1832 5514 et
1848 5437 2037 5512 vivificatio
2054 5463 2117 5533 pec
2134 5441 2259 5520 fidem,
2286 5454 2324 5510 nt
2344 5438 2450 5508 simul
2466 5461 2482 5504 a
2501 5427 2601 5522 Spiritu

1657 5561 1777 5616 sarecto
1799 5570 1891 5613 nova
1920 5547 1980 5614 lux
1997 5555 2031 5612 et
2048 5565 2140 5612 nova
2167 5543 2369 5612 obedientia
2394 5538 2602 5610 accendantur.

610 5645 787 5714 cissimam
817 5648 1024 5716 concionem
1059 5650 1102 5717 de
1127 5648 1255 5718 officiis
1282 5668 1385 5717 sexus
1416 5648 1604 5716 muliebris
1655 5651 1750 5718 iuxta
1770 5647 1858 5716 illud
1879 5645 2047 5716 leremiae
2064 5645 2176 5736 eapite
2193 5645 2368 5714 tricesimo
2388 5641 2506 5711 tertio:
2529 5631 2601 5700 1)le

609 5749 817 5837 opposuisse
842 5748 1035 5839 multiplici
1063 5748 1318 5842 superstitioni.
1376 5743 1423 5816 Et
1445 5749 1602 5819 laudatio
1655 5752 1766 5838 legem
1783 5771 1896 5817 meam
1915 5749 2077 5817 incordn
2092 5771 2224 5816 eortsrn.
2277 5745 2360 5814 ldeo
2378 5731 2601 5834 inquietatus

486 5919 491 5934 ‚
610 5847 762 5938 insignis
788 5851 946 5940 coniugii
974 5862 1025 5920 est
1057 5841 1277 5924 obseruanda
1315 5852 1360 5921 ad
1396 5850 1603 5921 refutandos
1657 5854 1691 5927 1.
1715 5846 1879 5923 Corinth.
1905 5847 1955 5924 9.;
1994 5847 2065 5918 Vae
2088 5844 2198 5934 mibi,
2237 5847 2363 5918 sinon
2390 5837 2599 5936 evangelizem
