5825 6950
560 674 632 751 171
711 704 722 726 .
875 754 879 760 ,
1151 657 1422 743 aurnum
1449 657 1661 740 settim
1686 655 1991 754 macunen·
2126 589 2190 701 ’-
2511 667 2596 750 172

559 841 790 930 accusabant,
823 839 886 911 sed
903 833 1104 909 mirabilius
1131 851 1201 918 est,
1240 838 1337 930 quod
1360 834 1488 908 sedens
1513 831 1552 906 in
1602 835 1703 910 ribus
1717 840 1974 931 opponendum
1995 853 2048 914 est
2070 837 2140 914 hoc
2161 844 2360 939 exemplum
2375 841 2536 935 Christi,
2565 861 2608 924 et

559 949 718 1040 templo,
742 960 777 1018 et
793 943 970 1040 inclinans
988 964 1061 1011 sese
1079 939 1191 1030 digito
1211 937 1335 1009 scribit
1355 939 1393 1006 in
1410 950 1553 1019 terrem,
1603 939 1739 1010 similia
1757 942 1852 1012 dicta
1868 953 1904 1012 et
1920 943 2029 1030 facta,
2051 943 2363 1039 quibusChristus
2384 950 2477 1022 clare
2497 951 2606 1024 reiu-
2639 983 2644 994 ¹

565 1063 601 1122 et
627 1050 667 1120 in
696 1044 765 1120 hoc
794 1058 894 1140 gestu
921 1055 1121 1136 perseverat
1152 1040 1344 1132 tantisper,
1383 1040 1469 1108 dum
1498 1037 1553 1107 illi
1605 1053 1655 1112 tst
1669 1042 1755 1114 tales
1778 1041 2069 1135 imaginationes,
2095 1071 2136 1119 ac
2157 1050 2313 1122 ostendit
2335 1051 2547 1126 discrimine
2567 1064 2609 1126 et

472 1158 479 1173 '
565 1174 690 1224 omnes
705 1149 936 1241 egrediuntur
961 1169 979 1215 e
1004 1144 1155 1236 templo,
1187 1144 1331 1211 taudem
1355 1142 1399 1210 ad
1426 1139 1554 1210 mulie·
1607 1144 1695 1216 lines
1709 1144 2008 1234 ministeriorum,
2032 1148 2199 1222 videlicet
2221 1153 2411 1226 ministerii
2424 1155 2608 1246 spiritua-

564 1279 640 1326 rem
661 1272 873 1332 conversus,
912 1260 1016 1338 negat
1042 1270 1079 1316 se
1101 1266 1174 1316 esse
1204 1242 1358 1314 iudicem
1380 1242 1442 1336 qul
1468 1265 1555 1311 cou-
1606 1247 1669 1332 lis,
1694 1269 1756 1318 seu
1770 1250 1953 1318 doctrinae
1966 1249 2166 1344 Evangelii,
2192 1268 2227 1326 et
2241 1256 2514 1344 gubernationis
2529 1281 2608 1348 po-

450 1356 454 1367 '
565 1358 729 1438 demuet,
755 1355 815 1426 sed
832 1351 980 1422 dimittit
994 1371 1092 1429 eam,
1119 1346 1241 1418 addita
1263 1367 1350 1416 voce
1371 1346 1554 1415 condona·
1605 1348 1741 1433 liticae,
1775 1354 1816 1420 ut
1837 1349 1952 1420 simile
1976 1354 2174 1446 exemplum
2195 1355 2313 1428 Lucae
2332 1360 2390 1432 12.
2411 1359 2607 1440 scribitur,

564 1458 695 1544 tionis,
720 1480 782 1527 seu
794 1451 1014 1530 remissionis
1029 1449 1173 1543 peceati.
1606 1472 1685 1519 eum
1709 1445 1873 1522 Christus
1893 1452 2033 1524 cuidam
2057 1456 2212 1547 petenti,
2245 1471 2285 1530 ut
2307 1459 2451 1534 fratrem
2474 1461 2608 1533 iubeat
2658 1459 2659 1464 ’

670 1558 712 1631 ln
728 1557 797 1627 hac
811 1569 884 1627 tota
898 1551 1046 1623 historia
1063 1549 1274 1650 praecipuus
1288 1548 1389 1618 locus
1403 1559 1466 1627 est,
1493 1545 1554 1639 qui
1607 1550 1675 1620 sibi
1693 1555 1831 1622 tradere
1846 1550 2244 1646 pertemhaereditatis,
2270 1561 2475 1652 respondet:
2486 1545 2608 1649 aQuis

567 1664 671 1734 docel
681 1664 725 1731 de
739 1656 944 1730 discrimine
954 1653 1249 1733 ministeriOrum,
1268 1650 1429 1720 videlieet
1446 1647 1556 1718 mini·
1607 1676 1664 1722 me
1680 1654 1867 1726 constituit
1883 1655 2116 1729 iudicemaut
2131 1660 2323 1731 divisorem
2338 1663 2541 1734 intervos?

567 1763 668 1836 sterii
677 1762 774 1855 legis,
800 1759 894 1854 quod
914 1755 1026 1826 sancit
1041 1755 1265 1847 disciplinam
1282 1765 1318 1822 et
1330 1774 1462 1843 poenas
1477 1774 1556 1820 cor·
1711 1753 1898 1838 Secundo,
1938 1759 2034 1852 quod
2056 1756 2220 1832 Christus
2242 1763 2365 1835 scribit
2389 1765 2608 1854 interram,

566 1866 724 1961 porsles,
749 1876 784 1933 et
798 1857 1009 1944 ministerii,
1040 1859 1135 1952 quod
1160 1868 1211 1927 est
1233 1853 1418 1948 proprium
1433 1849 1556 1924 Evau—
1607 1869 1642 1928 et
1659 1856 1877 1929 instantibus
1893 1853 2092 1932 Pharisaeis
2109 1866 2312 1954 respondet:
2345 1863 2421 1955 Qui
2435 1889 2476 1936 01
2493 1867 2605 1938 vohi,

568 1966 675 2060 gelii,
706 1967 767 2035 sed
790 1965 835 2033 de
857 1957 926 2032 hoc
948 1959 1152 2030 discrimine
1182 1957 1288 2049 paulo
1320 1967 1398 2047 post
1428 1953 1558 2040 dicam,
1607 1959 1683 2028 siue
1698 1973 1838 2052 peccato
1854 1975 1923 2046 est,
1950 1960 2087 2055 primus
2105 1963 2212 2035 iaciat
2231 1966 2385 2057 lapidem
2409 1967 2449 2036 in
2466 1967 2606 2040 mulie..

565 2065 776 2164 priuseuim
797 2060 866 2135 hoc
889 2062 1150 2145 consideretur,
1181 2061 1275 2152 quod
1301 2052 1466 2128 Christus
1489 2052 1557 2127 hoc
1606 2085 1694 2131 rem.
1735 2057 1842 2131 Haud
1860 2063 1969 2134 dubie
1982 2059 2051 2135 hoc
2066 2077 2141 2136 toto
2159 2078 2256 2156 gestu
2269 2081 2369 2139 notat
2383 2063 2605 2142 Phatimeo.

567 2171 728 2269 exemplo
747 2170 867 2251 docet,
891 2189 966 2234 nou
989 2187 1063 2234 esse
1084 2186 1187 2236 suum
1208 2183 1339 2230 monus
1360 2159 1452 2228 serre
1474 2181 1556 2228 sen·
1607 2187 1687 2232 rum
1704 2157 1932 2257 hypocrisin,
1956 2168 2054 2260 quod
2070 2167 2158 2237 laiso
2174 2192 2258 2258 prae
2273 2192 2309 2240 se
2334 2170 2449 2241 serant
2463 2171 2604 2262 'singu-

566 2273 700 2346 tentias
714 2272 758 2341 de
776 2267 901 2363 poenis
914 2266 1145 2354 delictorum,
1170 2285 1268 2334 more
1292 2261 1429 2354 politici
1445 2259 1557 2350 magi·
1610 2265 1721 2334 larem
1747 2265 1880 2352 zelum,
1913 2267 2015 2360 quasi
2034 2269 2138 2338 valde
2157 2271 2375 2343 detestentur
2397 2285 2431 2344 et
2451 2274 2603 2348 oderint

568 2387 715 2459 stratus,
742 2371 1001 2452 necvulteos,‘
1021 2368 1083 2462 qui
1108 2364 1249 2438 suntin
1270 2363 1469 2433 ministerio
1491 2364 1557 2432 do·
1608 2377 1809 2457 peceatum,
1845 2390 1885 2436 ec
1913 2369 2008 2440 iuxta
2040 2371 2152 2460 legem
2175 2371 2287 2462 velint
2316 2394 2390 2443 esse
2417 2375 2605 2465 punitum,

568 2475 674 2548 cendi
701 2469 887 2562 Evangelii
910 2493 1049 2541 sumere
1077 2468 1146 2538 sibi
1176 2478 1383 2559 potestatem
1412 2487 1474 2534 seu
1501 2465 1558 2533 ius
1608 2491 1689 2538 eum
1705 2481 1822 2538 tamen
1842 2467 1910 2560 ipsi
1935 2493 2010 2562 uou
2025 2471 2144 2542 suiuus
2165 2473 2238 2544 sint
2256 2473 2309 2545 rei
2325 2499 2445 2545 coram
2460 2473 2539 2548 Deo
2562 2491 2601 2549 et

568 2576 804 2670 cognoscendi
835 2573 991 2644 actiones
1013 2570 1198 2665 capitales,
1230 2579 1292 2638 aut
1312 2566 1380 2636 alia
1404 2565 1557 2636 forensia
1608 2569 1766 2640 damuati
1782 2569 1915 2640 iudicio
1936 2571 2043 2662 legis,
2073 2597 2180 2667 quam
2204 2575 2266 2669 qui
2289 2576 2405 2668 palam
2423 2591 2456 2648 et
2476 2577 2600 2646 mani-

568 2703 631 2752 seu
651 2677 831 2749 iudicialis
855 2673 1016 2764 negotia,
1056 2695 1146 2767 quae
1177 2671 1357 2763 pertinent
1381 2669 1424 2737 sd
1450 2667 1558 2738 iuris-
1608 2672 1697 2742 iesto
1725 2670 1798 2740 siut
1827 2684 2042 2763 peccatores,
2082 2675 2265 2762 videlicet,
2306 2677 2389 2770 quia
2412 2691 2492 2748 sunt
2512 2678 2597 2748 sine

570 2781 764 2855 dictionem
777 2777 978 2870 politicam,
1003 2774 1081 2846 vuit
1094 2773 1189 2842 enim
1209 2795 1282 2842 esse
1305 2770 1472 2842 distincta
1488 2769 1557 2838 mi·
1608 2767 1824 2865 pdenitentia
1837 2785 1873 2844 et
1889 2775 2122 2847 metuiudicii
2139 2777 2277 2860 divini,
2310 2779 2391 2849 item
2411 2779 2512 2872 pleni
2536 2780 2602 2849 in-

444 2930 458 2956 s
570 2881 740 2965 nisteria,
771 2903 818 2950 ne
849 2879 996 2970 obrepat
1021 2875 1172 2946 carnalis
1202 2871 1426 2963 imaginatio,
1456 2871 1557 2965 quasi
1609 2874 1732 2946 teriori
1753 2873 1996 2963 immunditia,
2036 2877 2175 2964 vitiosis
2204 2879 2390 2952 affectibus
2410 2893 2443 2952 et
2466 2893 2602 2953 coutu-

570 3007 720 3076 regnum
734 2979 870 3053 Christi
884 2979 929 3049 sit
945 2990 1088 3048 externa
1104 3000 1164 3046 seu
1184 2974 1377 3066 corporalis
1395 2972 1558 3044 domina·
1610 2976 1721 3046 masia
1741 2987 1863 3047 contra
1887 2977 2016 3067 legem:
2051 2979 2161 3070 igitur
2176 2976 2341 3051 Christus
2363 2981 2492 3054 omissa
2515 3007 2601 3054 mu-

570 3089 644 3167 tio,
670 3107 731 3155 seu
747 3083 884 3174 politia,
909 3105 999 3177 quae
1016 3093 1077 3151 aut
1093 3079 1182 3148 ierat
1196 3099 1306 3147 novas
1320 3076 1412 3166 leges
1426 3077 1470 3144 de
1488 3076 1558 3142 im·
1610 3079 1696 3147 licre
1712 3077 1798 3168 ipsis
1813 3081 2055 3153 concionatur.
2108 3079 2267 3176 Cumque
2285 3083 2341 3153 illi
2356 3107 2398 3154 ex
2417 3083 2496 3174 lege
2512 3109 2600 3177 pro-

571 3189 701 3284 periis,
734 3187 779 3255 de
797 3183 973 3253 divisione
997 3205 1135 3266 rerum,
1160 3182 1206 3249 de
1227 3179 1485 3259 contractibus,
1514 3177 1559 3244 de
1611 3179 1800 3266 nuncient,
1834 3181 2030 3253 adulteram
2057 3183 2277 3274 plectendam
2306 3207 2400 3266 esse,
2441 3187 2596 3258 vicissim

570 3290 715 3385 poenis,
740 3300 775 3357 et
792 3285 978 3377 disciplina
1003 3283 1118 3366 civili,
1140 3293 1202 3352 aut
1217 3281 1396 3374 permittat
1411 3279 1557 3349 liberta·
1611 3281 1783 3370 significat
1804 3281 1898 3374 ipsos
1920 3284 1994 3374 lege
2011 3286 2200 3356 damnari:
2227 3285 2357 3377 ⁴Quare
2383 3287 2517 3384 inquit:
2557 3285 2600 3358 Si

571 3409 643 3466 tem
657 3385 871 3467 Christianis
891 3385 1096 3458 exsolvendi
1109 3405 1145 3454 se
1163 3381 1315 3454 vinculis
1335 3380 1558 3475 publicarum
1611 3384 1691 3477 quis
1712 3397 1866 3455 restrum
1887 3385 1964 3456 siue
1986 3399 2129 3479 peccato
2152 3399 2223 3479 est,
2248 3390 2348 3483 quasi
2365 3390 2476 3464 dicat:
2504 3387 2602 3480 Quia

563 3482 701 3588 legum.
1611 3487 1722 3575 legem
1752 3486 1927 3576 allegatis,
1964 3502 2001 3560 et
2029 3511 2142 3558 meam
2174 3492 2383 3561 seutentiam
2406 3493 2601 3588 requiritis,

673 3594 779 3667 Hauc
801 3592 958 3683 regulam
987 3588 1110 3659 multis
1132 3589 1176 3656 de
1206 3586 1321 3657 causis
1342 3586 1486 3680 prodest
1506 3597 1559 3656 te-
1612 3610 1676 3678 ego
1693 3590 1737 3657 de
1753 3610 1866 3678 poena
1883 3590 2058 3682 corporali
2071 3586 2166 3662 nihil
2180 3604 2315 3674 statuo,
2343 3590 2510 3687 quiahoc
2524 3617 2602 3664 non

573 3721 679 3779 nere,
705 3697 801 3793 quod
824 3715 972 3782 regnum
986 3685 1119 3762 Christi
1136 3712 1210 3758 non
1226 3690 1356 3759 condat
1373 3701 1434 3761 aut
1448 3700 1561 3757 mutet
1613 3690 1766 3781 pertinet
1780 3690 1824 3760 ad
1842 3712 1960 3760 meum
1977 3713 2129 3779 munus,
2150 3692 2199 3767 sit
2218 3717 2302 3764 sane
2319 3696 2449 3766 mulier
2468 3720 2600 3767 secun-

573 3787 817 3874 ordinationes
846 3818 908 3865 seu
936 3794 1028 3882 leges
1051 3790 1222 3883 politicas.
1278 3788 1375 3878 Quis
1396 3786 1561 3859 Christus
1614 3793 1698 3861 dum
1722 3790 1835 3879 legem
1856 3792 2069 3883 lapidanda,
2103 3795 2162 3863 sed
2186 3794 2270 3887 quia
2294 3819 2412 3868 meum
2437 3798 2604 3869 ministe-

572 3926 650 3974 non
666 3898 847 3993 apperuit,
879 3909 919 3966 ut
939 3906 1028 3965 esset
1052 3893 1248 3983 legislator,
1280 3894 1340 3961 sed
1364 3892 1468 3961 affert
1490 3891 1559 3960 alia
1613 3895 1706 3963 rium
1722 3892 1907 3984 spirituale
1923 3907 1993 3979 est,
2018 3896 2124 3966 iubeo
2136 3918 2199 3966 vos
2218 3897 2329 3985 legem
2346 3899 2483 3979 audire,
2508 3922 2603 3993 quae

572 4017 716 4079 aeterua
730 3999 919 4089 beneficia,
945 3995 1143 4067 doctrinam
1167 3993 1351 4063 coelestem
1372 3996 1417 4063 de
1433 3993 1562 4063 volun·
1613 4016 1782 4089 exaequo
1797 3994 1930 4066 iudicat
1950 4019 2095 4083 omues,
2119 3997 2183 4089 qui
2198 4021 2273 4069 uon
2288 4013 2397 4089 sguut
2411 4003 2603 4093 poeniteu-

573 4118 645 4179 sate
660 4102 747 4189 Ilei,
774 4104 819 4171 de
833 4098 1038 4170 remissione
1062 4107 1305 4188 peccatorum,
1330 4095 1559 4165 donationem
1614 4096 1718 4176 tiam,
1751 4108 1786 4167 et
1808 4098 2021 4187 pronunciat
2043 4122 2121 4169 reos
2143 4098 2217 4170 irse
2231 4114 2268 4173 et
2283 4102 2410 4171 mortis
2425 4116 2604 4180 aeternae.

573 4206 732 4299 Spiritus
746 4202 875 4285 sancti,
900 4214 935 4270 et
948 4198 1185 4279 incoationem
1209 4220 1323 4267 novae
1343 4211 1379 4267 et
1398 4211 1561 4267 aeternae
1614 4193 1694 4267 Hoc
1709 4197 1808 4288 prius
1826 4199 2041 4289 agnoscetis,
2065 4214 2102 4271 et
2123 4199 2234 4291 legem
2257 4202 2301 4271 de
2316 4204 2419 4273 vobis
2435 4205 2604 4276 iudican-

573 4306 732 4378 iusticias
746 4305 785 4373 in
803 4303 969 4373 cordibus
991 4299 1222 4370 credentium.
1274 4297 1421 4370 interim
1442 4312 1561 4368 tamen
1613 4310 1684 4369 tem
1701 4298 1866 4386 audiatis,
1893 4324 2001 4396 quam
2019 4301 2182 4375 miseram
2197 4301 2292 4373 hsnc
2310 4306 2497 4377 mulierem
2514 4331 2605 4378 con-

574 4407 737 4481 concedit
759 4406 829 4497 piis
852 4402 890 4472 in
918 4400 1080 4472 haesita
1110 4400 1286 4489 corporali
1310 4399 1365 4471 uti
1393 4398 1561 4489 legitimis
1616 4400 1801 4475 demnetis.

574 4508 862 4583 ordinationibus
876 4504 1040 4598 politicis,
1065 4497 1233 4573 sicuthac
1248 4503 1338 4582 luce,
1361 4506 1453 4584 aire,
1479 4500 1560 4569 'cibo
1713 4500 1794 4573 Hoc
1821 4514 1857 4573 et
1883 4502 1961 4595 ipso
1987 4517 2103 4594 gestu,
2139 4528 2220 4577 cum
2243 4506 2365 4579 scribit
2396 4508 2605 4597 interram,

575 4626 612 4683 et
634 4623 739 4703 potu,
779 4622 814 4679 et
834 4607 1009 4677 similibus
1034 4605 1140 4674 rebus
1161 4604 1365 4674 necessariis
1384 4604 1428 4671 ad
1451 4600 1560 4670 vitam
1615 4602 1713 4674 velut
1735 4605 1836 4693 signo
1860 4604 2009 4691 indicat,
2043 4607 2207 4679 videlicet
2227 4608 2498 4685 admonenseos
2514 4612 2605 4701 legis

575 4711 809 4805 corporalem.
869 4708 981 4777 Modo
1006 4706 1116 4776 sciant
1140 4706 1209 4796 pii,
1248 4705 1287 4773 in
1314 4699 1371 4774 his
1392 4726 1468 4772 non
1488 4724 1562 4771 esse
1614 4705 1805 4776 iudicantis
1822 4708 2029 4779 interiorem
2045 4702 2262 4802 hypocrisin,
2287 4723 2320 4779 et
2335 4710 2606 4785 immunditiem

574 4816 682 4887 situm
703 4834 849 4901 regnum
863 4805 1017 4888 Christi,
1043 4809 1101 4876 sed
1120 4806 1388 4876 discernendam
1411 4826 1484 4873 esse
1498 4805 1561 4872 sd·
1614 4807 1748 4893 cordis,
1768 4830 1873 4901 mam
1893 4809 1998 4881 tacite
2023 4807 2195 4898 significat
2210 4834 2229 4879 s
2244 4807 2321 4881 Deo
2339 4815 2436 4883 cerni
2453 4828 2487 4885 et
2504 4815 2604 4885 iudi-

573 4915 872 4987 ministrationem
903 4910 1129 5001 politicarum
1157 4931 1297 4992 rerum,
1324 4904 1562 4976 aministerio
1613 4908 1705 4993 cari,
1738 4910 1876 4979 etiamsi
1901 4904 2064 4980 homines
2084 4932 2159 4981 non
2183 4911 2361 5005 iudicant,
2396 4915 2487 4985 sicut
2514 4917 2606 4987 alibi

573 5015 784 5106 Evangelii,
814 5037 880 5082 uec
895 5011 1145 5082 confundenda
1163 5031 1236 5077 esse
1252 5002 1339 5077 haee
1354 5008 1561 5087 ministeria,
1614 5008 1846 5081 concionatur
1860 5012 1991 5081 talibus
2000 5012 2013 5081 s
2036 5009 2110 5081 Vos
2127 5014 2210 5085 estis
2224 5016 2287 5105 qui
2310 5015 2503 5087 iustifiestis
2520 5040 2604 5089 vos·
2658 5086 2659 5091 ,

574 5115 936 5207 sicutAnabaptistae
961 5126 997 5182 et
1017 5112 1169 5193 similes,
1203 5122 1383 5199 praetextu
1400 5107 1562 5178 ministe-
1614 5111 1781 5202 metipsos
1812 5134 1930 5181 coram
1955 5107 2175 5191 bominibus.
2224 5111 2330 5187 'Deus
2357 5130 2474 5187 autem
2499 5121 2604 5192 novit
2658 5148 2659 5187 ξ

574 5222 642 5309 rii,
667 5212 955 5310 reprehendunt,
981 5226 1040 5283 aut
1063 5225 1200 5281 mutant
1222 5210 1394 5300 legitimas
1415 5210 1562 5280 ordina·
1614 5214 1877 5285 cordavestra.
1946 5212 2054 5300 Quod
2089 5229 2206 5285 autem
2234 5217 2273 5285 iu
2302 5230 2432 5288 terram
2464 5220 2604 5306 scribit,

575 5324 691 5396 tiones
708 5326 751 5389 de
769 5318 931 5402 decimis,
966 5312 1221 5393 contractibus,
1253 5328 1314 5380 ant
1338 5335 1449 5383 uovss
1470 5311 1563 5400 leges
1615 5313 1873 5402 simplicissime
1905 5314 2093 5403 significari
2130 5316 2310 5402 existimo,
2358 5320 2453 5413 quod
2489 5322 2604 5393 simili

575 5422 738 5496 sanciunt
753 5422 797 5489 de
812 5415 1063 5488 commuuione
1078 5436 1218 5497 terum,
1243 5415 1287 5483 de
1311 5413 1471 5492 iudiciis,
1498 5426 1562 5487 stc.
1614 5414 1735 5504 phrasi
1760 5414 1928 5485 Ieremias
1952 5416 2090 5485 decimo
2114 5420 2263 5509 septimo
2297 5421 2445 5493 dicitur:
2486 5420 2604 5494 Rece-

575 5523 651 5597 Aut
666 5536 705 5593 ut
720 5520 907 5591 Pontifices
921 5514 1095 5597 Romani,
1117 5529 1295 5603 praetextu
1312 5514 1491 5607 potestatis
1506 5536 1563 5583 ec·
1616 5517 1738 5584 dentes
1762 5516 1826 5585 abs
1850 5528 1905 5601 te,
1940 5516 1979 5587 in
2011 5530 2103 5589 terra
2133 5519 2352 5603 scribentur,
2379 5534 2446 5597 etc.
2499 5520 2604 5612 Quae

575 5623 806 5712 clesiasticae,
847 5620 915 5688 sibi
950 5629 1153 5685 sumserunt
1180 5619 1312 5706 regiam
1348 5615 1563 5686 dominatio·
1615 5609 1755 5708 phrasis
1776 5617 1937 5706 opposita
1958 5630 2010 5689 est
2031 5619 2104 5705 illi,
2139 5642 2208 5713 qus
2229 5621 2315 5691 alibi
2341 5621 2489 5697 dicitur:
2524 5624 2602 5699 No.

576 5750 679 5810 uem,
705 5734 915 5811 arrogarunt
929 5717 998 5788 sibi
1015 5718 1070 5787 ius
1085 5717 1264 5790 adimendi
1280 5740 1408 5807 regua,
1431 5716 1562 5809 quibus
1616 5716 1715 5785 mina
1731 5730 1845 5787 vestra
1862 5719 1990 5809 scripta
2006 5721 2140 5792 suntin
2154 5721 2279 5803 coelis,
2312 5724 2477 5795 videlicet
2497 5741 2538 5798 ut
2560 5728 2600 5799 in

576 5827 729 5911 velient,
753 5822 847 5894 etad
873 5821 961 5890 alios
983 5818 1238 5937 transferendi,
1263 5831 1327 5892 etc.
1377 5816 1447 5893 His
1463 5840 1562 5891 ecro-
1616 5830 1746 5891 terram
1763 5819 1888 5907 scribi,
1914 5820 2090 5914 significet
2103 5822 2189 5897 tales
2210 5844 2328 5897 coram
2343 5822 2421 5899 Deo
2442 5850 2518 5901 non
2535 5824 2601 5903 hs-
