<?xml version="1.0" encoding="UTF-8"?>
<!DOCTYPE html PUBLIC "-//W3C//DTD XHTML 1.0 Transitional//EN"
    "http://www.w3.org/TR/xhtml1/DTD/xhtml1-transitional.dtd">
<html xmlns="http://www.w3.org/1999/xhtml" xml:lang="en" lang="en">
 <head>
  <title>
</title>
<meta http-equiv="Content-Type" content="text/html;charset=utf-8" />
  <meta name='ocr-system' content='tesseract 3.04.00' />
  <meta name='ocr-capabilities' content='ocr_page ocr_carea ocr_par ocr_line ocrx_word'/>
</head>
<body>
  <div class='ocr_page' id='page_1' title='image "./philippimelanth08bindgoog_0709.png"; bbox 0 0 5825 6950; ppageno 0'>
   <div class='ocr_carea' id='block_1_1' title="bbox 462 2794 1571 2892">
    <p class='ocr_par' dir='ltr' id='par_1_1' title="bbox 462 2794 1571 2892">
     <span class='ocr_line' id='line_1_1' title="bbox 462 2794 1571 2892; baseline -0.011 -17"><span class='ocrx_word' id='word_1_1' title='bbox 462 2878 468 2885; x_wconf 67' lang='grc'>,</span> <span class='ocrx_word' id='word_1_2' title='bbox 585 2813 831 2892; x_wconf 75' lang='lat' dir='ltr'><strong>propugnante</strong></span> <span class='ocrx_word' id='word_1_3' title='bbox 863 2795 1092 2888; x_wconf 72' lang='lat' dir='ltr'>pertinaciter</span> <span class='ocrx_word' id='word_1_4' title='bbox 1119 2794 1213 2864; x_wconf 89' lang='lat' dir='ltr'>idola</span> <span class='ocrx_word' id='word_1_5' title='bbox 1238 2808 1272 2864; x_wconf 89' lang='lat' dir='ltr'>et</span> <span class='ocrx_word' id='word_1_6' title='bbox 1296 2797 1477 2865; x_wconf 78' lang='lat' dir='ltr'>mendacia</span> <span class='ocrx_word' id='word_1_7' title='bbox 1505 2820 1571 2885; x_wconf 90' lang='lat' dir='ltr'>pu-</span> 
     </span>
    </p>
   </div>
   <div class='ocr_carea' id='block_1_2' title="bbox 561 670 2575 765">
    <p class='ocr_par' dir='ltr' id='par_1_2' title="bbox 561 670 2575 765">
     <span class='ocr_line' id='line_1_2' title="bbox 561 670 2575 765; baseline -0.002 0"><span class='ocrx_word' id='word_1_8' title='bbox 561 682 662 765; x_wconf 81' lang='lat' dir='ltr'>tstt</span> <span class='ocrx_word' id='word_1_9' title='bbox 769 730 774 737; x_wconf 79' lang='lat'><strong>·</strong></span> <span class='ocrx_word' id='word_1_10' title='bbox 1024 718 1029 729; x_wconf 87' lang='lat'><strong>·</strong></span> <span class='ocrx_word' id='word_1_11' title='bbox 1127 676 1255 752; x_wconf 62' lang='lat' dir='ltr'>emt.</span> <span class='ocrx_word' id='word_1_12' title='bbox 1283 678 1401 759; x_wconf 77' lang='lat' dir='ltr'>stnt.</span> <span class='ocrx_word' id='word_1_13' title='bbox 1426 670 1644 755; x_wconf 80' lang='lat' dir='ltr'>SCRIPTA</span> <span class='ocrx_word' id='word_1_14' title='bbox 1670 672 1973 757; x_wconf 70' lang='lat' dir='ltr'>nmunrlca.</span> <span class='ocrx_word' id='word_1_15' title='bbox 2498 682 2575 761; x_wconf 82' lang='lat' dir='ltr'>tttt</span> 
     </span>
    </p>
   </div>
   <div class='ocr_carea' id='block_1_3' title="bbox 461 844 2645 4012">
    <p class='ocr_par' dir='ltr' id='par_1_3' title="bbox 461 844 2645 3609">
     <span class='ocr_line' id='line_1_3' title="bbox 568 844 2581 951; baseline -0.003 -21"><span class='ocrx_word' id='word_1_16' title='bbox 568 881 680 951; x_wconf 73' lang='lat' dir='ltr'>genus</span> <span class='ocrx_word' id='word_1_17' title='bbox 702 850 902 927; x_wconf 86' lang='lat' dir='ltr'>homanum</span> <span class='ocrx_word' id='word_1_18' title='bbox 928 861 1070 943; x_wconf 80' lang='lat' dir='ltr'>pereat,</span> <span class='ocrx_word' id='word_1_19' title='bbox 1094 849 1201 942; x_wconf 87' lang='lat' dir='ltr'>eripit</span> <span class='ocrx_word' id='word_1_20' title='bbox 1222 862 1258 921; x_wconf 88' lang='lat' dir='ltr'>et</span> <span class='ocrx_word' id='word_1_21' title='bbox 1281 862 1398 921; x_wconf 82' lang='lat' dir='ltr'>servat</span> <span class='ocrx_word' id='word_1_22' title='bbox 1419 852 1565 933; x_wconf 84' lang='lat' dir='ltr'>multos,</span> <span class='ocrx_word' id='word_1_23' title='bbox 1618 846 1686 923; x_wconf 89' lang='lat' dir='ltr'>boc</span> <span class='ocrx_word' id='word_1_24' title='bbox 1707 850 1843 922; x_wconf 89' lang='lat' dir='ltr'>dictum</span> <span class='ocrx_word' id='word_1_25' title='bbox 1866 864 1919 922; x_wconf 82' lang='lat' dir='ltr'>eet</span> <span class='ocrx_word' id='word_1_26' title='bbox 1941 844 2072 921; x_wconf 86' lang='lat' dir='ltr'>Matth.</span> <span class='ocrx_word' id='word_1_27' title='bbox 2092 848 2171 922; x_wconf 71' lang='lat' dir='ltr'>tt:</span> <span class='ocrx_word' id='word_1_28' title='bbox 2203 846 2313 922; x_wconf 85' lang='lat' dir='ltr'>lione</span> <span class='ocrx_word' id='word_1_29' title='bbox 2338 851 2464 925; x_wconf 86' lang='lat' dir='ltr'>audite.</span> <span class='ocrx_word' id='word_1_30' title='bbox 2511 851 2581 925; x_wconf 87' lang='lat' dir='ltr'>lten</span> 
     </span>
     <span class='ocr_line' id='line_1_4' title="bbox 572 948 2582 1048; baseline -0.005 -13"><span class='ocrx_word' id='word_1_31' title='bbox 572 978 608 1035; x_wconf 85' lang='lat' dir='ltr'>et</span> <span class='ocrx_word' id='word_1_32' title='bbox 621 960 773 1032; x_wconf 91' lang='lat' dir='ltr'>subinde</span> <span class='ocrx_word' id='word_1_33' title='bbox 789 958 963 1028; x_wconf 85' lang='lat' dir='ltr'>instaurat</span> <span class='ocrx_word' id='word_1_34' title='bbox 981 951 1186 1039; x_wconf 71' lang='lat' dir='ltr'>Ecclesiam,</span> <span class='ocrx_word' id='word_1_35' title='bbox 1211 952 1295 1024; x_wconf 90' lang='lat' dir='ltr'>ideo</span> <span class='ocrx_word' id='word_1_36' title='bbox 1309 954 1355 1023; x_wconf 89' lang='lat' dir='ltr'>de</span> <span class='ocrx_word' id='word_1_37' title='bbox 1370 948 1440 1024; x_wconf 88' lang='lat' dir='ltr'>hoc</span> <span class='ocrx_word' id='word_1_38' title='bbox 1454 969 1565 1048; x_wconf 84' lang='lat' dir='ltr'>parvo</span> <span class='ocrx_word' id='word_1_39' title='bbox 1621 954 1696 1044; x_wconf 86' lang='lat' dir='ltr'>ipse</span> <span class='ocrx_word' id='word_1_40' title='bbox 1713 954 1831 1048; x_wconf 87' lang='lat' dir='ltr'>inquit</span> <span class='ocrx_word' id='word_1_41' title='bbox 1848 948 1973 1027; x_wconf 84' lang='lat' dir='ltr'>iehan.</span> <span class='ocrx_word' id='word_1_42' title='bbox 1993 950 2067 1025; x_wconf 67' lang='lat' dir='ltr'>l‘ln</span> <span class='ocrx_word' id='word_1_43' title='bbox 2096 952 2202 1025; x_wconf 85' lang='lat' dir='ltr'>Pater</span> <span class='ocrx_word' id='word_1_44' title='bbox 2217 954 2393 1025; x_wconf 81' lang='lat' dir='ltr'>sanctifica</span> <span class='ocrx_word' id='word_1_45' title='bbox 2413 978 2470 1025; x_wconf 90' lang='lat' dir='ltr'>eos</span> <span class='ocrx_word' id='word_1_46' title='bbox 2488 956 2521 1025; x_wconf 89' lang='lat' dir='ltr'>in</span> <span class='ocrx_word' id='word_1_47' title='bbox 2536 982 2582 1027; x_wconf 80' lang='lat' dir='ltr'>ee·</span> 
     </span>
     <span class='ocr_line' id='line_1_5' title="bbox 574 1050 2583 1148; baseline -0.003 -13"><span class='ocrx_word' id='word_1_48' title='bbox 574 1078 678 1137; x_wconf 88' lang='lat' dir='ltr'>coetu</span> <span class='ocrx_word' id='word_1_49' title='bbox 694 1058 938 1133; x_wconf 84' lang='lat' dir='ltr'>invocantium</span> <span class='ocrx_word' id='word_1_50' title='bbox 963 1055 1097 1127; x_wconf 90' lang='lat' dir='ltr'>dicitur</span> <span class='ocrx_word' id='word_1_51' title='bbox 1118 1052 1282 1126; x_wconf 74' lang='lat' dir='ltr'>Danielis</span> <span class='ocrx_word' id='word_1_52' title='bbox 1302 1056 1377 1129; x_wconf 87' lang='lat' dir='ltr'>tt.:</span> <span class='ocrx_word' id='word_1_53' title='bbox 1402 1050 1449 1127; x_wconf 88' lang='lat' dir='ltr'>Et</span> <span class='ocrx_word' id='word_1_54' title='bbox 1469 1056 1567 1127; x_wconf 87' lang='lat' dir='ltr'>docti</span> <span class='ocrx_word' id='word_1_55' title='bbox 1618 1056 1742 1148; x_wconf 89' lang='lat' dir='ltr'>ritate,</span> <span class='ocrx_word' id='word_1_56' title='bbox 1775 1055 1901 1128; x_wconf 88' lang='lat' dir='ltr'>Sermo</span> <span class='ocrx_word' id='word_1_57' title='bbox 1920 1070 2004 1127; x_wconf 90' lang='lat' dir='ltr'>tuns</span> <span class='ocrx_word' id='word_1_58' title='bbox 2018 1069 2070 1126; x_wconf 86' lang='lat' dir='ltr'>est</span> <span class='ocrx_word' id='word_1_59' title='bbox 2086 1056 2228 1130; x_wconf 82' lang='lat' dir='ltr'>veritas.</span> <span class='ocrx_word' id='word_1_60' title='bbox 2278 1053 2583 1132; x_wconf 64' lang='lat' dir='ltr'>transmutata:</span> 
     </span>
     <span class='ocr_line' id='line_1_6' title="bbox 573 1154 2584 1260; baseline -0.003 -23"><span class='ocrx_word' id='word_1_61' title='bbox 573 1167 614 1237; x_wconf 91' lang='lat' dir='ltr'>in</span> <span class='ocrx_word' id='word_1_62' title='bbox 631 1166 765 1260; x_wconf 91' lang='lat' dir='ltr'>populo</span> <span class='ocrx_word' id='word_1_63' title='bbox 786 1162 967 1233; x_wconf 87' lang='lat' dir='ltr'>docebunt</span> <span class='ocrx_word' id='word_1_64' title='bbox 986 1159 1139 1248; x_wconf 86' lang='lat' dir='ltr'>multos,</span> <span class='ocrx_word' id='word_1_65' title='bbox 1165 1173 1199 1230; x_wconf 91' lang='lat' dir='ltr'>et</span> <span class='ocrx_word' id='word_1_66' title='bbox 1216 1171 1322 1231; x_wconf 88' lang='lat' dir='ltr'>ruent</span> <span class='ocrx_word' id='word_1_67' title='bbox 1340 1158 1378 1228; x_wconf 92' lang='lat' dir='ltr'>in</span> <span class='ocrx_word' id='word_1_68' title='bbox 1397 1158 1515 1249; x_wconf 76' lang='lat' dir='ltr'>gladio</span> <span class='ocrx_word' id='word_1_69' title='bbox 1532 1172 1567 1229; x_wconf 91' lang='lat' dir='ltr'>et</span> <span class='ocrx_word' id='word_1_70' title='bbox 1619 1157 1765 1230; x_wconf 81' lang='lat' dir='ltr'>Frustra</span> <span class='ocrx_word' id='word_1_71' title='bbox 1781 1159 1904 1231; x_wconf 88' lang='lat' dir='ltr'>colunt</span> <span class='ocrx_word' id='word_1_72' title='bbox 1920 1159 2169 1231; x_wconf 88' lang='lat' dir='ltr'>memandatis</span> <span class='ocrx_word' id='word_1_73' title='bbox 2183 1154 2382 1235; x_wconf 86' lang='lat' dir='ltr'>hominurn.</span> <span class='ocrx_word' id='word_1_74' title='bbox 2422 1158 2584 1234; x_wconf 80' lang='lat' dir='ltr'>ldeolalsa</span> 
     </span>
     <span class='ocr_line' id='line_1_7' title="bbox 573 1258 2585 1352; baseline -0.002 -13"><span class='ocrx_word' id='word_1_75' title='bbox 573 1270 728 1341; x_wconf 83' lang='lat' dir='ltr'>flamma.</span> <span class='ocrx_word' id='word_1_76' title='bbox 1620 1276 1652 1331; x_wconf 91' lang='lat' dir='ltr'>et</span> <span class='ocrx_word' id='word_1_77' title='bbox 1669 1262 1776 1351; x_wconf 88' lang='lat' dir='ltr'>impia</span> <span class='ocrx_word' id='word_1_78' title='bbox 1792 1276 1845 1332; x_wconf 89' lang='lat' dir='ltr'>est</span> <span class='ocrx_word' id='word_1_79' title='bbox 1860 1261 2067 1352; x_wconf 85' lang='lat' dir='ltr'>imaginatio</span> <span class='ocrx_word' id='word_1_80' title='bbox 2084 1258 2364 1352; x_wconf 83' lang='lat' dir='ltr'>Episcoporurn,</span> <span class='ocrx_word' id='word_1_81' title='bbox 2389 1276 2422 1333; x_wconf 88' lang='lat' dir='ltr'>et</span> <span class='ocrx_word' id='word_1_82' title='bbox 2435 1264 2585 1334; x_wconf 77' lang='lat' dir='ltr'>similium</span> 
     </span>
     <span class='ocr_line' id='line_1_8' title="bbox 678 1358 2587 1463; baseline -0.002 -24"><span class='ocrx_word' id='word_1_83' title='bbox 678 1369 829 1441; x_wconf 80' lang='lat' dir='ltr'>Manent</span> <span class='ocrx_word' id='word_1_84' title='bbox 851 1379 968 1437; x_wconf 84' lang='lat' dir='ltr'>sotem</span> <span class='ocrx_word' id='word_1_85' title='bbox 991 1364 1028 1433; x_wconf 91' lang='lat' dir='ltr'>iu</span> <span class='ocrx_word' id='word_1_86' title='bbox 1052 1358 1116 1432; x_wconf 79' lang='lat' dir='ltr'>hac</span> <span class='ocrx_word' id='word_1_87' title='bbox 1140 1362 1230 1445; x_wconf 87' lang='lat' dir='ltr'>vita,</span> <span class='ocrx_word' id='word_1_88' title='bbox 1274 1377 1310 1433; x_wconf 91' lang='lat' dir='ltr'>et</span> <span class='ocrx_word' id='word_1_89' title='bbox 1331 1361 1370 1432; x_wconf 92' lang='lat' dir='ltr'>in</span> <span class='ocrx_word' id='word_1_90' title='bbox 1393 1358 1460 1432; x_wconf 87' lang='lat' dir='ltr'>hae</span> <span class='ocrx_word' id='word_1_91' title='bbox 1485 1386 1566 1433; x_wconf 87' lang='lat' dir='ltr'>vera</span> <span class='ocrx_word' id='word_1_92' title='bbox 1620 1364 1680 1457; x_wconf 84' lang='lat' dir='ltr'>qui</span> <span class='ocrx_word' id='word_1_93' title='bbox 1699 1364 1865 1435; x_wconf 85' lang='lat' dir='ltr'>tribuunt</span> <span class='ocrx_word' id='word_1_94' title='bbox 1881 1361 2067 1463; x_wconf 74' lang='lat' dir='ltr'>Episcopiq</span> <span class='ocrx_word' id='word_1_95' title='bbox 2083 1378 2144 1435; x_wconf 87' lang='lat' dir='ltr'>aut</span> <span class='ocrx_word' id='word_1_96' title='bbox 2163 1364 2243 1433; x_wconf 85' lang='lat' dir='ltr'>aliis</span> <span class='ocrx_word' id='word_1_97' title='bbox 2260 1378 2462 1456; x_wconf 83' lang='lat' dir='ltr'>potestatem</span> <span class='ocrx_word' id='word_1_98' title='bbox 2477 1368 2587 1437; x_wconf 87' lang='lat' dir='ltr'>consti·</span> 
     </span>
     <span class='ocr_line' id='line_1_9' title="bbox 575 1466 2034 1559; baseline -0.005 -13"><span class='ocrx_word' id='word_1_99' title='bbox 575 1470 735 1547; x_wconf 76' lang='lat' dir='ltr'>Ecclesia</span> <span class='ocrx_word' id='word_1_100' title='bbox 755 1468 889 1539; x_wconf 88' lang='lat' dir='ltr'>multae</span> <span class='ocrx_word' id='word_1_101' title='bbox 906 1467 1147 1549; x_wconf 86' lang='lat' dir='ltr'>infirmitates,</span> <span class='ocrx_word' id='word_1_102' title='bbox 1182 1480 1216 1536; x_wconf 87' lang='lat' dir='ltr'>et</span> <span class='ocrx_word' id='word_1_103' title='bbox 1241 1466 1385 1559; x_wconf 91' lang='lat' dir='ltr'>quidem</span> <span class='ocrx_word' id='word_1_104' title='bbox 1411 1466 1566 1535; x_wconf 82' lang='lat' dir='ltr'>seniores</span> <span class='ocrx_word' id='word_1_105' title='bbox 1622 1467 1752 1537; x_wconf 89' lang='lat' dir='ltr'>tuendi·</span> <span class='ocrx_word' id='word_1_106' title='bbox 1771 1489 1883 1535; x_wconf 88' lang='lat' dir='ltr'>novos</span> <span class='ocrx_word' id='word_1_107' title='bbox 1906 1466 2034 1540; x_wconf 88' lang='lat' dir='ltr'>cultus.</span> 
     </span>
     <span class='ocr_line' id='line_1_10' title="bbox 576 1565 2587 1666; baseline -0.002 -19"><span class='ocrx_word' id='word_1_108' title='bbox 576 1579 689 1666; x_wconf 82' lang='lat' dir='ltr'>tnagis</span> <span class='ocrx_word' id='word_1_109' title='bbox 711 1585 906 1664; x_wconf 82' lang='lat' dir='ltr'>agnoscunt</span> <span class='ocrx_word' id='word_1_110' title='bbox 929 1585 962 1640; x_wconf 87' lang='lat' dir='ltr'>et</span> <span class='ocrx_word' id='word_1_111' title='bbox 986 1568 1172 1657; x_wconf 83' lang='lat' dir='ltr'>deplorant</span> <span class='ocrx_word' id='word_1_112' title='bbox 1187 1592 1285 1637; x_wconf 88' lang='lat' dir='ltr'>snam</span> <span class='ocrx_word' id='word_1_113' title='bbox 1300 1569 1506 1658; x_wconf 77' lang='lat' dir='ltr'>caliginem,</span> <span class='ocrx_word' id='word_1_114' title='bbox 1533 1580 1568 1639; x_wconf 87' lang='lat' dir='ltr'>et</span> <span class='ocrx_word' id='word_1_115' title='bbox 1723 1565 1785 1639; x_wconf 88' lang='lat' dir='ltr'>Est</span> <span class='ocrx_word' id='word_1_116' title='bbox 1805 1583 1922 1639; x_wconf 86' lang='lat' dir='ltr'>autern</span> <span class='ocrx_word' id='word_1_117' title='bbox 1946 1570 2064 1639; x_wconf 89' lang='lat' dir='ltr'>debita</span> <span class='ocrx_word' id='word_1_118' title='bbox 2087 1568 2292 1639; x_wconf 87' lang='lat' dir='ltr'>obedientia</span> <span class='ocrx_word' id='word_1_119' title='bbox 2317 1568 2355 1637; x_wconf 90' lang='lat' dir='ltr'>in</span> <span class='ocrx_word' id='word_1_120' title='bbox 2388 1570 2477 1651; x_wconf 88' lang='lat' dir='ltr'>illis,</span> <span class='ocrx_word' id='word_1_121' title='bbox 2515 1596 2587 1663; x_wconf 85' lang='lat' dir='ltr'>quae</span> 
     </span>
     <span class='ocr_line' id='line_1_11' title="bbox 578 1667 2587 1763; baseline -0.003 -14"><span class='ocrx_word' id='word_1_122' title='bbox 578 1679 752 1760; x_wconf 84' lang='lat' dir='ltr'>alienam,</span> <span class='ocrx_word' id='word_1_123' title='bbox 791 1687 823 1743; x_wconf 91' lang='lat' dir='ltr'>et</span> <span class='ocrx_word' id='word_1_124' title='bbox 851 1694 932 1743; x_wconf 88' lang='lat' dir='ltr'>suas</span> <span class='ocrx_word' id='word_1_125' title='bbox 968 1675 1102 1751; x_wconf 65' lang='lat' dir='ltr'>sordes,</span> <span class='ocrx_word' id='word_1_126' title='bbox 1167 1668 1250 1742; x_wconf 88' lang='lat' dir='ltr'>ideo</span> <span class='ocrx_word' id='word_1_127' title='bbox 1284 1672 1401 1763; x_wconf 90' lang='lat' dir='ltr'>inquit</span> <span class='ocrx_word' id='word_1_128' title='bbox 1436 1667 1569 1739; x_wconf 87' lang='lat' dir='ltr'>Paulus</span> <span class='ocrx_word' id='word_1_129' title='bbox 1623 1672 1827 1761; x_wconf 84' lang='lat' dir='ltr'>propriead</span> <span class='ocrx_word' id='word_1_130' title='bbox 1853 1670 2076 1740; x_wconf 85' lang='lat' dir='ltr'>miniserinm</span> <span class='ocrx_word' id='word_1_131' title='bbox 2099 1673 2297 1763; x_wconf 89' lang='lat' dir='ltr'>pertinent,</span> <span class='ocrx_word' id='word_1_132' title='bbox 2324 1673 2458 1743; x_wconf 89' lang='lat' dir='ltr'>sancita</span> <span class='ocrx_word' id='word_1_133' title='bbox 2479 1673 2513 1743; x_wconf 91' lang='lat' dir='ltr'>in</span> <span class='ocrx_word' id='word_1_134' title='bbox 2535 1670 2587 1743; x_wconf 90' lang='lat' dir='ltr'>hoc</span> 
     </span>
     <span class='ocr_line' id='line_1_12' title="bbox 582 1771 2587 1867; baseline -0.003 -16"><span class='ocrx_word' id='word_1_135' title='bbox 582 1781 615 1852; x_wconf 88' lang='grc'>1.</span> <span class='ocrx_word' id='word_1_136' title='bbox 628 1772 793 1854; x_wconf 80' lang='lat' dir='ltr'>Coriutlt.</span> <span class='ocrx_word' id='word_1_137' title='bbox 809 1777 862 1849; x_wconf 79' lang='lat'>3.:</span> <span class='ocrx_word' id='word_1_138' title='bbox 892 1772 965 1843; x_wconf 81' lang='lat' dir='ltr'>Alii</span> <span class='ocrx_word' id='word_1_139' title='bbox 982 1795 1090 1867; x_wconf 88' lang='lat' dir='ltr'>super</span> <span class='ocrx_word' id='word_1_140' title='bbox 1107 1772 1379 1843; x_wconf 79' lang='lat' dir='ltr'>fundamentum</span> <span class='ocrx_word' id='word_1_141' title='bbox 1399 1784 1567 1841; x_wconf 84' lang='lat' dir='ltr'>extruunt</span> <span class='ocrx_word' id='word_1_142' title='bbox 1621 1773 1735 1858; x_wconf 90' lang='lat' dir='ltr'>dicto,</span> <span class='ocrx_word' id='word_1_143' title='bbox 1760 1771 1878 1843; x_wconf 85' lang='lat' dir='ltr'>Lucae</span> <span class='ocrx_word' id='word_1_144' title='bbox 1898 1772 1973 1847; x_wconf 84' lang='lat'>10.:</span> <span class='ocrx_word' id='word_1_145' title='bbox 2000 1772 2074 1861; x_wconf 87' lang='lat' dir='ltr'>Qui</span> <span class='ocrx_word' id='word_1_146' title='bbox 2093 1798 2155 1843; x_wconf 88' lang='lat' dir='ltr'>vos</span> <span class='ocrx_word' id='word_1_147' title='bbox 2176 1774 2294 1854; x_wconf 85' lang='lat' dir='ltr'>audit,</span> <span class='ocrx_word' id='word_1_148' title='bbox 2321 1798 2378 1843; x_wconf 89' lang='lat' dir='ltr'>me</span> <span class='ocrx_word' id='word_1_149' title='bbox 2395 1775 2508 1858; x_wconf 74' lang='lat' dir='ltr'>ecidit,</span> <span class='ocrx_word' id='word_1_150' title='bbox 2531 1774 2587 1865; x_wconf 84' lang='lat' dir='ltr'>Qui</span> 
     </span>
     <span class='ocr_line' id='line_1_13' title="bbox 580 1873 2587 1974; baseline -0.004 -21"><span class='ocrx_word' id='word_1_151' title='bbox 580 1906 725 1965; x_wconf 87' lang='lat' dir='ltr'>aurum,</span> <span class='ocrx_word' id='word_1_152' title='bbox 759 1880 1048 1966; x_wconf 86' lang='lat' dir='ltr'>aliiargentum,</span> <span class='ocrx_word' id='word_1_153' title='bbox 1092 1874 1153 1943; x_wconf 88' lang='lat' dir='ltr'>alii</span> <span class='ocrx_word' id='word_1_154' title='bbox 1178 1876 1336 1974; x_wconf 83' lang='lat' dir='ltr'>stipulas.</span> <span class='ocrx_word' id='word_1_155' title='bbox 1388 1874 1568 1944; x_wconf 81' lang='lat' dir='ltr'>Eetruunt</span> <span class='ocrx_word' id='word_1_156' title='bbox 1623 1877 2083 1966; x_wconf 89' lang='lat' dir='ltr'>vosspernit,mespernit.</span> <span class='ocrx_word' id='word_1_157' title='bbox 2137 1873 2587 1947; x_wconf 83' lang='lat' dir='ltr'>luhisdictisdeducituos</span> 
     </span>
     <span class='ocr_line' id='line_1_14' title="bbox 581 1973 2588 2069; baseline -0.004 -14"><span class='ocrx_word' id='word_1_158' title='bbox 581 2010 708 2055; x_wconf 86' lang='lat' dir='ltr'>aurum</span> <span class='ocrx_word' id='word_1_159' title='bbox 732 1996 764 2053; x_wconf 84' lang='lat' dir='ltr'>ct</span> <span class='ocrx_word' id='word_1_160' title='bbox 790 1994 993 2069; x_wconf 78' lang='lat' dir='ltr'>argetuum,</span> <span class='ocrx_word' id='word_1_161' title='bbox 1019 2002 1100 2063; x_wconf 87' lang='lat' dir='ltr'>cum</span> <span class='ocrx_word' id='word_1_162' title='bbox 1124 1978 1278 2047; x_wconf 81' lang='lat' dir='ltr'>refutant</span> <span class='ocrx_word' id='word_1_163' title='bbox 1296 1973 1455 2047; x_wconf 87' lang='lat' dir='ltr'>haereses</span> <span class='ocrx_word' id='word_1_164' title='bbox 1471 1992 1504 2047; x_wconf 92' lang='lat' dir='ltr'>et</span> <span class='ocrx_word' id='word_1_165' title='bbox 1523 1978 1566 2045; x_wconf 85' lang='lat' dir='ltr'>il·</span> <span class='ocrx_word' id='word_1_166' title='bbox 1624 1978 1802 2047; x_wconf 80' lang='lat' dir='ltr'>Dominus</span> <span class='ocrx_word' id='word_1_167' title='bbox 1827 1982 1869 2045; x_wconf 88' lang='lat' dir='ltr'>ad</span> <span class='ocrx_word' id='word_1_168' title='bbox 1896 1980 2006 2067; x_wconf 89' lang='lat' dir='ltr'>ipsam</span> <span class='ocrx_word' id='word_1_169' title='bbox 2025 1975 2210 2067; x_wconf 72' lang='lat' dir='ltr'>Evangelii</span> <span class='ocrx_word' id='word_1_170' title='bbox 2235 2002 2377 2060; x_wconf 87' lang='lat' dir='ltr'>vocem,</span> <span class='ocrx_word' id='word_1_171' title='bbox 2405 1984 2440 2047; x_wconf 84' lang='lat' dir='ltr'>se</span> <span class='ocrx_word' id='word_1_172' title='bbox 2456 1980 2588 2049; x_wconf 86' lang='lat' dir='ltr'>vultan-</span> 
     </span>
     <span class='ocr_line' id='line_1_15' title="bbox 580 2078 2589 2171; baseline -0.004 -13"><span class='ocrx_word' id='word_1_173' title='bbox 580 2090 732 2158; x_wconf 89' lang='lat' dir='ltr'>lnstrant</span> <span class='ocrx_word' id='word_1_174' title='bbox 745 2084 915 2156; x_wconf 88' lang='lat' dir='ltr'>articulos</span> <span class='ocrx_word' id='word_1_175' title='bbox 930 2080 1031 2163; x_wconf 87' lang='lat' dir='ltr'>fidei,</span> <span class='ocrx_word' id='word_1_176' title='bbox 1057 2078 1213 2169; x_wconf 81' lang='lat' dir='ltr'>Stipulas</span> <span class='ocrx_word' id='word_1_177' title='bbox 1229 2080 1392 2149; x_wconf 89' lang='lat' dir='ltr'>nominat</span> <span class='ocrx_word' id='word_1_178' title='bbox 1408 2080 1569 2171; x_wconf 85' lang='lat' dir='ltr'>contagia</span> <span class='ocrx_word' id='word_1_179' title='bbox 1622 2080 1692 2147; x_wconf 90' lang='lat' dir='ltr'>diri</span> <span class='ocrx_word' id='word_1_180' title='bbox 1711 2082 1747 2149; x_wconf 94' lang='lat' dir='ltr'>in</span> <span class='ocrx_word' id='word_1_181' title='bbox 1766 2080 2026 2171; x_wconf 89' lang='lat' dir='ltr'>praedicatione</span> <span class='ocrx_word' id='word_1_182' title='bbox 2051 2082 2315 2161; x_wconf 79' lang='lat' dir='ltr'>ministrorum,</span> <span class='ocrx_word' id='word_1_183' title='bbox 2343 2106 2408 2150; x_wconf 92' lang='lat' dir='ltr'>uec</span> <span class='ocrx_word' id='word_1_184' title='bbox 2432 2084 2589 2152; x_wconf 71' lang='lat' dir='ltr'>constitnit</span> 
     </span>
     <span class='ocr_line' id='line_1_16' title="bbox 580 2176 2590 2281; baseline -0.004 -22"><span class='ocrx_word' id='word_1_185' title='bbox 580 2189 812 2281; x_wconf 84' lang='lat' dir='ltr'>opinionum,</span> <span class='ocrx_word' id='word_1_186' title='bbox 844 2186 882 2255; x_wconf 91' lang='lat' dir='ltr'>in</span> <span class='ocrx_word' id='word_1_187' title='bbox 907 2183 1038 2277; x_wconf 89' lang='lat' dir='ltr'>quibus</span> <span class='ocrx_word' id='word_1_188' title='bbox 1056 2181 1191 2274; x_wconf 89' lang='lat' dir='ltr'>aliquid</span> <span class='ocrx_word' id='word_1_189' title='bbox 1211 2182 1342 2253; x_wconf 86' lang='lat' dir='ltr'>erroris</span> <span class='ocrx_word' id='word_1_190' title='bbox 1365 2198 1435 2266; x_wconf 90' lang='lat' dir='ltr'>est,</span> <span class='ocrx_word' id='word_1_191' title='bbox 1462 2198 1501 2253; x_wconf 90' lang='lat' dir='ltr'>nt</span> <span class='ocrx_word' id='word_1_192' title='bbox 1526 2184 1570 2251; x_wconf 90' lang='lat' dir='ltr'>de</span> <span class='ocrx_word' id='word_1_193' title='bbox 1623 2176 1707 2249; x_wconf 90' lang='lat' dir='ltr'>haec</span> <span class='ocrx_word' id='word_1_194' title='bbox 1726 2183 1898 2253; x_wconf 88' lang='lat' dir='ltr'>sententia</span> <span class='ocrx_word' id='word_1_195' title='bbox 1915 2206 2063 2271; x_wconf 80' lang='lat' dir='ltr'>regnum</span> <span class='ocrx_word' id='word_1_196' title='bbox 2080 2182 2225 2276; x_wconf 77' lang='lat' dir='ltr'>aliquod</span> <span class='ocrx_word' id='word_1_197' title='bbox 2251 2200 2344 2253; x_wconf 81' lang='lat' dir='ltr'>extra</span> <span class='ocrx_word' id='word_1_198' title='bbox 2366 2184 2590 2263; x_wconf 85' lang='lat' dir='ltr'>ministeriun,</span> 
     </span>
     <span class='ocr_line' id='line_1_17' title="bbox 581 2276 2591 2377; baseline -0.003 -18"><span class='ocrx_word' id='word_1_199' title='bbox 581 2290 823 2370; x_wconf 70' lang='lat' dir='ltr'>Cemmenus,</span> <span class='ocrx_word' id='word_1_200' title='bbox 866 2300 905 2357; x_wconf 88' lang='lat' dir='ltr'>nt</span> <span class='ocrx_word' id='word_1_201' title='bbox 931 2276 1082 2353; x_wconf 84' lang='lat' dir='ltr'>multum</span> <span class='ocrx_word' id='word_1_202' title='bbox 1106 2280 1317 2375; x_wconf 87' lang='lat' dir='ltr'>stipularum</span> <span class='ocrx_word' id='word_1_203' title='bbox 1346 2285 1570 2372; x_wconf 82' lang='lat' dir='ltr'>Augustinus</span> <span class='ocrx_word' id='word_1_204' title='bbox 1623 2284 1715 2355; x_wconf 87' lang='lat' dir='ltr'>sicut</span> <span class='ocrx_word' id='word_1_205' title='bbox 1736 2282 1906 2376; x_wconf 88' lang='lat' dir='ltr'>Episcopi</span> <span class='ocrx_word' id='word_1_206' title='bbox 1930 2285 2111 2377; x_wconf 87' lang='lat' dir='ltr'>postulant</span> <span class='ocrx_word' id='word_1_207' title='bbox 2137 2285 2379 2369; x_wconf 87' lang='lat' dir='ltr'>obedientiam</span> <span class='ocrx_word' id='word_1_208' title='bbox 2414 2287 2591 2359; x_wconf 85' lang='lat' dir='ltr'>traditioni·</span> 
     </span>
     <span class='ocr_line' id='line_1_18' title="bbox 581 2386 2591 2480; baseline -0.003 -17"><span class='ocrx_word' id='word_1_209' title='bbox 581 2394 692 2466; x_wconf 88' lang='lat' dir='ltr'>etalii</span> <span class='ocrx_word' id='word_1_210' title='bbox 710 2391 821 2462; x_wconf 89' lang='lat' dir='ltr'>sancti</span> <span class='ocrx_word' id='word_1_211' title='bbox 835 2412 943 2479; x_wconf 89' lang='lat' dir='ltr'>super</span> <span class='ocrx_word' id='word_1_212' title='bbox 956 2388 1228 2456; x_wconf 82' lang='lat' dir='ltr'>fundamentum</span> <span class='ocrx_word' id='word_1_213' title='bbox 1244 2402 1485 2457; x_wconf 84' lang='lat' dir='ltr'>extruxerunt.</span> <span class='ocrx_word' id='word_1_214' title='bbox 1624 2388 1691 2456; x_wconf 80' lang='lat' dir='ltr'>ltus</span> <span class='ocrx_word' id='word_1_215' title='bbox 1712 2389 1907 2480; x_wconf 86' lang='lat' dir='ltr'>praestari,</span> <span class='ocrx_word' id='word_1_216' title='bbox 1939 2410 2029 2479; x_wconf 87' lang='lat' dir='ltr'>quae</span> <span class='ocrx_word' id='word_1_217' title='bbox 2049 2402 2133 2458; x_wconf 90' lang='lat' dir='ltr'>suut</span> <span class='ocrx_word' id='word_1_218' title='bbox 2157 2402 2252 2458; x_wconf 77' lang='lat' dir='ltr'>extra</span> <span class='ocrx_word' id='word_1_219' title='bbox 2277 2412 2402 2458; x_wconf 81' lang='lat' dir='ltr'>vocem</span> <span class='ocrx_word' id='word_1_220' title='bbox 2416 2386 2591 2478; x_wconf 76' lang='lat' dir='ltr'>Evangelii.</span> 
     </span>
     <span class='ocr_line' id='line_1_19' title="bbox 683 2481 2591 2583; baseline -0.004 -17"><span class='ocrx_word' id='word_1_221' title='bbox 683 2492 776 2566; x_wconf 90' lang='lat' dir='ltr'>Cum</span> <span class='ocrx_word' id='word_1_222' title='bbox 805 2491 916 2580; x_wconf 75' lang='lat' dir='ltr'>igitur</span> <span class='ocrx_word' id='word_1_223' title='bbox 937 2486 1070 2558; x_wconf 86' lang='lat' dir='ltr'>Paulus</span> <span class='ocrx_word' id='word_1_224' title='bbox 1093 2488 1231 2581; x_wconf 88' lang='lat' dir='ltr'>inquit,</span> <span class='ocrx_word' id='word_1_225' title='bbox 1270 2486 1465 2559; x_wconf 84' lang='lat' dir='ltr'>Ecclesiam</span> <span class='ocrx_word' id='word_1_226' title='bbox 1498 2512 1571 2559; x_wconf 89' lang='lat' dir='ltr'>esse</span> <span class='ocrx_word' id='word_1_227' title='bbox 1626 2486 1807 2559; x_wconf 81' lang='lat' dir='ltr'>Praeterea</span> <span class='ocrx_word' id='word_1_228' title='bbox 1831 2514 1895 2559; x_wconf 89' lang='lat' dir='ltr'>nec</span> <span class='ocrx_word' id='word_1_229' title='bbox 1918 2482 2051 2561; x_wconf 87' lang='lat' dir='ltr'>babent</span> <span class='ocrx_word' id='word_1_230' title='bbox 2074 2489 2228 2561; x_wconf 86' lang='lat' dir='ltr'>ministri</span> <span class='ocrx_word' id='word_1_231' title='bbox 2252 2481 2440 2581; x_wconf 73' lang='lat' dir='ltr'>Eeeugelii</span> <span class='ocrx_word' id='word_1_232' title='bbox 2464 2507 2591 2583; x_wconf 86' lang='lat' dir='ltr'>potesta-</span> 
     </span>
     <span class='ocr_line' id='line_1_20' title="bbox 461 2586 2592 2689; baseline -0.002 -22"><span class='ocrx_word' id='word_1_233' title='bbox 461 2586 466 2601; x_wconf 48' lang='lat'>*</span> <span class='ocrx_word' id='word_1_234' title='bbox 583 2598 785 2667; x_wconf 90' lang='lat' dir='ltr'>columnam</span> <span class='ocrx_word' id='word_1_235' title='bbox 801 2606 836 2665; x_wconf 90' lang='lat' dir='ltr'>et</span> <span class='ocrx_word' id='word_1_236' title='bbox 851 2595 968 2663; x_wconf 88' lang='lat' dir='ltr'>sedem</span> <span class='ocrx_word' id='word_1_237' title='bbox 986 2590 1161 2672; x_wconf 84' lang='lat' dir='ltr'>veritatis,</span> <span class='ocrx_word' id='word_1_238' title='bbox 1184 2589 1337 2661; x_wconf 85' lang='lat' dir='ltr'>sciamus</span> <span class='ocrx_word' id='word_1_239' title='bbox 1361 2616 1442 2660; x_wconf 90' lang='lat' dir='ltr'>eum</span> <span class='ocrx_word' id='word_1_240' title='bbox 1471 2592 1570 2683; x_wconf 91' lang='lat' dir='ltr'>loqui</span> <span class='ocrx_word' id='word_1_241' title='bbox 1624 2605 1694 2660; x_wconf 92' lang='lat' dir='ltr'>tem</span> <span class='ocrx_word' id='word_1_242' title='bbox 1715 2592 1833 2679; x_wconf 84' lang='lat' dir='ltr'>gladio</span> <span class='ocrx_word' id='word_1_243' title='bbox 1849 2604 1912 2663; x_wconf 90' lang='lat' dir='ltr'>aut</span> <span class='ocrx_word' id='word_1_244' title='bbox 1924 2589 1959 2660; x_wconf 87' lang='lat' dir='ltr'>vi</span> <span class='ocrx_word' id='word_1_245' title='bbox 1975 2592 2152 2685; x_wconf 88' lang='lat' dir='ltr'>corporali</span> <span class='ocrx_word' id='word_1_246' title='bbox 2166 2594 2364 2665; x_wconf 70' lang='lat' dir='ltr'>coercendi.</span> <span class='ocrx_word' id='word_1_247' title='bbox 2418 2590 2547 2689; x_wconf 82' lang='lat' dir='ltr'>Deque</span> <span class='ocrx_word' id='word_1_248' title='bbox 2566 2619 2592 2663; x_wconf 90' lang='lat' dir='ltr'>u</span> 
     </span>
     <span class='ocr_line' id='line_1_21' title="bbox 583 2692 2208 2786; baseline -0.004 -17"><span class='ocrx_word' id='word_1_249' title='bbox 583 2703 628 2769; x_wconf 90' lang='lat' dir='ltr'>de</span> <span class='ocrx_word' id='word_1_250' title='bbox 645 2723 726 2769; x_wconf 82' lang='lat' dir='ltr'>vera</span> <span class='ocrx_word' id='word_1_251' title='bbox 744 2694 900 2767; x_wconf 79' lang='lat' dir='ltr'>Ecclesia</span> <span class='ocrx_word' id='word_1_252' title='bbox 922 2694 1097 2763; x_wconf 80' lang='lat' dir='ltr'>retinente</span> <span class='ocrx_word' id='word_1_253' title='bbox 1119 2694 1413 2777; x_wconf 82' lang='lat' dir='ltr'>fundamentum,</span> <span class='ocrx_word' id='word_1_254' title='bbox 1439 2708 1473 2765; x_wconf 92' lang='lat' dir='ltr'>et</span> <span class='ocrx_word' id='word_1_255' title='bbox 1495 2718 1571 2763; x_wconf 78' lang='lat' dir='ltr'>aton</span> <span class='ocrx_word' id='word_1_256' title='bbox 1623 2692 1711 2763; x_wconf 86' lang='lat' dir='ltr'>alias</span> <span class='ocrx_word' id='word_1_257' title='bbox 1734 2716 1857 2786; x_wconf 78' lang='lat' dir='ltr'>saepae</span> <span class='ocrx_word' id='word_1_258' title='bbox 1879 2693 2021 2769; x_wconf 90' lang='lat' dir='ltr'>dicitur.</span> <span class='ocrx_word' id='word_1_259' title='bbox 2199 2708 2208 2715; x_wconf 82' lang='grc'><em>“</em></span> 
     </span>
     <span class='ocr_line' id='line_1_22' title="bbox 585 2852 2645 2997; baseline -0.003 -26"><span class='ocrx_word' id='word_1_260' title='bbox 585 2903 730 2992; x_wconf 80' lang='lat' dir='ltr'>guantia</span> <span class='ocrx_word' id='word_1_261' title='bbox 753 2923 833 2971; x_wconf 90' lang='lat' dir='ltr'>cum</span> <span class='ocrx_word' id='word_1_262' title='bbox 857 2897 1015 2967; x_wconf 88' lang='lat' dir='ltr'>articulis</span> <span class='ocrx_word' id='word_1_263' title='bbox 1035 2896 1132 2966; x_wconf 85' lang='lat' dir='ltr'>lidei:</span> <span class='ocrx_word' id='word_1_264' title='bbox 1159 2897 1241 2990; x_wconf 89' lang='lat' dir='ltr'>quia</span> <span class='ocrx_word' id='word_1_265' title='bbox 1258 2895 1354 2967; x_wconf 89' lang='lat' dir='ltr'>Dens</span> <span class='ocrx_word' id='word_1_266' title='bbox 1374 2920 1512 2988; x_wconf 84' lang='lat' dir='ltr'>semper</span> <span class='ocrx_word' id='word_1_267' title='bbox 1534 2900 1570 2965; x_wconf 92' lang='lat' dir='ltr'>iu</span> <span class='ocrx_word' id='word_1_268' title='bbox 1822 2852 1891 2927; x_wconf 70' lang='lat' dir='ltr'>D‘</span> <span class='ocrx_word' id='word_1_269' title='bbox 1931 2858 2076 2929; x_wconf 54' lang='lat' dir='ltr'>“ni‘&#39;</span> <span class='ocrx_word' id='word_1_270' title='bbox 2119 2852 2430 2997; x_wconf 19' lang='lat' dir='ltr'>Qua‘smnn‘·</span> <span class='ocrx_word' id='word_1_271' title='bbox 2644 2890 2645 2939; x_wconf 81' lang='lat' dir='ltr'>t</span> 
     </span>
     <span class='ocr_line' id='line_1_23' title="bbox 585 2995 2592 3099; baseline -0.001 -25"><span class='ocrx_word' id='word_1_272' title='bbox 585 3006 703 3099; x_wconf 87' lang='lat' dir='ltr'>aliqua</span> <span class='ocrx_word' id='word_1_273' title='bbox 721 3017 820 3096; x_wconf 88' lang='lat' dir='ltr'>parte</span> <span class='ocrx_word' id='word_1_274' title='bbox 835 2998 972 3088; x_wconf 80' lang='lat' dir='ltr'>generis</span> <span class='ocrx_word' id='word_1_275' title='bbox 988 2995 1133 3068; x_wconf 81' lang='lat' dir='ltr'>ltnmani</span> <span class='ocrx_word' id='word_1_276' title='bbox 1155 2999 1232 3070; x_wconf 81' lang='lat' dir='ltr'>vult</span> <span class='ocrx_word' id='word_1_277' title='bbox 1247 3001 1409 3088; x_wconf 76' lang='lat' dir='ltr'>agnosci,</span> <span class='ocrx_word' id='word_1_278' title='bbox 1435 3000 1571 3069; x_wconf 88' lang='lat' dir='ltr'>etiamsi</span> <span class='ocrx_word' id='word_1_279' title='bbox 1728 2996 1956 3067; x_wconf 85' lang='lat' dir='ltr'>Manifestum</span> <span class='ocrx_word' id='word_1_280' title='bbox 1981 3013 2032 3069; x_wconf 89' lang='lat' dir='ltr'>est</span> <span class='ocrx_word' id='word_1_281' title='bbox 2056 2998 2142 3066; x_wconf 89' lang='lat' dir='ltr'>oriri</span> <span class='ocrx_word' id='word_1_282' title='bbox 2167 3002 2431 3071; x_wconf 88' lang='lat' dir='ltr'>controversias</span> <span class='ocrx_word' id='word_1_283' title='bbox 2453 3001 2547 3072; x_wconf 87' lang='lat' dir='ltr'>etiam</span> <span class='ocrx_word' id='word_1_284' title='bbox 2566 3004 2592 3073; x_wconf 91' lang='lat' dir='ltr'>iu</span> 
     </span>
     <span class='ocr_line' id='line_1_24' title="bbox 585 3094 2592 3196; baseline -0 -19"><span class='ocrx_word' id='word_1_285' title='bbox 585 3125 639 3177; x_wconf 79' lang='lat' dir='ltr'>est</span> <span class='ocrx_word' id='word_1_286' title='bbox 654 3108 789 3196; x_wconf 79' lang='lat' dir='ltr'>exigua.</span> <span class='ocrx_word' id='word_1_287' title='bbox 839 3101 920 3173; x_wconf 86' lang='lat' dir='ltr'>Huc</span> <span class='ocrx_word' id='word_1_288' title='bbox 944 3102 1096 3191; x_wconf 85' lang='lat' dir='ltr'>pertinet</span> <span class='ocrx_word' id='word_1_289' title='bbox 1112 3116 1145 3170; x_wconf 85' lang='lat' dir='ltr'>et</span> <span class='ocrx_word' id='word_1_290' title='bbox 1168 3104 1303 3171; x_wconf 86' lang='lat' dir='ltr'>dictum</span> <span class='ocrx_word' id='word_1_291' title='bbox 1326 3104 1370 3172; x_wconf 85' lang='lat' dir='ltr'>ad</span> <span class='ocrx_word' id='word_1_292' title='bbox 1391 3098 1524 3195; x_wconf 87' lang='lat' dir='ltr'>Ephes.</span> <span class='ocrx_word' id='word_1_293' title='bbox 1537 3102 1574 3177; x_wconf 85' lang='lat'>5.</span> <span class='ocrx_word' id='word_1_294' title='bbox 1626 3120 1708 3169; x_wconf 87' lang='lat' dir='ltr'>vera</span> <span class='ocrx_word' id='word_1_295' title='bbox 1730 3094 1906 3180; x_wconf 85' lang='lat' dir='ltr'>Ecclesia,</span> <span class='ocrx_word' id='word_1_296' title='bbox 1933 3115 1973 3169; x_wconf 92' lang='lat' dir='ltr'>ut</span> <span class='ocrx_word' id='word_1_297' title='bbox 1996 3096 2168 3171; x_wconf 86' lang='lat' dir='ltr'>Actorum</span> <span class='ocrx_word' id='word_1_298' title='bbox 2197 3099 2253 3171; x_wconf 77' lang='lat'>15.</span> <span class='ocrx_word' id='word_1_299' title='bbox 2278 3119 2445 3193; x_wconf 84' lang='lat' dir='ltr'>apparet,</span> <span class='ocrx_word' id='word_1_300' title='bbox 2471 3106 2543 3176; x_wconf 90' lang='lat' dir='ltr'>ideo</span> <span class='ocrx_word' id='word_1_301' title='bbox 2561 3110 2592 3176; x_wconf 89' lang='lat' dir='ltr'>de</span> 
     </span>
     <span class='ocr_line' id='line_1_25' title="bbox 589 3199 2645 3302; baseline 0.001 -26"><span class='ocrx_word' id='word_1_302' title='bbox 589 3209 636 3279; x_wconf 71' lang='lat' dir='ltr'>qq</span> <span class='ocrx_word' id='word_1_303' title='bbox 656 3210 755 3279; x_wconf 90' lang='lat' dir='ltr'>sistat</span> <span class='ocrx_word' id='word_1_304' title='bbox 771 3206 839 3277; x_wconf 87' lang='lat' dir='ltr'>sibi</span> <span class='ocrx_word' id='word_1_305' title='bbox 859 3200 1052 3274; x_wconf 89' lang='lat' dir='ltr'>Ecclesiam</span> <span class='ocrx_word' id='word_1_306' title='bbox 1076 3228 1150 3273; x_wconf 92' lang='lat' dir='ltr'>non</span> <span class='ocrx_word' id='word_1_307' title='bbox 1174 3199 1364 3275; x_wconf 85' lang='lat' dir='ltr'>habentem</span> <span class='ocrx_word' id='word_1_308' title='bbox 1388 3208 1573 3288; x_wconf 85' lang='lat' dir='ltr'>maculam,</span> <span class='ocrx_word' id='word_1_309' title='bbox 1627 3202 1770 3271; x_wconf 88' lang='lat' dir='ltr'>iudiciis</span> <span class='ocrx_word' id='word_1_310' title='bbox 1793 3202 1993 3295; x_wconf 89' lang='lat' dir='ltr'>quaeritur:</span> <span class='ocrx_word' id='word_1_311' title='bbox 2028 3201 2101 3291; x_wconf 89' lang='lat' dir='ltr'>Qui</span> <span class='ocrx_word' id='word_1_312' title='bbox 2125 3204 2196 3273; x_wconf 87' lang='lat' dir='ltr'>siut</span> <span class='ocrx_word' id='word_1_313' title='bbox 2223 3205 2379 3292; x_wconf 87' lang='lat' dir='ltr'>iudices,</span> <span class='ocrx_word' id='word_1_314' title='bbox 2402 3222 2437 3277; x_wconf 91' lang='lat' dir='ltr'>et</span> <span class='ocrx_word' id='word_1_315' title='bbox 2461 3211 2591 3302; x_wconf 89' lang='lat' dir='ltr'>quaesit</span> <span class='ocrx_word' id='word_1_316' title='bbox 2644 3256 2645 3259; x_wconf 57' lang='lat'><em>=</em></span> 
     </span>
     <span class='ocr_line' id='line_1_26' title="bbox 588 3302 2592 3404; baseline 0 -23"><span class='ocrx_word' id='word_1_317' title='bbox 588 3328 620 3381; x_wconf 90' lang='lat' dir='ltr'>et</span> <span class='ocrx_word' id='word_1_318' title='bbox 637 3326 676 3381; x_wconf 91' lang='lat' dir='ltr'>nt</span> <span class='ocrx_word' id='word_1_319' title='bbox 691 3313 736 3380; x_wconf 90' lang='lat' dir='ltr'>sit</span> <span class='ocrx_word' id='word_1_320' title='bbox 759 3321 877 3378; x_wconf 87' lang='lat' dir='ltr'>sancta</span> <span class='ocrx_word' id='word_1_321' title='bbox 892 3320 925 3375; x_wconf 89' lang='lat' dir='ltr'>et</span> <span class='ocrx_word' id='word_1_322' title='bbox 942 3306 1141 3394; x_wconf 85' lang='lat' dir='ltr'>inculpata,</span> <span class='ocrx_word' id='word_1_323' title='bbox 1177 3308 1308 3377; x_wconf 90' lang='lat' dir='ltr'>scilicet</span> <span class='ocrx_word' id='word_1_324' title='bbox 1337 3309 1374 3375; x_wconf 92' lang='lat' dir='ltr'>iu</span> <span class='ocrx_word' id='word_1_325' title='bbox 1402 3332 1483 3379; x_wconf 87' lang='lat' dir='ltr'>vera</span> <span class='ocrx_word' id='word_1_326' title='bbox 1508 3312 1573 3377; x_wconf 87' lang='lat' dir='ltr'>do·</span> <span class='ocrx_word' id='word_1_327' title='bbox 1627 3328 1751 3374; x_wconf 91' lang='lat' dir='ltr'>norma</span> <span class='ocrx_word' id='word_1_328' title='bbox 1780 3302 1874 3373; x_wconf 81' lang='lat' dir='ltr'>iuxta</span> <span class='ocrx_word' id='word_1_329' title='bbox 1899 3328 2003 3397; x_wconf 89' lang='lat' dir='ltr'>quam</span> <span class='ocrx_word' id='word_1_330' title='bbox 2026 3306 2177 3377; x_wconf 89' lang='lat' dir='ltr'>iudicari</span> <span class='ocrx_word' id='word_1_331' title='bbox 2198 3323 2356 3398; x_wconf 89' lang='lat' dir='ltr'>oportet,</span> <span class='ocrx_word' id='word_1_332' title='bbox 2390 3306 2438 3380; x_wconf 88' lang='lat' dir='ltr'>Et</span> <span class='ocrx_word' id='word_1_333' title='bbox 2459 3315 2592 3404; x_wconf 86' lang='lat' dir='ltr'>quaesit</span> 
     </span>
     <span class='ocr_line' id='line_1_27' title="bbox 586 3404 2590 3508; baseline 0 -25"><span class='ocrx_word' id='word_1_334' title='bbox 586 3414 719 3493; x_wconf 89' lang='lat' dir='ltr'>ctrina,</span> <span class='ocrx_word' id='word_1_335' title='bbox 744 3427 778 3482; x_wconf 89' lang='lat' dir='ltr'>et</span> <span class='ocrx_word' id='word_1_336' title='bbox 796 3434 877 3480; x_wconf 87' lang='lat' dir='ltr'>vera</span> <span class='ocrx_word' id='word_1_337' title='bbox 894 3409 962 3478; x_wconf 83' lang='lat' dir='ltr'>tide</span> <span class='ocrx_word' id='word_1_338' title='bbox 979 3407 1093 3478; x_wconf 88' lang='lat' dir='ltr'>Deum</span> <span class='ocrx_word' id='word_1_339' title='bbox 1111 3409 1302 3494; x_wconf 88' lang='lat' dir='ltr'>invocans,</span> <span class='ocrx_word' id='word_1_340' title='bbox 1330 3424 1363 3479; x_wconf 90' lang='lat' dir='ltr'>et</span> <span class='ocrx_word' id='word_1_341' title='bbox 1384 3410 1473 3483; x_wconf 88' lang='lat' dir='ltr'>iusta</span> <span class='ocrx_word' id='word_1_342' title='bbox 1492 3436 1575 3508; x_wconf 86' lang='lat' dir='ltr'>pro·</span> <span class='ocrx_word' id='word_1_343' title='bbox 1627 3408 1797 3478; x_wconf 89' lang='lat' dir='ltr'>autoritas</span> <span class='ocrx_word' id='word_1_344' title='bbox 1813 3404 1990 3499; x_wconf 88' lang='lat' dir='ltr'>iudicum,</span> <span class='ocrx_word' id='word_1_345' title='bbox 2010 3425 2043 3478; x_wconf 87' lang='lat' dir='ltr'>et</span> <span class='ocrx_word' id='word_1_346' title='bbox 2060 3411 2242 3502; x_wconf 85' lang='lat' dir='ltr'>quomodo</span> <span class='ocrx_word' id='word_1_347' title='bbox 2260 3432 2402 3484; x_wconf 86' lang='lat' dir='ltr'>necesse</span> <span class='ocrx_word' id='word_1_348' title='bbox 2419 3414 2464 3487; x_wconf 88' lang='lat' dir='ltr'>sit</span> <span class='ocrx_word' id='word_1_349' title='bbox 2478 3416 2590 3486; x_wconf 88' lang='lat' dir='ltr'>obtem·</span> 
     </span>
     <span class='ocr_line' id='line_1_28' title="bbox 586 3508 1940 3609; baseline -0.001 -24"><span class='ocrx_word' id='word_1_350' title='bbox 586 3535 664 3609; x_wconf 88' lang='lat' dir='ltr'>pter</span> <span class='ocrx_word' id='word_1_351' title='bbox 678 3517 792 3585; x_wconf 86' lang='lat' dir='ltr'>lilium</span> <span class='ocrx_word' id='word_1_352' title='bbox 806 3512 893 3594; x_wconf 87' lang='lat' dir='ltr'>Dei,</span> <span class='ocrx_word' id='word_1_353' title='bbox 919 3511 1153 3602; x_wconf 88' lang='lat' dir='ltr'>imputatione</span> <span class='ocrx_word' id='word_1_354' title='bbox 1167 3528 1200 3583; x_wconf 90' lang='lat' dir='ltr'>et</span> <span class='ocrx_word' id='word_1_355' title='bbox 1217 3512 1428 3586; x_wconf 88' lang='lat' dir='ltr'>incoatione.</span> <span class='ocrx_word' id='word_1_356' title='bbox 1630 3534 1751 3602; x_wconf 87' lang='lat' dir='ltr'>pecare</span> <span class='ocrx_word' id='word_1_357' title='bbox 1775 3508 1940 3584; x_wconf 85' lang='lat' dir='ltr'>iudicato.</span> 
     </span>
    </p>

    <p class='ocr_par' dir='ltr' id='par_1_4' title="bbox 729 3609 2645 4012">
     <span class='ocr_line' id='line_1_29' title="bbox 729 3609 2591 3708; baseline 0.002 -28"><span class='ocrx_word' id='word_1_358' title='bbox 729 3637 734 3646; x_wconf 94' lang='lat'><em>·</em></span> <span class='ocrx_word' id='word_1_359' title='bbox 1728 3609 1797 3681; x_wconf 88' lang='lat' dir='ltr'>Hic</span> <span class='ocrx_word' id='word_1_360' title='bbox 1818 3611 1972 3703; x_wconf 87' lang='lat' dir='ltr'>primum</span> <span class='ocrx_word' id='word_1_361' title='bbox 2001 3613 2271 3685; x_wconf 84' lang='lat' dir='ltr'>considerentur</span> <span class='ocrx_word' id='word_1_362' title='bbox 2301 3615 2436 3700; x_wconf 83' lang='lat' dir='ltr'>iudicia</span> <span class='ocrx_word' id='word_1_363' title='bbox 2465 3619 2591 3708; x_wconf 83' lang='lat' dir='ltr'>politica,</span> 
     </span>
     <span class='ocr_line' id='line_1_30' title="bbox 1630 3715 2591 3810; baseline 0.007 -27"><span class='ocrx_word' id='word_1_364' title='bbox 1630 3715 1680 3784; x_wconf 93' lang='lat' dir='ltr'>ibi</span> <span class='ocrx_word' id='word_1_365' title='bbox 1707 3715 1812 3784; x_wconf 85' lang='lat' dir='ltr'>iudex</span> <span class='ocrx_word' id='word_1_366' title='bbox 1839 3727 1890 3784; x_wconf 85' lang='lat' dir='ltr'>est</span> <span class='ocrx_word' id='word_1_367' title='bbox 1917 3715 1992 3806; x_wconf 89' lang='lat' dir='ltr'>ipse</span> <span class='ocrx_word' id='word_1_368' title='bbox 2018 3739 2077 3786; x_wconf 83' lang='lat' dir='ltr'>rex</span> <span class='ocrx_word' id='word_1_369' title='bbox 2104 3732 2165 3788; x_wconf 88' lang='lat' dir='ltr'>aut</span> <span class='ocrx_word' id='word_1_370' title='bbox 2192 3733 2334 3810; x_wconf 89' lang='lat' dir='ltr'>praetor</span> <span class='ocrx_word' id='word_1_371' title='bbox 2368 3745 2451 3791; x_wconf 92' lang='lat' dir='ltr'>cum</span> <span class='ocrx_word' id='word_1_372' title='bbox 2482 3721 2591 3790; x_wconf 83' lang='lat' dir='ltr'>maiore</span> 
     </span>
     <span class='ocr_line' id='line_1_31' title="bbox 1632 3807 2645 3915; baseline 0.008 -31"><span class='ocrx_word' id='word_1_373' title='bbox 1632 3830 1727 3908; x_wconf 87' lang='lat' dir='ltr'>parte</span> <span class='ocrx_word' id='word_1_374' title='bbox 1743 3816 1895 3889; x_wconf 90' lang='lat' dir='ltr'>consilii.</span> <span class='ocrx_word' id='word_1_375' title='bbox 1948 3813 2079 3886; x_wconf 85' lang='lat' dir='ltr'>Norma</span> <span class='ocrx_word' id='word_1_376' title='bbox 2096 3833 2148 3888; x_wconf 90' lang='lat' dir='ltr'>est</span> <span class='ocrx_word' id='word_1_377' title='bbox 2167 3819 2204 3888; x_wconf 92' lang='lat' dir='ltr'>in</span> <span class='ocrx_word' id='word_1_378' title='bbox 2220 3822 2381 3915; x_wconf 88' lang='lat' dir='ltr'>quolibet</span> <span class='ocrx_word' id='word_1_379' title='bbox 2403 3847 2507 3914; x_wconf 81' lang='lat' dir='ltr'>regno</span> <span class='ocrx_word' id='word_1_380' title='bbox 2527 3849 2591 3915; x_wconf 84' lang='lat' dir='ltr'>pro·</span> <span class='ocrx_word' id='word_1_381' title='bbox 2644 3807 2645 3902; x_wconf 82' lang='lat' dir='ltr'>l</span> 
     </span>
     <span class='ocr_line' id='line_1_32' title="bbox 1614 3917 2645 4012; baseline 0.003 -22"><span class='ocrx_word' id='word_1_382' title='bbox 1614 3921 1726 4008; x_wconf 59' lang='lat' dir='ltr'>vprinc</span> <span class='ocrx_word' id='word_1_383' title='bbox 1753 3919 1865 4007; x_wconf 81' lang='lat' dir='ltr'>leges,</span> <span class='ocrx_word' id='word_1_384' title='bbox 1897 3917 2028 4012; x_wconf 88' lang='lat' dir='ltr'>quibus</span> <span class='ocrx_word' id='word_1_385' title='bbox 2045 3922 2289 4011; x_wconf 90' lang='lat' dir='ltr'>obtemperare</span> <span class='ocrx_word' id='word_1_386' title='bbox 2311 3939 2345 3995; x_wconf 89' lang='lat' dir='ltr'>et</span> <span class='ocrx_word' id='word_1_387' title='bbox 2369 3925 2535 4005; x_wconf 88' lang='lat' dir='ltr'>iudicem,</span> <span class='ocrx_word' id='word_1_388' title='bbox 2567 3941 2592 3994; x_wconf 91' lang='lat' dir='ltr'>et</span> <span class='ocrx_word' id='word_1_389' title='bbox 2644 3943 2645 3976; x_wconf 63' lang='lat' dir='ltr'>t</span> 
     </span>
    </p>
   </div>
   <div class='ocr_carea' id='block_1_4' title="bbox 1630 4022 2592 4112">
    <p class='ocr_par' dir='ltr' id='par_1_5' title="bbox 1630 4003 2645 4196">
     <span class='ocr_line' id='line_1_33' title="bbox 1630 4022 2592 4112; baseline 0.005 -22"><span class='ocrx_word' id='word_1_390' title='bbox 1630 4022 1806 4112; x_wconf 81' lang='lat' dir='ltr'>litigantes</span> <span class='ocrx_word' id='word_1_391' title='bbox 1833 4045 1971 4090; x_wconf 88' lang='lat' dir='ltr'>necesse</span> <span class='ocrx_word' id='word_1_392' title='bbox 1999 4035 2060 4096; x_wconf 89' lang='lat' dir='ltr'>est.</span> <span class='ocrx_word' id='word_1_393' title='bbox 2122 4027 2308 4097; x_wconf 86' lang='lat' dir='ltr'>Auturitas</span> <span class='ocrx_word' id='word_1_394' title='bbox 2340 4027 2498 4098; x_wconf 89' lang='lat' dir='ltr'>iudicum</span> <span class='ocrx_word' id='word_1_395' title='bbox 2530 4029 2592 4098; x_wconf 91' lang='lat' dir='ltr'>talis</span> 
     </span>
    </p>
   </div>
   <div class='ocr_carea' id='block_1_5' title="bbox 582 4119 2645 5958">
    <p class='ocr_par' dir='ltr' id='par_1_6' title="bbox 586 4119 2645 5553">
     <span class='ocr_line' id='line_1_34' title="bbox 689 4119 2592 4218; baseline 0.003 -24"><span class='ocrx_word' id='word_1_396' title='bbox 689 4119 903 4214; x_wconf 80' lang='lat' dir='ltr'>Expressnm</span> <span class='ocrx_word' id='word_1_397' title='bbox 947 4122 1151 4190; x_wconf 84' lang='lat' dir='ltr'>u-andatum</span> <span class='ocrx_word' id='word_1_398' title='bbox 1190 4133 1244 4190; x_wconf 89' lang='lat' dir='ltr'>est</span> <span class='ocrx_word' id='word_1_399' title='bbox 1286 4120 1397 4192; x_wconf 81' lang='lat' dir='ltr'>lllarci</span> <span class='ocrx_word' id='word_1_400' title='bbox 1434 4123 1576 4194; x_wconf 89' lang='lat' dir='ltr'>ultimo:</span> <span class='ocrx_word' id='word_1_401' title='bbox 1630 4137 1697 4208; x_wconf 88' lang='lat' dir='ltr'>est,</span> <span class='ocrx_word' id='word_1_402' title='bbox 1717 4139 1849 4194; x_wconf 86' lang='lat' dir='ltr'>utrum</span> <span class='ocrx_word' id='word_1_403' title='bbox 1868 4123 1905 4190; x_wconf 94' lang='lat' dir='ltr'>iu</span> <span class='ocrx_word' id='word_1_404' title='bbox 1923 4123 2592 4218; x_wconf 81' lang='lat' dir='ltr'>legeestambiguitas,pussiutaddere</span> 
     </span>
     <span class='ocr_line' id='line_1_35' title="bbox 590 4215 2645 4324; baseline 0.002 -26"><span class='ocrx_word' id='word_1_405' title='bbox 590 4227 794 4299; x_wconf 85' lang='lat' dir='ltr'>Praedicate</span> <span class='ocrx_word' id='word_1_406' title='bbox 835 4218 1069 4309; x_wconf 79' lang='lat' dir='ltr'>Evangelium</span> <span class='ocrx_word' id='word_1_407' title='bbox 1113 4225 1211 4290; x_wconf 90' lang='lat' dir='ltr'>omni</span> <span class='ocrx_word' id='word_1_408' title='bbox 1262 4239 1453 4298; x_wconf 84' lang='lat' dir='ltr'>creaturae.</span> <span class='ocrx_word' id='word_1_409' title='bbox 1530 4223 1577 4297; x_wconf 88' lang='lat' dir='ltr'>Et</span> <span class='ocrx_word' id='word_1_410' title='bbox 1630 4225 2070 4306; x_wconf 86' lang='lat' dir='ltr'>certamdeclaratinuem,</span> <span class='ocrx_word' id='word_1_411' title='bbox 2103 4241 2137 4297; x_wconf 86' lang='lat' dir='ltr'>et</span> <span class='ocrx_word' id='word_1_412' title='bbox 2156 4223 2240 4300; x_wconf 88' lang='lat' dir='ltr'>haec</span> <span class='ocrx_word' id='word_1_413' title='bbox 2262 4233 2402 4302; x_wconf 84' lang='lat' dir='ltr'>additio</span> <span class='ocrx_word' id='word_1_414' title='bbox 2420 4249 2530 4324; x_wconf 89' lang='lat' dir='ltr'>postea</span> <span class='ocrx_word' id='word_1_415' title='bbox 2544 4229 2590 4302; x_wconf 85' lang='lat' dir='ltr'>lu·</span> <span class='ocrx_word' id='word_1_416' title='bbox 2644 4215 2645 4278; x_wconf 27' lang='grc' dir='ltr'><em>Ὗ</em></span> 
     </span>
     <span class='ocr_line' id='line_1_36' title="bbox 589 4321 2645 4424; baseline 0.001 -23"><span class='ocrx_word' id='word_1_417' title='bbox 589 4321 879 4403; x_wconf 72' lang='grc' dir='ltr'>2.(Ῐοτίηῑίι.8.;</span> <span class='ocrx_word' id='word_1_418' title='bbox 919 4321 1051 4393; x_wconf 87' lang='lat' dir='ltr'>Sumus</span> <span class='ocrx_word' id='word_1_419' title='bbox 1072 4323 1226 4392; x_wconf 87' lang='lat' dir='ltr'>ministri</span> <span class='ocrx_word' id='word_1_420' title='bbox 1257 4329 1341 4393; x_wconf 83' lang='lat' dir='ltr'>ttovi</span> <span class='ocrx_word' id='word_1_421' title='bbox 1366 4330 1576 4413; x_wconf 88' lang='lat' dir='ltr'>testamenti,</span> <span class='ocrx_word' id='word_1_422' title='bbox 1630 4329 1686 4395; x_wconf 90' lang='lat' dir='ltr'>het</span> <span class='ocrx_word' id='word_1_423' title='bbox 1705 4327 1776 4394; x_wconf 88' lang='lat' dir='ltr'>vim</span> <span class='ocrx_word' id='word_1_424' title='bbox 1798 4327 1882 4415; x_wconf 82' lang='lat' dir='ltr'>legis</span> <span class='ocrx_word' id='word_1_425' title='bbox 1900 4345 2043 4416; x_wconf 88' lang='lat' dir='ltr'>propter</span> <span class='ocrx_word' id='word_1_426' title='bbox 2064 4333 2210 4418; x_wconf 82' lang='lat' dir='ltr'>gradum</span> <span class='ocrx_word' id='word_1_427' title='bbox 2232 4323 2475 4424; x_wconf 41' lang='lat' dir='ltr'>nagistrat&#39;ns,</span> <span class='ocrx_word' id='word_1_428' title='bbox 2501 4341 2590 4405; x_wconf 86' lang='lat' dir='ltr'>etde·</span> <span class='ocrx_word' id='word_1_429' title='bbox 2644 4325 2645 4354; x_wconf 42' lang='lat' dir='ltr'>l</span> 
     </span>
     <span class='ocr_line' id='line_1_37' title="bbox 590 4423 2589 4527; baseline 0.003 -25"><span class='ocrx_word' id='word_1_430' title='bbox 590 4456 665 4502; x_wconf 88' lang='lat' dir='ltr'>tton</span> <span class='ocrx_word' id='word_1_431' title='bbox 705 4429 846 4510; x_wconf 89' lang='lat' dir='ltr'>literae,</span> <span class='ocrx_word' id='word_1_432' title='bbox 893 4424 1143 4512; x_wconf 85' lang='lat' dir='ltr'>sedspiritus.</span> <span class='ocrx_word' id='word_1_433' title='bbox 1203 4423 1249 4495; x_wconf 88' lang='lat' dir='ltr'>Et</span> <span class='ocrx_word' id='word_1_434' title='bbox 1285 4426 1405 4496; x_wconf 85' lang='lat' dir='ltr'>loltan.</span> <span class='ocrx_word' id='word_1_435' title='bbox 1428 4430 1573 4502; x_wconf 89' lang='lat' dir='ltr'>ultimo:</span> <span class='ocrx_word' id='word_1_436' title='bbox 1631 4428 2014 4515; x_wconf 81' lang='lat' dir='ltr'>ltetureiobetlientia,</span> <span class='ocrx_word' id='word_1_437' title='bbox 2049 4433 2184 4502; x_wconf 84' lang='lat' dir='ltr'>etiarnsi</span> <span class='ocrx_word' id='word_1_438' title='bbox 2208 4435 2314 4505; x_wconf 88' lang='lat' dir='ltr'>alicui</span> <span class='ocrx_word' id='word_1_439' title='bbox 2339 4437 2494 4527; x_wconf 84' lang='lat' dir='ltr'>litiganti</span> <span class='ocrx_word' id='word_1_440' title='bbox 2515 4459 2589 4508; x_wconf 73' lang='lat' dir='ltr'>secus</span> 
     </span>
     <span class='ocr_line' id='line_1_38' title="bbox 590 4529 1780 4619; baseline 0 -17"><span class='ocrx_word' id='word_1_441' title='bbox 590 4535 691 4614; x_wconf 87' lang='lat' dir='ltr'>Sicut</span> <span class='ocrx_word' id='word_1_442' title='bbox 717 4530 813 4600; x_wconf 87' lang='lat' dir='ltr'>misit</span> <span class='ocrx_word' id='word_1_443' title='bbox 834 4550 892 4598; x_wconf 87' lang='lat' dir='ltr'>toe</span> <span class='ocrx_word' id='word_1_444' title='bbox 918 4541 1035 4619; x_wconf 88' lang='lat' dir='ltr'>pater,</span> <span class='ocrx_word' id='word_1_445' title='bbox 1074 4529 1124 4596; x_wconf 91' lang='lat' dir='ltr'>sic</span> <span class='ocrx_word' id='word_1_446' title='bbox 1151 4549 1216 4616; x_wconf 82' lang='lat' dir='ltr'>ego</span> <span class='ocrx_word' id='word_1_447' title='bbox 1244 4531 1345 4600; x_wconf 88' lang='lat' dir='ltr'>mitto</span> <span class='ocrx_word' id='word_1_448' title='bbox 1372 4557 1445 4601; x_wconf 86' lang='lat' dir='ltr'>vos.</span> <span class='ocrx_word' id='word_1_449' title='bbox 1499 4531 1575 4601; x_wconf 84' lang='lat' dir='ltr'>lluc</span> <span class='ocrx_word' id='word_1_450' title='bbox 1630 4533 1780 4602; x_wconf 83' lang='lat' dir='ltr'>videtur.</span> 
     </span>
     <span class='ocr_line' id='line_1_39' title="bbox 590 4629 2588 4730; baseline 0.002 -24"><span class='ocrx_word' id='word_1_451' title='bbox 590 4638 796 4706; x_wconf 87' lang='lat' dir='ltr'>mandatum</span> <span class='ocrx_word' id='word_1_452' title='bbox 821 4629 1068 4721; x_wconf 89' lang='lat' dir='ltr'>complectitur</span> <span class='ocrx_word' id='word_1_453' title='bbox 1084 4653 1142 4713; x_wconf 84' lang='lat' dir='ltr'>ea,</span> <span class='ocrx_word' id='word_1_454' title='bbox 1170 4657 1260 4723; x_wconf 86' lang='lat' dir='ltr'>quae</span> <span class='ocrx_word' id='word_1_455' title='bbox 1280 4634 1322 4699; x_wconf 93' lang='lat' dir='ltr'>ad</span> <span class='ocrx_word' id='word_1_456' title='bbox 1341 4635 1573 4704; x_wconf 85' lang='lat' dir='ltr'>substantiam</span> <span class='ocrx_word' id='word_1_457' title='bbox 1734 4633 1783 4703; x_wconf 77' lang='lat' dir='ltr'>lta</span> <span class='ocrx_word' id='word_1_458' title='bbox 1805 4634 1935 4706; x_wconf 67' lang='lat' dir='ltr'>dititur</span> <span class='ocrx_word' id='word_1_459' title='bbox 1954 4635 2146 4706; x_wconf 85' lang='lat' dir='ltr'>iudicatum</span> <span class='ocrx_word' id='word_1_460' title='bbox 2170 4639 2286 4708; x_wconf 88' lang='lat' dir='ltr'>valere</span> <span class='ocrx_word' id='word_1_461' title='bbox 2309 4643 2495 4713; x_wconf 89' lang='lat' dir='ltr'>autoritate</span> <span class='ocrx_word' id='word_1_462' title='bbox 2517 4643 2588 4730; x_wconf 78' lang='lat' dir='ltr'>regia</span> 
     </span>
     <span class='ocr_line' id='line_1_40' title="bbox 590 4732 2587 4834; baseline 0.004 -26"><span class='ocrx_word' id='word_1_463' title='bbox 590 4735 778 4808; x_wconf 87' lang='lat' dir='ltr'>ministerii</span> <span class='ocrx_word' id='word_1_464' title='bbox 803 4732 994 4820; x_wconf 80' lang='lat' dir='ltr'>eeartgelici</span> <span class='ocrx_word' id='word_1_465' title='bbox 1021 4732 1215 4827; x_wconf 89' lang='lat' dir='ltr'>pertinent,</span> <span class='ocrx_word' id='word_1_466' title='bbox 1247 4733 1409 4805; x_wconf 88' lang='lat' dir='ltr'>videlicet</span> <span class='ocrx_word' id='word_1_467' title='bbox 1435 4739 1574 4825; x_wconf 85' lang='lat' dir='ltr'>praedi·</span> <span class='ocrx_word' id='word_1_468' title='bbox 1628 4737 1684 4804; x_wconf 88' lang='lat' dir='ltr'>vel</span> <span class='ocrx_word' id='word_1_469' title='bbox 1703 4738 1888 4827; x_wconf 85' lang='lat' dir='ltr'>praetoria,</span> <span class='ocrx_word' id='word_1_470' title='bbox 1905 4738 1987 4831; x_wconf 90' lang='lat' dir='ltr'>quia</span> <span class='ocrx_word' id='word_1_471' title='bbox 2006 4739 2105 4808; x_wconf 86' lang='lat' dir='ltr'>Deus</span> <span class='ocrx_word' id='word_1_472' title='bbox 2121 4744 2271 4812; x_wconf 77' lang='lat' dir='ltr'>acutavit</span> <span class='ocrx_word' id='word_1_473' title='bbox 2289 4744 2523 4832; x_wconf 73' lang='lat' dir='ltr'>nta&#39;gt&#39;stcatucu</span> <span class='ocrx_word' id='word_1_474' title='bbox 2540 4769 2587 4834; x_wconf 90' lang='lat' dir='ltr'>po·</span> 
     </span>
     <span class='ocr_line' id='line_1_41' title="bbox 590 4831 2585 4932; baseline 0.002 -22"><span class='ocrx_word' id='word_1_475' title='bbox 590 4841 764 4910; x_wconf 84' lang='lat' dir='ltr'>catiouetn</span> <span class='ocrx_word' id='word_1_476' title='bbox 780 4831 987 4923; x_wconf 74' lang='lat' dir='ltr'>Evangelii,</span> <span class='ocrx_word' id='word_1_477' title='bbox 1008 4834 1350 4905; x_wconf 82' lang='lat' dir='ltr'>administrationem</span> <span class='ocrx_word' id='word_1_478' title='bbox 1368 4838 1573 4908; x_wconf 85' lang='lat' dir='ltr'>Sacramen-</span> <span class='ocrx_word' id='word_1_479' title='bbox 1629 4839 1763 4908; x_wconf 90' lang='lat' dir='ltr'>liticutu</span> <span class='ocrx_word' id='word_1_480' title='bbox 1797 4834 1860 4908; x_wconf 88' lang='lat' dir='ltr'>ltac</span> <span class='ocrx_word' id='word_1_481' title='bbox 1886 4855 2071 4932; x_wconf 81' lang='lat' dir='ltr'>potestate,</span> <span class='ocrx_word' id='word_1_482' title='bbox 2114 4859 2145 4912; x_wconf 90' lang='lat' dir='ltr'>et</span> <span class='ocrx_word' id='word_1_483' title='bbox 2176 4846 2313 4932; x_wconf 82' lang='lat' dir='ltr'>negotiu</span> <span class='ocrx_word' id='word_1_484' title='bbox 2344 4863 2428 4918; x_wconf 89' lang='lat' dir='ltr'>suut</span> <span class='ocrx_word' id='word_1_485' title='bbox 2457 4849 2585 4916; x_wconf 81' lang='lat' dir='ltr'>subiecta</span> 
     </span>
     <span class='ocr_line' id='line_1_42' title="bbox 589 4935 2585 5039; baseline 0.002 -26"><span class='ocrx_word' id='word_1_486' title='bbox 589 4956 726 5023; x_wconf 84' lang='lat' dir='ltr'>cocum,</span> <span class='ocrx_word' id='word_1_487' title='bbox 758 4935 1159 5007; x_wconf 83' lang='lat' dir='ltr'>excommunicationem</span> <span class='ocrx_word' id='word_1_488' title='bbox 1183 4942 1463 5024; x_wconf 84' lang='lat' dir='ltr'>contumacium,</span> <span class='ocrx_word' id='word_1_489' title='bbox 1498 4943 1575 5010; x_wconf 87' lang='lat' dir='ltr'>Ab·</span> <span class='ocrx_word' id='word_1_490' title='bbox 1628 4942 1774 5015; x_wconf 86' lang='lat' dir='ltr'>rationi.</span> <span class='ocrx_word' id='word_1_491' title='bbox 1823 4941 1941 5015; x_wconf 85' lang='lat' dir='ltr'>Potest</span> <span class='ocrx_word' id='word_1_492' title='bbox 1968 4949 2106 5036; x_wconf 79' lang='lat' dir='ltr'>sapiens</span> <span class='ocrx_word' id='word_1_493' title='bbox 2137 4949 2360 5035; x_wconf 79' lang='lat' dir='ltr'>magistratus</span> <span class='ocrx_word' id='word_1_494' title='bbox 2393 4951 2585 5039; x_wconf 85' lang='lat' dir='ltr'>probabilem</span> 
     </span>
     <span class='ocr_line' id='line_1_43' title="bbox 589 5039 2585 5140; baseline 0.003 -27"><span class='ocrx_word' id='word_1_495' title='bbox 589 5042 802 5114; x_wconf 88' lang='lat' dir='ltr'>solutionem</span> <span class='ocrx_word' id='word_1_496' title='bbox 836 5041 1015 5130; x_wconf 82' lang='lat' dir='ltr'>agentium</span> <span class='ocrx_word' id='word_1_497' title='bbox 1049 5039 1326 5129; x_wconf 82' lang='lat' dir='ltr'>poeniteutiam,</span> <span class='ocrx_word' id='word_1_498' title='bbox 1366 5043 1496 5113; x_wconf 88' lang='lat' dir='ltr'>iudicia</span> <span class='ocrx_word' id='word_1_499' title='bbox 1529 5047 1575 5114; x_wconf 92' lang='lat' dir='ltr'>de</span> <span class='ocrx_word' id='word_1_500' title='bbox 1628 5045 1800 5112; x_wconf 87' lang='lat' dir='ltr'>rationem</span> <span class='ocrx_word' id='word_1_501' title='bbox 1840 5046 1978 5129; x_wconf 88' lang='lat' dir='ltr'>videre,</span> <span class='ocrx_word' id='word_1_502' title='bbox 2025 5071 2090 5116; x_wconf 89' lang='lat' dir='ltr'>cuc</span> <span class='ocrx_word' id='word_1_503' title='bbox 2123 5048 2170 5118; x_wconf 91' lang='lat' dir='ltr'>ita</span> <span class='ocrx_word' id='word_1_504' title='bbox 2205 5051 2512 5140; x_wconf 88' lang='lat' dir='ltr'>pronunciandum</span> <span class='ocrx_word' id='word_1_505' title='bbox 2544 5051 2585 5122; x_wconf 89' lang='lat' dir='ltr'>sit.</span> 
     </span>
     <span class='ocr_line' id='line_1_44' title="bbox 589 5142 2583 5244; baseline 0.002 -28"><span class='ocrx_word' id='word_1_506' title='bbox 589 5145 724 5217; x_wconf 83' lang='lat' dir='ltr'>vocatis</span> <span class='ocrx_word' id='word_1_507' title='bbox 762 5145 807 5212; x_wconf 88' lang='lat' dir='ltr'>ad</span> <span class='ocrx_word' id='word_1_508' title='bbox 849 5142 1087 5211; x_wconf 87' lang='lat' dir='ltr'>ministerium</span> <span class='ocrx_word' id='word_1_509' title='bbox 1136 5145 1388 5231; x_wconf 78' lang='lat' dir='ltr'>evangelicum.</span> <span class='ocrx_word' id='word_1_510' title='bbox 1466 5143 1575 5216; x_wconf 84' lang='lat' dir='ltr'>Recte</span> <span class='ocrx_word' id='word_1_511' title='bbox 1630 5145 1788 5216; x_wconf 89' lang='lat' dir='ltr'>Debetur</span> <span class='ocrx_word' id='word_1_512' title='bbox 1809 5149 2193 5220; x_wconf 83' lang='lat' dir='ltr'>antem&#39;eiobcdieotia</span> <span class='ocrx_word' id='word_1_513' title='bbox 2212 5169 2357 5244; x_wconf 89' lang='lat' dir='ltr'>propter</span> <span class='ocrx_word' id='word_1_514' title='bbox 2380 5157 2583 5244; x_wconf 81' lang='lat' dir='ltr'>gradum,ut</span> 
     </span>
     <span class='ocr_line' id='line_1_45' title="bbox 588 5236 2645 5342; baseline 0.004 -24"><span class='ocrx_word' id='word_1_515' title='bbox 588 5248 698 5319; x_wconf 84' lang='lat' dir='ltr'>etiarn</span> <span class='ocrx_word' id='word_1_516' title='bbox 729 5245 817 5316; x_wconf 85' lang='lat' dir='ltr'>eddi</span> <span class='ocrx_word' id='word_1_517' title='bbox 846 5256 994 5337; x_wconf 90' lang='lat' dir='ltr'>possunt</span> <span class='ocrx_word' id='word_1_518' title='bbox 1027 5242 1159 5314; x_wconf 88' lang='lat' dir='ltr'>iudicia</span> <span class='ocrx_word' id='word_1_519' title='bbox 1191 5246 1236 5314; x_wconf 90' lang='lat' dir='ltr'>de</span> <span class='ocrx_word' id='word_1_520' title='bbox 1269 5249 1449 5330; x_wconf 87' lang='lat' dir='ltr'>doctrina,</span> <span class='ocrx_word' id='word_1_521' title='bbox 1492 5251 1574 5339; x_wconf 85' lang='lat' dir='ltr'>quia</span> <span class='ocrx_word' id='word_1_522' title='bbox 1629 5249 1673 5318; x_wconf 88' lang='lat' dir='ltr'>sit</span> <span class='ocrx_word' id='word_1_523' title='bbox 1691 5272 1756 5338; x_wconf 81' lang='lat' dir='ltr'>pax</span> <span class='ocrx_word' id='word_1_524' title='bbox 1773 5263 1806 5318; x_wconf 89' lang='lat' dir='ltr'>et</span> <span class='ocrx_word' id='word_1_525' title='bbox 1823 5250 1904 5318; x_wconf 90' lang='lat' dir='ltr'>fiuis</span> <span class='ocrx_word' id='word_1_526' title='bbox 1923 5252 2057 5342; x_wconf 89' lang='lat' dir='ltr'>litium,</span> <span class='ocrx_word' id='word_1_527' title='bbox 2086 5267 2118 5320; x_wconf 92' lang='lat' dir='ltr'>et</span> <span class='ocrx_word' id='word_1_528' title='bbox 2143 5275 2222 5322; x_wconf 85' lang='lat' dir='ltr'>curn</span> <span class='ocrx_word' id='word_1_529' title='bbox 2241 5279 2314 5324; x_wconf 89' lang='lat' dir='ltr'>non</span> <span class='ocrx_word' id='word_1_530' title='bbox 2335 5257 2504 5326; x_wconf 89' lang='lat' dir='ltr'>obediunt</span> <span class='ocrx_word' id='word_1_531' title='bbox 2519 5278 2581 5323; x_wconf 87' lang='lat' dir='ltr'>cou-</span> <span class='ocrx_word' id='word_1_532' title='bbox 2644 5236 2645 5285; x_wconf 83' lang='lat' dir='ltr'>t</span> 
     </span>
     <span class='ocr_line' id='line_1_46' title="bbox 588 5344 2581 5445; baseline 0.002 -26"><span class='ocrx_word' id='word_1_533' title='bbox 588 5345 676 5420; x_wconf 87' lang='lat' dir='ltr'>haec</span> <span class='ocrx_word' id='word_1_534' title='bbox 703 5370 784 5440; x_wconf 84' lang='lat' dir='ltr'>pars</span> <span class='ocrx_word' id='word_1_535' title='bbox 809 5347 1004 5417; x_wconf 87' lang='lat' dir='ltr'>necessaria</span> <span class='ocrx_word' id='word_1_536' title='bbox 1028 5345 1137 5414; x_wconf 89' lang='lat' dir='ltr'>estin</span> <span class='ocrx_word' id='word_1_537' title='bbox 1167 5350 1429 5436; x_wconf 88' lang='lat' dir='ltr'>praedicatione</span> <span class='ocrx_word' id='word_1_538' title='bbox 1453 5344 1571 5418; x_wconf 79' lang='lat' dir='ltr'>Euan·</span> <span class='ocrx_word' id='word_1_539' title='bbox 1628 5351 1801 5436; x_wconf 89' lang='lat' dir='ltr'>demuati,</span> <span class='ocrx_word' id='word_1_540' title='bbox 1842 5353 1973 5422; x_wconf 88' lang='lat' dir='ltr'>iustum</span> <span class='ocrx_word' id='word_1_541' title='bbox 2009 5366 2060 5423; x_wconf 88' lang='lat' dir='ltr'>est</span> <span class='ocrx_word' id='word_1_542' title='bbox 2094 5379 2153 5423; x_wconf 84' lang='lat' dir='ltr'>eos</span> <span class='ocrx_word' id='word_1_543' title='bbox 2191 5380 2325 5445; x_wconf 83' lang='lat' dir='ltr'>cogere.</span> <span class='ocrx_word' id='word_1_544' title='bbox 2379 5357 2502 5428; x_wconf 76' lang='lat' dir='ltr'>&#39;l‘aletu</span> <span class='ocrx_word' id='word_1_545' title='bbox 2529 5379 2581 5426; x_wconf 83' lang='lat' dir='ltr'>esse</span> 
     </span>
     <span class='ocr_line' id='line_1_47' title="bbox 586 5452 2578 5553; baseline 0.004 -32"><span class='ocrx_word' id='word_1_546' title='bbox 586 5452 682 5544; x_wconf 74' lang='lat' dir='ltr'>getii.</span> <span class='ocrx_word' id='word_1_547' title='bbox 1626 5453 1785 5520; x_wconf 87' lang='lat' dir='ltr'>ordiuetu</span> <span class='ocrx_word' id='word_1_548' title='bbox 1814 5467 1847 5524; x_wconf 88' lang='lat' dir='ltr'>et</span> <span class='ocrx_word' id='word_1_549' title='bbox 1877 5457 2100 5526; x_wconf 87' lang='lat' dir='ltr'>autoritatem</span> <span class='ocrx_word' id='word_1_550' title='bbox 2134 5457 2349 5530; x_wconf 81' lang='lat' dir='ltr'>iudiciorum</span> <span class='ocrx_word' id='word_1_551' title='bbox 2382 5462 2578 5553; x_wconf 77' lang='lat' dir='ltr'>politicorum</span> 
     </span>
    </p>

    <p class='ocr_par' dir='ltr' id='par_1_7' title="bbox 582 5548 2577 5958">
     <span class='ocr_line' id='line_1_48' title="bbox 687 5548 1787 5647; baseline -0.001 -25"><span class='ocrx_word' id='word_1_552' title='bbox 687 5551 919 5647; x_wconf 79' lang='lat' dir='ltr'>Nequaquam</span> <span class='ocrx_word' id='word_1_553' title='bbox 950 5571 1034 5618; x_wconf 88' lang='lat' dir='ltr'>vero</span> <span class='ocrx_word' id='word_1_554' title='bbox 1063 5548 1139 5618; x_wconf 88' lang='lat' dir='ltr'>ulla</span> <span class='ocrx_word' id='word_1_555' title='bbox 1172 5565 1330 5623; x_wconf 87' lang='lat' dir='ltr'>creatura</span> <span class='ocrx_word' id='word_1_556' title='bbox 1367 5567 1573 5644; x_wconf 87' lang='lat' dir='ltr'>potestatem</span> <span class='ocrx_word' id='word_1_557' title='bbox 1626 5555 1787 5625; x_wconf 88' lang='lat' dir='ltr'>sciamus.</span> 
     </span>
     <span class='ocr_line' id='line_1_49' title="bbox 587 5647 2576 5758; baseline 0.004 -37"><span class='ocrx_word' id='word_1_558' title='bbox 587 5647 696 5723; x_wconf 85' lang='lat' dir='ltr'>hahet</span> <span class='ocrx_word' id='word_1_559' title='bbox 715 5675 808 5723; x_wconf 82' lang='lat' dir='ltr'>nova</span> <span class='ocrx_word' id='word_1_560' title='bbox 825 5655 989 5742; x_wconf 79' lang='lat' dir='ltr'>dogmata</span> <span class='ocrx_word' id='word_1_561' title='bbox 1006 5653 1183 5721; x_wconf 90' lang='lat' dir='ltr'>condendi</span> <span class='ocrx_word' id='word_1_562' title='bbox 1201 5656 1245 5723; x_wconf 91' lang='lat' dir='ltr'>de</span> <span class='ocrx_word' id='word_1_563' title='bbox 1267 5657 1415 5723; x_wconf 89' lang='lat' dir='ltr'>essentia</span> <span class='ocrx_word' id='word_1_564' title='bbox 1435 5670 1493 5724; x_wconf 90' lang='lat' dir='ltr'>aut</span> <span class='ocrx_word' id='word_1_565' title='bbox 1512 5683 1571 5726; x_wconf 87' lang='lat' dir='ltr'>vo·</span> <span class='ocrx_word' id='word_1_566' title='bbox 1726 5654 1846 5728; x_wconf 88' lang='lat' dir='ltr'>Postea</span> <span class='ocrx_word' id='word_1_567' title='bbox 1864 5661 2123 5746; x_wconf 88' lang='lat' dir='ltr'>consideretur,</span> <span class='ocrx_word' id='word_1_568' title='bbox 2141 5664 2499 5758; x_wconf 69' lang='lat' dir='ltr'>quatenuslcongruat</span> <span class='ocrx_word' id='word_1_569' title='bbox 2514 5658 2576 5731; x_wconf 83' lang='lat' dir='ltr'>haer</span> 
     </span>
     <span class='ocr_line' id='line_1_50' title="bbox 585 5750 2577 5864; baseline 0.007 -41"><span class='ocrx_word' id='word_1_570' title='bbox 585 5755 722 5825; x_wconf 85' lang='lat' dir='ltr'>lttntate</span> <span class='ocrx_word' id='word_1_571' title='bbox 740 5750 828 5840; x_wconf 90' lang='lat' dir='ltr'>Dei,</span> <span class='ocrx_word' id='word_1_572' title='bbox 865 5768 927 5826; x_wconf 88' lang='lat' dir='ltr'>ant</span> <span class='ocrx_word' id='word_1_573' title='bbox 950 5775 1062 5823; x_wconf 82' lang='lat' dir='ltr'>notros</span> <span class='ocrx_word' id='word_1_574' title='bbox 1085 5754 1201 5824; x_wconf 87' lang='lat' dir='ltr'>cultus</span> <span class='ocrx_word' id='word_1_575' title='bbox 1231 5754 1463 5842; x_wconf 84' lang='lat' dir='ltr'>instituendi,</span> <span class='ocrx_word' id='word_1_576' title='bbox 1502 5759 1571 5829; x_wconf 85' lang='lat' dir='ltr'>Sed</span> <span class='ocrx_word' id='word_1_577' title='bbox 1627 5759 1741 5848; x_wconf 83' lang='lat' dir='ltr'>imago</span> <span class='ocrx_word' id='word_1_578' title='bbox 1761 5761 1801 5826; x_wconf 91' lang='lat' dir='ltr'>ad</span> <span class='ocrx_word' id='word_1_579' title='bbox 1820 5761 2147 5846; x_wconf 83' lang='lat' dir='ltr'>iudiciaEcclesiae,</span> <span class='ocrx_word' id='word_1_580' title='bbox 2162 5789 2253 5859; x_wconf 69' lang='lat' dir='ltr'>quie</span> <span class='ocrx_word' id='word_1_581' title='bbox 2268 5769 2387 5864; x_wconf 85' lang='lat' dir='ltr'>aliquo</span> <span class='ocrx_word' id='word_1_582' title='bbox 2408 5769 2508 5838; x_wconf 89' lang='lat' dir='ltr'>modo</span> <span class='ocrx_word' id='word_1_583' title='bbox 2523 5763 2577 5833; x_wconf 75' lang='lat' dir='ltr'>dis·</span> 
     </span>
     <span class='ocr_line' id='line_1_51' title="bbox 582 5855 2192 5958; baseline 0.008 -34"><span class='ocrx_word' id='word_1_584' title='bbox 582 5856 676 5926; x_wconf 78' lang='lat' dir='ltr'>filius</span> <span class='ocrx_word' id='word_1_585' title='bbox 694 5857 810 5950; x_wconf 90' lang='lat' dir='ltr'>quiin</span> <span class='ocrx_word' id='word_1_586' title='bbox 827 5856 908 5926; x_wconf 89' lang='lat' dir='ltr'>sinn</span> <span class='ocrx_word' id='word_1_587' title='bbox 926 5855 1117 5950; x_wconf 77' lang='lat' dir='ltr'>patrisest,</span> <span class='ocrx_word' id='word_1_588' title='bbox 1151 5861 1329 5930; x_wconf 74' lang='lat' dir='ltr'>cnartovit</span> <span class='ocrx_word' id='word_1_589' title='bbox 1352 5862 1466 5932; x_wconf 73' lang='lat' dir='ltr'>scobis.</span> <span class='ocrx_word' id='word_1_590' title='bbox 1521 5861 1573 5933; x_wconf 86' lang='lat' dir='ltr'>De</span> <span class='ocrx_word' id='word_1_591' title='bbox 1624 5862 1753 5932; x_wconf 88' lang='lat' dir='ltr'>similia</span> <span class='ocrx_word' id='word_1_592' title='bbox 1778 5867 2004 5936; x_wconf 76' lang='lat' dir='ltr'>austindicis</span> <span class='ocrx_word' id='word_1_593' title='bbox 2028 5867 2192 5958; x_wconf 87' lang='lat' dir='ltr'>politicis.</span> 
     </span>
    </p>
   </div>
   <div class='ocr_carea' id='block_1_6' title="bbox 750 3758 1425 3863">
    <p class='ocr_par' dir='ltr' id='par_1_8' title="bbox 750 3758 1425 3863">
     <span class='ocr_line' id='line_1_52' title="bbox 750 3758 1425 3863; baseline 0 -25"><span class='ocrx_word' id='word_1_594' title='bbox 750 3765 821 3838; x_wconf 86' lang='lat' dir='ltr'>De</span> <span class='ocrx_word' id='word_1_595' title='bbox 862 3761 1066 3836; x_wconf 76' lang='lat' dir='ltr'>secanda</span> <span class='ocrx_word' id='word_1_596' title='bbox 1104 3758 1425 3863; x_wconf 79' lang='lat' dir='ltr'>Quaestione.</span> 
     </span>
    </p>
   </div>
   <div class='ocr_carea' id='block_1_7' title="bbox 814 3965 1352 4067">
    <p class='ocr_par' dir='ltr' id='par_1_9' title="bbox 814 3965 1352 4067">
     <span class='ocr_line' id='line_1_53' title="bbox 814 3965 1352 4067; baseline 0.006 -29"><span class='ocrx_word' id='word_1_597' title='bbox 814 3965 877 4038; x_wconf 83' lang='lat' dir='ltr'>De</span> <span class='ocrx_word' id='word_1_598' title='bbox 892 3975 1069 4067; x_wconf 81' lang='lat' dir='ltr'>potestate</span> <span class='ocrx_word' id='word_1_599' title='bbox 1084 3965 1352 4041; x_wconf 69' lang='lat' dir='ltr'>ministrorum.</span> 
     </span>
    </p>
   </div>
   <div class='ocr_carea' id='block_1_8' title="bbox 0 0 2932 6948">
    <p class='ocr_par' dir='ltr' id='par_1_10' title="bbox 0 0 2932 6948">
     <span class='ocr_line' id='line_1_54' title="bbox 0 0 2932 6948; baseline 0 0"><span class='ocrx_word' id='word_1_600' title='bbox 0 0 2932 6948; x_wconf 95' lang='lat' dir='ltr'> </span> 
     </span>
    </p>
   </div>
  </div>
 </body>
</html>
