5825 6950
589 639 678 723 ses,
816 683 826 711 .,
944 579 959 606 ”
1187 620 1314 698 enan
1336 617 1456 695 nar.
1483 617 1690 696 semera
1717 615 2068 724 araceum..
2176 710 2181 723 ,
2534 635 2599 710 „2

594 816 679 895 dnn
701 802 1042 895 divinitns'insitae,
1075 819 1166 893 qnae
1189 794 1386 884 affirmant,
1421 793 1518 885 quod
1542 791 1588 863 sit
1640 788 1800 876 Veritas,
1826 815 1932 888 quam
1954 795 2004 866 sic
2028 796 2240 874 nominavit.
2300 799 2364 874 Est
2386 800 2528 888 noticia,
2555 803 2605 880 iu.

595 913 711 999 Deus,
736 913 833 1004 qcsod
855 908 903 980 sit
923 905 1164 987 iudicaturus,
1189 913 1225 972 et
1247 901 1379 971 docens
1394 895 1510 992 qualis
1529 895 1587 982 sit,
1641 895 1736 984 quit,
1762 895 1807 964 de
1830 891 1927 982 Deo,
1953 910 1989 994 et
2010 913 2167 973 caeterae
2189 904 2361 986 noticiae,
2386 929 2473 1000 qnae
2492 932 2605 980 vocan-

597 1016 764 1088 videlicet
781 1012 942 1104 sapiens,
968 1009 1102 1091 bonna,
1134 1025 1261 1088 verax,
1290 1001 1423 1084 iustus,
1453 1012 1585 1071 castus:
1642 1008 1700 1066 tur
1716 995 1827 1088 Leges
1854 993 2061 1082 Naturales,
2096 1027 2188 1098 quae
2209 1029 2333 1076 omnes
2353 1020 2437 1079 sunt
2463 1011 2605 1082 testimo·

597 1117 770 1190 tamenin
788 1113 958 1190 cordibus
972 1109 1055 1182 talis
1070 1119 1122 1178 est
1143 1105 1280 1177 aversio
1296 1127 1317 1172 a
1335 1099 1429 1187 Deo,
1455 1112 1588 1170 utnon
1641 1098 1742 1168 nium
1760 1102 1804 1168 de
1820 1097 1915 1184 Deo,
1939 1115 1972 1172 et
1987 1104 2136 1190 docent,
2154 1107 2274 1199 quales
2289 1109 2334 1179 sit
2350 1105 2456 1196 Dens,
2480 1117 2608 1206 etqnod

600 1244 684 1292 rere
707 1219 876 1298 timeant,
900 1237 977 1292 non
995 1233 1084 1284 ,rere
1105 1207 1258 1296 diligant
1274 1203 1390 1276 Deum
1412 1225 1486 1276 non
1507 1225 1589 1272 vere
1641 1199 1862 1273 iudicaturos
1880 1202 1937 1278 sit.
1981 1203 2074 1294 Quia
2092 1220 2208 1280 autern
2224 1222 2261 1282 et
2274 1207 2409 1282 Gentes
2426 1227 2458 1284 et
2477 1212 2608 1288 ludaeos

599 1321 779 1395 confidant
800 1319 852 1401 ei,
881 1339 956 1386 non
980 1336 1061 1384 vere
1081 1311 1264 1380 invocent:
1289 1308 1363 1378 imo
1386 1307 1590 1400 plerunque
1640 1318 1799 1396 accusat,
1823 1303 1908 1374 facit
1926 1307 2142 1380 mentionem
2157 1311 2244 1400 legis
2258 1327 2427 1399 naturae,
2451 1338 2511 1386 seu
2526 1319 2606 1386 noti-

598 1417 994 1499 manifestisluroribus
1006 1409 1103 1484 hune
1120 1413 1275 1483 iudicem
1291 1420 1549 1486 contemnant..
1640 1405 1713 1474 ciac
1740 1406 1911 1477 naturalis
1939 1410 1983 1480 de
2002 1405 2090 1484 Deo.
2161 1409 2233 1485 Ubi
2268 1415 2427 1486 iuniores
2451 1421 2607 1490 monendi

700 1523 798 1596 Haec
818 1536 860 1594 ut
881 1521 968 1590 liant
990 1516 1173 1609 planiora,
1213 1509 1273 1584 hic
1293 1511 1513 1582 recordanda
1536 1523 1588 1581 est
1640 1521 1741 1594 sunt,
1767 1532 1832 1578 nos
1855 1509 2000 1605 quidem
2024 1513 2063 1582 iu
2085 1507 2268 1601 Ecclesia,
2310 1531 2350 1589 nt
2367 1519 2606 1606 ¹confirmemus

598 1629 744 1719 puerilis
767 1623 948 1702 doctrina,
981 1643 1071 1712 qnae
1096 1616 1267 1687 discernit
1287 1613 1436 1682 noticias
1455 1613 1501 1684 ab
1523 1637 1587 1703 ap·
1639 1611 1876 1680 assensionem
1892 1625 2068 1696 nostram,
2095 1616 2229 1689 intueri
2253 1619 2382 1693 debere
2400 1622 2522 1701 ordine
2542 1647 2605 1692 orn.

598 1727 851 1820 petitionibus,
883 1737 918 1795 et
945 1722 1162 1806 videndum,
1195 1741 1287 1812 qnae
1309 1715 1488 1807 potentiae
1516 1715 1588 1786 sint
1638 1736 1701 1784 nes
1717 1709 1898 1798 historias,
1917 1715 1956 1786 in
1972 1715 2101 1809 quibus
2117 1741 2154 1786 se
2172 1721 2335 1807 patefecit
2353 1719 2468 1810 Deus,
2490 1738 2529 1795 ut
2546 1725 2603 1794 mi·

598 1830 779 1903 domicilia
803 1825 976 1910 noticiae,
1016 1824 1114 1894 nnde
1137 1821 1211 1893 sint
1243 1813 1311 1889 hae
1344 1816 1519 1902 noticiae,
1553 1831 1588 1888 et
1639 1815 1756 1886 racnla
1776 1815 1866 1885 facta
1893 1819 1930 1886 in
1953 1817 2048 1888 exitu
2072 1842 2113 1890 ex
2133 1819 2316 1916 Aegypto,
2343 1825 2604 1896 resuscitationes

598 1933 741 2026 quales:
781 1944 816 2000 et
839 1953 904 2000 cnr
929 1927 968 1996 in
991 1939 1119 1998 natum
1140 1918 1296 1994 hnmana
1318 1919 1477 2012 reliquae
1501 1919 1587 2002 sint,
1628 1934 1879 2010 mortuorum,
1902 1932 1938 1989 et
1959 1920 2047 2005 alia,
2073 1933 2107 1992 et
2127 1922 2166 1994 in
2195 1917 2325 1996 horum
2350 1925 2553 2014 cogitatione
2568 1927 2605 1996 si·

596 2036 660 2106 nbi
677 2029 954 2104 sitcontnmacia
970 2040 1129 2098 naturae.
1155 2024 1279 2098 Sciant
1292 2022 1402 2112 igitur
1416 2020 1586 2102 iuniores,
1639 2015 1801 2102 mulhoc
1817 2022 2023 2112 complecti,
2050 2019 2146 2094 hune
2166 2024 2385 2116 ipsumam
2405 2027 2520 2098 Deum
2543 2053 2601 2098 esse

597 2136 704 2226 Legis
725 2134 894 2207 noticiam
922 2131 1097 2211 divinitus
1123 2127 1269 2200 insitam
1301 2148 1375 2194 esse
1405 2123 1586 2194 mentibus
1637 2125 1881 2208 conditorem,
1908 2125 1970 2217 qni
1988 2148 2026 2193 se
2052 2124 2100 2193 ibi
2123 2129 2308 2218 patefecit,
2343 2125 2604 2222 elDeoprohis

596 2235 765 2310 humanis
786 2237 825 2306 in
849 2233 1048 2317 creatione,
1088 2232 1181 2302 sicut
1201 2250 1431 2302 numerorum
1455 2225 1584 2296 noticia
1637 2226 1848 2294 testimoniis
1869 2226 1998 2315 gratias
2011 2251 2167 2318 agamus.

596 2342 702 2412 nobis
715 2339 819 2410 insita
836 2351 906 2422 est,
931 2351 1053 2428 estque
1066 2337 1106 2404 in
1119 2347 1219 2427 parta
1233 2340 1482 2420 cognoscente,
1503 2352 1583 2397 cnm
1622 2373 1628 2386 .
1712 2325 1785 2396 Has
1801 2327 2055 2417 patefactiones
2074 2354 2153 2400 cnm
2172 2332 2486 2419 consideravimus,
2499 2335 2603 2404 deinde

596 2467 668 2536 qna
683 2456 766 2512 ante
781 2441 918 2531 lapsum
935 2439 1153 2529 congmebat
1162 2433 1337 2504 Voluntas
1353 2445 1388 2502 et
1403 2429 1485 2504 Cor.
1512 2425 1584 2500 Sed
1636 2432 1777 2520 prodest
1793 2427 1896 2498 etiam
1913 2430 2066 2520 cogitare
2080 2433 2124 2502 de
2137 2435 2270 2507 noticia
2286 2437 2456 2520 naturali,
2476 2449 2603 2529 atquae·

597 2539 685 2615 haec
699 2541 886 2614 harmonia
904 2541 942 2613 in
958 2539 1060 2629 lapsu
1086 2540 1228 2610 turbata
1250 2532 1321 2617 est',
1344 2556 1411 2602 nec
1430 2532 1501 2602 iam
1525 2555 1583 2602 ar·
1638 2555 1716 2602 rere
1734 2530 1934 2602 testimonia
1954 2533 1992 2602 in
2017 2548 2162 2622 natura,
2196 2561 2353 2629 quornm
2381 2537 2498 2632 aliqua
2510 2537 2597 2630 {ultr

521 2689 526 2698 ·
595 2649 682 2716 dent
697 2643 873 2716 Voluntas
895 2657 931 2712 et
953 2639 1242 2716 condilectione
1259 2633 1337 2710 Dei.
1387 2629 1436 2704 Ει
1463 2648 1584 2706 tamen
1637 2633 1790 2706 illustria
1805 2647 1907 2719 sunt,
1932 2650 1966 2704 et
1983 2638 2200 2708 convincunt
2213 2633 2391 2710 humanas
2405 2654 2547 2724 mentes,
2566 2653 2596 2708 ιιι

595 2748 709 2818 voluit
726 2747 824 2816 Deus
844 2745 1020 2836 reliquam
1048 2765 1123 2813 esse
1144 2740 1334 2821 noticiam,
1366 2749 1407 2809 ιιι
1430 2749 1522 2808 estet
1544 2737 1582 2806 in
1636 2749 1808 2821 statuant,
1835 2730 1931 2806 hunc
1947 2741 2119 2809 mundum
2138 2763 2212 2810 non
2234 2741 2391 2812 extitisse
2416 2765 2513 2828 casu,
2533 2765 2593 2810 con

596 2865 725 2920 natura
747 2848 988 2918 testimonium
1009 2846 1055 2916 de
1078 2846 1177 2928 Deo,
1211 2855 1246 2912 et
1279 2855 1319 2911 ιιι
1351 2859 1584 2928 agnoscamus
1636 2839 1821 2908 intuentur
1842 2838 2095 2928 pulcerrimum
2120 2841 2284 2913 ordinem
2309 2867 2497 2934 corporum
2518 2843 2597 2924 coeli,

594 2968 796 3044 peccatum,
824 2962 861 3019 et
881 2960 921 3018 ιιι
941 2948 1135 3033 fateamur,
1169 2967 1238 3016 nos
1257 2943 1349 3012 inste
1371 2964 1390 3010 a
1413 2939 1491 3012 Deo
1517 2964 1582 3042 pn·
1634 2953 1668 3009 et
1681 2938 1960 3014 Elementorum.
2013 2939 2102 3014 Item
2125 2943 2289 3016 ordinem
2316 2946 2355 3014 in
2389 2945 2524 3017 noticiis
2544 2968 2596 3012 nn-

594 3053 679 3126 niri.
743 3050 929 3123 Postremo
959 3049 1094 3130 ctiam,
1133 3061 1174 3120 ιιι
1198 3041 1266 3116 hac
1288 3042 1419 3116 noticia
1441 3057 1585 3134 regatur
1635 3066 1834 3127 merorum,
1872 3055 1905 3114 et
1928 3042 2025 3126 aliis,
2059 3067 2100 3114 ac
2125 3047 2332 3138 praesertim
2360 3047 2398 3118 in
2422 3047 2597 3118 discrimine

591 3154 794 3248 disciplina,
915 3171 920 3177 ·
1091 3164 1094 3169 ·
1443 3185 1447 3195 ·
1636 3137 1867 3238 honestorum
1889 3157 1922 3214 et
1944 3145 2121 3236 turpium:
2163 3150 2258 3242 qood
2282 3151 2425 3222 nullum
2448 3174 2516 3220 csse
2536 3171 2596 3238 pos-

694 3255 880 3347 Cogitetnr
894 3254 1019 3334 etiam,
1042 3275 1150 3346 quam
1172 3246 1357 3322 horribilis
1374 3246 1516 3319 miseria
1539 3247 1585 3318 sit
1637 3259 1708 3326 set,
1735 3246 1765 3314 si
1790 3270 1863 3316 non
1881 3269 1900 3315 a
1919 3246 1980 3346 tali
1998 3261 2125 3319 natura
2146 3251 2217 3322 orti
2239 3249 2416 3336 essemus,
2440 3276 2522 3346 qnae
2541 3251 2595 3340 ipsa

593 3375 742 3434 naturae
758 3354 951 3428 hnmanae:
977 3352 1064 3428 haec
1085 3355 1241 3425 turbatio
1265 3349 1470 3444 pulcerrimi
1484 3350 1583 3432 ordi·
1637 3348 1813 3438 intelligat
1829 3343 1896 3418 hoc
1913 3349 2117 3424 discrimen.
2167 3353 2276 3438 Item,
2303 3356 2341 3422 in
2359 3353 2595 3425 conservatione

594 3460 673 3547 nis,
697 3459 862 3533 cumiam
877 3459 1043 3531 voluntas
1058 3471 1092 3540 et
1106 3481 1170 3530 cor
1185 3457 1331 3548 expulso
1345 3451 1421 3525 Deo
1436 3464 1583 3539 rectore,
1635 3451 1841 3543 specierum.
1895 3447 2000 3536 item,
2026 3453 2064 3523 in
2090 3453 2233 3545 politica
2254 3457 2438 3538 societate,
2464 3474 2496 3529 et
2516 3476 2593 3541 regn·

595 3576 832 3636 contemnunt
844 3563 1086 3641 conditorem,
1111 3572 1147 3631 et
1163 3572 1204 3629 nt
1219 3559 1311 3629 iufra
1326 3556 1476 3641 dicitnr,
1503 3578 1584 3625 cnm
1635 3554 1770 3626 laribus
1786 3553 1912 3645 poenis
1926 3555 2099 3626 atrocium
2114 3557 2340 3629 delictorum.
2390 3558 2482 3629 Haec
2495 3554 2592 3627 omnia

599 3666 673 3737 iarn
694 3686 819 3737 senam
841 3665 957 3735 carnis
982 3660 1170 3734 inimicitia
1196 3661 1244 3732 sit
1263 3663 1434 3733 adversus
1454 3658 1584 3727 Deum.
1635 3656 1780 3729 collecta
1796 3657 2007 3727 confirmant
2021 3680 2089 3730 nos
2112 3660 2157 3729 de
2178 3660 2416 3752 providentia.
2465 3660 2529 3731 Sed
2547 3658 2595 3725 do·

595 3767 671 3840 Nec
686 3780 802 3860 potest
817 3766 1035 3838 tristioribus
1051 3776 1113 3835 aut
1128 3763 1363 3833 atrocioribus
1376 3760 1495 3829 verbis
1508 3783 1583 3829 ma·
1635 3758 1782 3829 lendum
1800 3772 1869 3844 est,
1895 3771 2027 3831 tantam
2045 3760 2230 3851 caliginem
2252 3785 2328 3837 esse
2352 3750 2477 3833 mentis
2493 3758 2594 3831 huma·

593 3871 744 3960 gnitndo
770 3868 903 3960 peceati
926 3870 968 3938 in
992 3879 1122 3939 natura
1140 3860 1297 3937 hominis
1312 3860 1487 3948 describi,
1513 3861 1583 3931 iam
1635 3885 1720 3941 nae,
1745 3874 1785 3933 ut
1805 3874 1924 3931 tamen
1947 3860 2101 3933 assensio
2124 3865 2228 3935 valde
2243 3864 2487 3955 languidasit,
2510 3860 2592 3931 etfa-

547 4001 553 4020 ι
590 3968 661 4043 bor
676 3972 755 4063 ipso
769 3969 923 4043 Paulino
937 3970 1047 4043 dicto.
1494 3992 1497 4000 ·
1636 3962 1701 4033 cile
1721 3963 1952 4052 exsatiatam
1998 3960 2084 4035 ldeo
2107 3963 2371 4040 Dausaddian
2391 3968 2478 4039 alias
2500 3959 2593 4033 mani·

696 4072 886 4145 Hicetiam
901 4071 1120 4143 recordanda
1143 4082 1196 4141 est
1214 4067 1375 4139 doctrina
1390 4061 1582 4150 Ecclesiae,
1636 4066 1741 4136 festas
1760 4066 2010 4157 patefactiones
2037 4080 2071 4138 et
2094 4069 2276 4159 miracula.
2327 4067 2466 4143 Horum
2486 4065 2594 4154 eogita-

594 4198 687 4270 qoae
708 4175 900 4259 discernit,
924 4174 1040 4267 qualis
1062 4173 1209 4244 libertas
1235 4170 1430 4241 voluntatis
1452 4169 1491 4239 in
1517 4162 1581 4237 lio·
1636 4168 1768 4239 tionem
1783 4168 2016 4258 adiungamus
2032 4172 2076 4238 ad
2093 4161 2179 4243 haec
2192 4168 2350 4265 physica.

595 4278 693 4349 mine
707 4278 844 4370 reliqna
859 4276 923 4361 sit,
948 4274 1066 4370 qualis
1085 4272 1292 4359 amissafsit.
1341 4268 1391 4343 Ut
1413 4271 1508 4340 enim
1527 4270 1587 4337 dis
1736 4268 1840 4341 Nunc
1855 4271 1899 4339 ad
1917 4271 2155 4357 verbatestus
2178 4276 2297 4347 redeo.
2352 4271 2509 4369 Syntasis
2529 4263 2593 4337 haec

596 4380 747 4470 sciplina
761 4378 837 4467 regi
852 4378 982 4469 possit,
1007 4374 1104 4450 Dens
1127 4372 1220 4447 hanc
1245 4374 1445 4446 libertatem
1469 4371 1584 4443 voluit
1636 4386 1704 4443 est:
1743 4370 1942 4441 luvisibilia
1970 4368 2061 4459 Dei,
2077 4442 2080 4451 ,
2096 4374 2263 4448 videlicet
2289 4389 2430 4448 aeterna
2454 4366 2593 4466 potentia.

594 4482 767 4574 reliquam
784 4504 880 4566 esse,
906 4494 947 4551 nt
960 4476 1173 4550 locomoliva
1196 4478 1416 4567 obtemperet
1432 4474 1582 4566 irnperio
1635 4488 1669 4545 et
1683 4474 1853 4544 divinitas
1870 4473 1971 4563 eius‚i
1983 4476 2255 4564 conspiciuntur
2267 4479 2314 4551 ab
2328 4476 2466 4571 opificio
2481 4466 2592 4543 mnndi,

593 4582 802 4653 voluntatis.
875 4579 945 4653 Sed
974 4581 1131 4650 actiones
1162 4581 1279 4649 bonae
1303 4599 1384 4667 erga
1407 4574 1520 4646 Deum
1545 4576 1581 4644 in
1635 4578 1878 4647 animadversa
1894 4600 1936 4645 ex
1950 4578 2136 4667 operibus,
2154 4578 2276 4665 idest,
2300 4604 2341 4653 ex
2357 4580 2479 4651 ordine
2492 4588 2523 4645 et
2535 4582 2591 4641 arte

595 4686 726 4769 corde,
750 4707 825 4754 non
849 4683 1039 4754 liunt-sine
1062 4682 1294 4753 conversione
1318 4682 1362 4748 ad
1376 4678 1490 4749 filium
1507 4676 1584 4759 Dei,
1636 4702 1797 4771 opernm.
1850 4678 1939 4753 Cum
1963 4692 2080 4749 autem
2103 4682 2268 4753 nominat
2287 4682 2518 4761 divinitatem,
2548 4672 2591 4739 in·

593 4801 630 4858 et
661 4787 740 4857 sine
766 4784 898 4855 anxilio
920 4784 1077 4875 Spiritus
1100 4784 1225 4857 saneti.
1299 4778 1397 4851 Haec
1421 4779 1584 4850 doctriua
1636 4781 1765 4870 telligit
1780 4781 1886 4851 talem
1903 4780 2113 4864 essentiam,
2132 4783 2296 4855 videlicet
2316 4790 2505 4863 aeternam,
2526 4795 2590 4843 con·

594 4887 684 4958 alibi
699 4886 879 4977 copiosius
892 4885 1065 4966 traditur,
1090 4911 1181 4981 quae
1202 4884 1345 4956 eumad
1363 4876 1456 4951 hane
1480 4905 1583 4951 enar·
1636 4884 1798 4953 ditricem
1822 4907 1963 4969 rernm,
1987 4883 2286 4975 omnipotentem,
2318 4886 2524 4979 sapientem,
2545 4895 2590 4941 vt·

595 4989 772 5061 rationem
802 4988 996 5061 necessaria
1024 4988 1091 5075 sit,
1130 4984 1191 5061 bic
1226 4984 1441 5075 cogitatione
1478 5008 1576 5077 repe·
1637 5008 1770 5069 racem,
1795 4984 1924 5058 iustam
1935 5038 1951 5081 ,v
1971 4986 2122 5073 bonam,
2149 4988 2361 5073 beneficam,
2399 4997 2536 5058 castam,
2558 4973 2591 5040 ¹5·

595 5091 704 5163 tenda
717 5104 781 5165 est.
1637 5089 1778 5172 beram,
1793 5087 2051 5164 discernentem
2069 5101 2162 5161 recle
2178 5091 2268 5161 facta
2285 5104 2319 5162 et
2332 5088 2474 5173 scelera,
2496 5094 2528 5150 et
2540 5098 2590 5165 pu·

627 5253 822 5356 Quatenus
842 5258 939 5331 cnim
959 5253 1065 5333 Dens
1091 5252 1261 5353 cognosci
1277 5262 1395 5354 polest
1444 5261 1554 5327 notus
1637 5190 1794 5260 mentem
1816 5188 1955 5309 ileum?
1976 5290 1986 5309 .
2006 5186 2135 5308 mm
2157 5193 2340 5265 “mum
2360 5189 2436 5261 '¹¹¹²
2452 5174 2589 5265 instuiii

1403 5306 1414 5338 ’
1638 5316 1719 5363 cum
1734 5304 1897 5363 nominat
1913 5292 2147 5365 dsvrnrtatem.

983 5369 1046 5450 cst
1068 5355 1186 5435 Dens.

646 5470 651 5477 ,
1739 5388 1795 5463 Ac
1815 5393 2082 5463 meminerimus
2105 5390 2173 5467 hoc
2195 5396 2295 5482 loco,
2325 5391 2486 5465 noticiam
2505 5393 2586 5453 nalu-

699 5490 888 5589 Espoaitio
915 5510 970 5569 est
989 5493 1246 5588 propositionis
1274 5508 1378 5567 antea
1407 5494 1587 5579 recitatae,
1638 5495 1757 5568 ralern.
1775 5494 1822 5563 de
1842 5491 1919 5565 Deo
1945 5518 2019 5569 esse
2048 5497 2136 5585 legis
2156 5498 2343 5581 noticiam,
2384 5507 2417 5567 st
2436 5510 2503 5561 noo
2520 5502 2585 5573 pro-

597 5622 668 5694 qoa
685 5600 897 5690 generaliter
922 5614 1122 5689 arguuntur
1142 5620 1268 5669 ornnes
1285 5593 1467 5682 homines,
1491 5598 1588 5692 quod
1638 5596 1844 5670 missionem
1873 5598 2130 5687 evangelicam,
2169 5602 2216 5673 de
2240 5599 2388 5693 gratuita
2408 5584 2585 5681 amiciora

598 5702 784 5774 veritatem
799 5702 839 5771 in
856 5700 1037 5792 iniusticia
1052 5701 1254 5786 detineant,
1277 5699 1315 5772 id
1331 5711 1406 5784 cst,
1431 5722 1507 5773 non
1522 5700 1590 5769 ob-
1639 5713 1784 5791 propter
1796 5698 1923 5775 filium.
1971 5698 2065 5773 Nam
2085 5695 2175 5778 hacc
2192 5703 2377 5795 promissio
2392 5699 2583 5786 nequaqnam

599 5816 796 5899 temperent
821 5803 892 5896 legi
915 5800 996 5877 Dei.
1047 5799 1163 5877 Addit
1182 5802 1307 5891 igitur,
1341 5824 1431 5894 quae
1455 5800 1506 5873 sit
1525 5798 1587 5870 illa
1638 5801 1744 5875 insita
1772 5814 1825 5873 cst
1852 5799 1894 5871 in
1920 5802 2098 5891 creatione
2119 5806 2306 5885 ,mentibus
2335 5794 2504 5877 humanit,
2536 5779 2582 5853 “d
