5825 6950
345 660 445 741 teet
550 664 653 745 xttt.
704 664 741 747 7.
776 664 1078 745 aaaauarto
1102 664 1260 747 ortsr.
1288 661 1593 745 ratontsao
1620 650 1952 755 rtttorttomt.
2002 678 2200 763 car.1v.
2306 698 2403 775 asoa

342 841 428 931 ligi,
444 850 477 909 et
496 834 678 911 iubarum
697 840 853 935 ipsarum
870 866 990 932 rernm
1004 866 1075 915 nsu
1090 842 1210 914 lucere
1225 844 1358 933 iidem,¹
1397 841 1486 911 dnm
1502 864 1643 933 corpus.
1675 838 1749 917 'Ae
1766 868 1905 942 semper
1922 852 1961 923 in
1973 848 2130 931 Ecclesia
2148 842 2312 938 aeternae
2327 872 2395 943 ab.

335 942 631 1028 invocationem,
656 945 970 1017 etaliasrirtotes.
1382 946 1616 1017 -scrvatioaes
1653 949 1806 1020 multum
1844 954 2127 1047 disputationum
2159 990 2394 1063 pepererunt,

454 1044 526 1117 sad
571 1043 778 1119 manichaea
813 1058 847 1119 et
879 1048 1134 1140 anabaptistica
1169 1047 1342 1121 colluvies
1384 1046 1479 1141 qnia
1503 1050 1558 1119 vel
1582 1064 1728 1141 propter
1752 1054 1938 1140 ordinem,
1971 1062 2027 1132 vel
2051 1080 2196 1159 pmpter
2216 1078 2392 1164 exercitia,

337 1148 514 1219 fascinata
540 1174 560 1219 a
584 1149 729 1220 diabolo
752 1165 905 1222 ostentat
935 1174 1065 1221 novam
1099 1151 1342 1237 sanctitatem,
1393 1164 1559 1221 externae
1589 1152 1731 1247 aliquae
1752 1158 2018 1237 obseivatiooes
2049 1162 2207 1245 hnmano
2239 1180 2389 1251 consilio

336 1251 445 1344 qtrasi
470 1251 684 1345 reliquerint
706 1263 858 1336 terram,
886 1268 920 1325 et
935 1254 1089 1324 volitent
1109 1254 1263 1324 incoelo
1279 1278 1341 1325 ex.
1393 1252 1634 1327 instituuntur
1649 1268 1709 1327 aut
1726 1261 1990 1353 suscipiuntur,
2017 1293 2109 1365 eptae
2124 1290 2243 1365 postea
2262 1302 2388 1373 super-

335 1370 396 1423 m
418 1349 511 1423 hanc
528 1357 621 1425 vitae
639 1357 861 1445 societatem,
889 1371 923 1430 et
938 1356 1045 1427 iactat
1061 1358 1196 1427 interea
1219 1377 1257 1426 ee
1274 1352 1340 1427 ha·
1391 1356 1537 1427 stitione
1560 1360 1817 1449 depravantur,
1855 1388 1935 1435 cum
1961 1368 2142 1465 affingitur
2165 1380 2289 1470 opiuin
2311 1408 2387 1455 rne-

335 1458 427 1527 bere
454 1458 637 1526 mirandos
660 1458 813 1533 aiiiatus.
861 1455 908 1530 Et
930 1460 1022 1552 quia,
1037 1455 1123 1529 haec
1139 1454 1339 1555 hypocrisis
1390 1458 1472 1545 riti,
1499 1459 1615 1531 cultus
1636 1475 1695 1531 ant
1717 1468 1944 1544 necessitatis.
1995 1471 2201 1549 ldeoetiam
2228 1500 2385 1559 vetustas

336 1559 569 1631 mendacium
587 1573 637 1631 est
647 1612 660 1646 ,
688 1565 753 1630 nec
768 1577 887 1633 carent
903 1564 1010 1631 rebus
1027 1556 1065 1630 in
1083 1556 1150 1633 hac
1166 1562 1258 1643 vita,
1283 1562 1336 1631 ia·
1389 1561 1523 1632 taxavit
1545 1563 1855 1655 superstitionem,
1880 1570 1977 1642 iuxta
1999 1576 2133 1648 dictum
2153 1589 2383 1659 memorabile
2434 1612 2441 1621 ·

335 1663 442 1733 ciunt
467 1675 586 1752 postea
613 1663 840 1733 confusiones
863 1664 1081 1747 libidinum,
1127 1677 1163 1735 et
1189 1679 1336 1735 movent
1389 1654 1596 1734 Athanasii:
1625 1661 2079 1771 καλὸνὴἄσκησιςμεάτα
2094 1678 2263 1779 ἀληθοῦς
2282 1684 2384 1789 yvtti-
2483 1696 2507 1739 ⁹
2623 1758 2630 1775 .

336 1766 555 1845 seditiones,
581 1778 615 1836 et
636 1766 764 1835 volunt
780 1790 909 1835 noram
930 1766 1184 1862 ierosolymam
1201 1768 1329 1837 consti·
1388 1786 1501 1851 σεως,
1528 1762 1592 1838 καὶ
1609 1768 1850 1866 coppacpiac.

337 1884 458 1949 tuere,
492 1868 583 1937 sicut
607 1891 709 1958 saepe
731 1870 871 1940 accidit.
924 1866 1016 1939 Nam
1040 1886 1074 1941 et
1095 1870 1183 1939 olins
1207 1870 1335 1939 similis
1492 1864 1539 1940 Ut
1555 1883 1673 1941 autem
1694 1888 1788 1945 recte
1805 1876 1985 1952 iudicetur
1999 1884 2044 1953 de
2060 1886 2189 1961 ritibus
2204 1887 2381 1981 humanis,

335 1970 542 2060 'l'ragoedia
577 1968 854 2041 Monasteriensi
885 1970 1012 2041 accidit
1038 1972 1074 2039 in
1102 1966 1256 2066 Phrygia
1293 1973 1331 2041 in
1386 1980 1501 2040 totum
1525 1994 1654 2065 corpus
1676 1976 1858 2048 doetrinae
1879 1988 2075 2057 tenendum
2099 2003 2169 2073 est,
2202 1994 2292 2067 sicut
2320 1994 2378 2069 hic
2472 2020 2476 2031 ‘

333 2076 474 2167 oppido
499 2072 657 2164 Pepttza,
685 2098 790 2165 qnam
815 2074 1050 2145 nominabant
1078 2075 1213 2143 n'ovam
1235 2073 1333 2145 lero·
1384 2096 1528 2166 quoquc
1551 2072 1686 2145 Paulus
1715 2078 1800 2151 iacit
1822 2080 2017 2157 antithesin
2041 2096 2321 2169 necessariorum
2343 2113 2378 2172 et

333 2176 535 2273 ⁴scalpassem,
561 2187 595 2245 et
617 2171 1177 2249 babebautibilanaticosvates.
1314 2246 1318 2255 ,
1383 2196 1459 2244 non
1485 2178 1778 2257 necessariorum.
1837 2182 1956 2257 Pietas
1978 2190 2078 2262 utilis
2100 2210 2151 2267 est
2175 2202 2219 2269 ad
2242 2202 2376 2277 omnia.

439 2277 539 2371 Haec
559 2279 757 2348 admonitio
775 2293 898 2367 contra
913 2279 1216 2372 Anabaptistaset
1232 2278 1330 2348 simi.
1382 2274 1555 2348 Nominat
1579 2294 1697 2352 antem
1722 2284 1886 2373 pietatem
1914 2290 2022 2365 simul
2051 2296 2157 2367 iidem
2189 2314 2222 2373 et
2253 2326 2377 2377 omnes

336 2382 393 2453 les
412 2382 559 2472 spiritus
572 2382 763 2463 fanaticos,
792 2382 979 2470 diiigenter
995 2383 1253 2452 consideranda
1268 2394 1331 2457 est.
1384 2380 1598 2451 necessarias
1621 2384 1787 2469 virtutes,
1812 2411 1875 2459 seu
1893 2394 2013 2465 omnia
2031 2381 2139 2490 opera
2154 2402 2259 2475 nobis
2274 2406 2389 2477 man·'

337 2486 396 2555 Ac
418 2483 550 2554 Paulus
579 2483 660 2554 ideo
690 2484 827 2577 inquit:
870 2482 1118 2555 Sanctificetur
1143 2483 1244 2553 cibus
1268 2506 1332 2573 per
1382 2483 1464 2551 data
1494 2482 1681 2558 divinitus.
1728 2485 1776 2559 Et
1806 2492 1909 2562 valde
1929 2496 2081 2589 insignis
2110 2506 2283 2577 sententia
2314 2524 2377 2599 est,

337 2588 490 2657 verbum
515 2582 601 2666 Dei,
640 2600 683 2657 ut
706 2588 831 2658 doceat
851 2600 1000 2673 ‚utentes
1029 2588 1209 2680 quomodo
1235 2588 1329 2657 bona
1379 2584 1479 2678 quod
1496 2586 1546 2658 ait
1565 2589 1820 2678 promissiones
1841 2602 2035 2687 praesentis
2058 2618 2093 2677 et
2117 2606 2259 2679 futurae
2282 2610 2375 2684 vitae

336 2689 554 2761 conscientia
577 2688 684 2757 rebtts
706 2690 758 2758 uti
783 2688 940 2779 possint,
966 2689 1057 2762 sicut
1080 2688 1168 2759 aiibi
1193 2688 1329 2782 inquit:
1382 2686 1506 2778 pietati
1520 2692 1722 2783 propositas
1736 2716 1829 2777 esse,
1857 2712 1892 2769 et
1907 2702 2008 2773 addit
2025 2728 2220 2801 expressam
2236 2736 2374 2787 asseve-

337 2792 521 2886 Qnicquid
536 2814 610 2859 non
625 2805 675 2861 est
692 2814 733 2860 ex
748 2792 828 2877 tide,
845 2806 1026 2885 peccatum
1044 2807 1106 2875 est,
1127 2790 1254 2864 Roma.
1268 2790 1329 2863 14.
1379 2788 1573 2860 rationem:
1606 2790 1733 2865 Certus
1764 2808 1817 2871 est
1850 2822 1966 2875 sermo
1987 2819 2022 2877 et
2044 2810 2145 2881 firma
2169 2816 2373 2889 assensione

339 2894 428 2964 liius
443 2896 529 2966 dicti
544 2893 716 2964 sententia
734 2896 855 2965 nativa
872 2910 964 2965 recte
980 2898 1130 2965 tenenda
1147 2908 1210 2966 est.
1244 2888 1328 2963 Non
1381 2890 1659 2983 amplectendo&

342 3009 477 3068 tamum
502 3010 554 3069 e„
576 2997 687 3085 mm
711 2998 865 3082 dmum,
912 2998 1002 3067 33„st
1026 2998 1131 3067 mum
1155 2996 1329 3086 interpra-
1482 2992 1585 3066 Hanc
1613 2997 1856 3075 dulcissimam
1888 3018 1923 3077 et
1954 3010 2105 3085 maxime
2140 3024 2371 3095 necessariam

339 3114 460 3170 mmm
481 3096 548 3171 hoc
566 3103 690 3168 modo,
717 3097 899 3193 Quicquid
918 3094 1140 3189 pmffiffimm
1156 3112 1208 3169 ,ῃ
1225 3120 1329 3167 Μ.
1379 3094 1601 3184 doctrinam,
1647 3100 1693 3171 de
1716 3104 1856 3177 duobus
1880 3112 2068 3199 generibus
2091 3122 2372 3209 promissionum

338 3203 432 3273 datis
447 3203 581 3273 divinis
596 3204 642 3271 ad
659 3225 724 3272 nos
740 3202 1000 3294 pertinentibus
1015 3215 1195 3293 peccatum
1213 3212 1275 3273 est.
1314 3233 1318 3243 ·
1378 3210 1520 3290 oporiet
1540 3200 1816 3277 familiaritiimt
1838 3224 1958 3283 nolim
1986 3238 2073 3291 0³⁸0·
2131 3218 2186 3294 At
2216 3226 2372 3316 primum

439 3303 655 3400 Quanquam
676 3319 796 3375 autem
820 3300 879 3375 bic
900 3304 1023 3392 legalis
1045 3303 1249 3375 intellectus
1264 3324 1327 3372 ee·
1379 3302 1475 3395 quod
1497 3304 1540 3372 ad
1557 3298 1792 3396 Evangelium
1816 3314 1962 3403 attinet,
1988 3320 2145 3394 continet
2160 3328 2371 3417 promissio·

335 3430 399 3480 rus
416 3422 487 3490 est,
512 3422 630 3500 tamen
648 3410 809 3499 nondum
825 3406 944 3480 reddit
968 3420 1079 3478 totam
1103 3404 1326 3487 sententiam,
1378 3423 1462 3471 nem
1493 3405 1714 3481 remissionis
1748 3425 1993 3507 peccatorum,
2039 3436 2073 3494 et
2107 3428 2369 3505 restitutionem

336 3510 426 3583 dieti
448 3510 611 3583 Paulini:
645 3511 807 3605 sedquia
828 3511 866 3582 iit
893 3509 1028 3580 mentio
1049 3509 1152 3591 fidei,
1187 3520 1327 3606 oportet
1376 3505 1475 3602 tritae
1503 3523 1665 3580 aeternae
1688 3535 1753 3602 per
1776 3515 1889 3588 tilium
1915 3517 1999 3604 Dei,
2042 3539 2077 3597 et
2098 3543 2246 3624 propter
2270 3561 2369 3622 eum,

336 3614 527 3708 complecti
548 3613 798 3703 Evangelium.
850 3611 925 3684 Nec
945 3626 1083 3685 tantum
1106 3611 1328 3699 intelligatur
1378 3611 1476 3702 quud
1508 3613 1832 3687 manifestissimum
1857 3636 1920 3696 est.
1979 3623 2127 3702 Constat
2156 3635 2252 3704 enim
2275 3632 2368 3710 hauc

334 3719 425 3788 fides
448 3719 493 3787 de
518 3717 647 3788 noticia
675 3712 863 3797 historiae,
890 3715 1140 3787 sicntdicuut:
1166 3711 1325 3784 Honesta
1377 3733 1453 3780 etse
1475 3715 1707 3806 principalem
1729 3741 1851 3790 *ΟΜ
1876 3719 2087 3821 Evangelii,
2121 3735 2268 3808 “fliium
2293 3763 2367 3811 ⁸⁸⁸0

334 3843 446 3914 opera
470 3809 628 3892 hominis
658 3815 792 3889 etimici
821 3821 897 3890 non
928 3819 1068 3910 placent
1095 3815 1198 3896 Deo,
1241 3815 1324 3910 qttia
1378 3813 1492 3883 tilium
1514 3815 1604 3902 Dei,
1633 3834 1673 3891 ot
1697 3821 1836 3894 aboleat
1858 3841 2040 3916 peccatum
2062 3846 2099 3905 et
2121 3853 2292 3931 mortem,
2332 3857 2368 3916 et

335 3947 414 3996 „011
435 3935 489 3994 est
516 3924 554 3993 in
584 3921 802 4016 professione
823 3915 1045 3993 Christiana:
1088 3921 1148 4006 sed
1174 3917 1327 4008 intelligi
1378 3918 1542 3989 restituat
1566 3919 1673 3992 vitam
1696 3937 1887 3997 aeternam.

337 4039 480 4120 oportet
496 4050 614 4096 „mm
633 4026 756 4105 fidem,
784 4046 873 4117 qn„
889 4025 1023 4096 „cept
1040 4025 1084 4093 ,d
1101 4019 1216 4092 neum
1232 4021 1326 4090 fidu.
1479 4016 1551 4090 Sed
1568 4044 1632 4092 cur
1646 4023 1753 4111 dicit,
1770 4023 2004 4120 Evangeiinm
2023 4029 2366 4138 haberepraesentis

337 4129 392 4200 εἰ,
413 4131 639 4209 mediam„
673 4142 707 4199 εχ
729 4129 869 4198 invocat
890 4149 985 4200 eum,
1040 4123 1111 4198 Ubi
1136 4123 1216 4196 talis
1238 4123 1325 4193 fidet
1349 4166 1354 4245 i
1378 4119 1472 4193 vitae
1506 4123 1798 4214 promissionem,
1836 4155 1917 4202 cnm
1943 4132 2103 4213 Ecclesia
2135 4145 2181 4216 sit
2207 4151 2366 4225 subiecta

338 4245 508 4313 nonest,
553 4235 613 4302 sed
637 4256 699 4300 cor
723 4233 793 4320 agit
817 4241 939 4300 contra
960 4227 1229 4308 conscientiam,
1264 4236 1326 4297 ani
1349 4268 1353 4302 t
1378 4223 1501 4293 truci?
1550 4223 2030 4326 liemfflffl‘liiiiflfflssissffl
2044 4241 2269 4324 Malui-24⁸
2303 4251 2366 4324 1¹¹·

337 4349 460 4407 manet
483 4337 521 4405 in
547 4334 787 4418 dubitatione,
826 4347 867 4404 ut
888 4335 1106 4421 suspendens
1128 4330 1262 4414 iurem,
1291 4339 1326 4398 et
1349 4310 1354 4466 ;
1377 4323 1551 4396 terfititni
1575 4350 1639 4399 vot
1662 4344 1695 4401 ti
1718 4331 1816 4406 erili·
1847 4337 1931 4408 odio
1961 4343 2129 4416 omnibu·
2158 4343 2366 4428 hominibus

338 4454 459 4510 tamen
489 4438 694 4509 existimans
717 4459 755 4506 se
778 4449 901 4507 contra
932 4432 1049 4505 Deum
1077 4434 1211 4512 iacere,
1251 4450 1326 4500 non
1350 4486 1353 4495 .
1377 4439 1525 4520 propter
1546 4453 1678 4502 nomeu
1703 4457 1835 4512 meum.
1885 4437 1933 4512 Et
1947 4439 2066 4514 Lucae
2082 4445 2136 4522 2:
2162 4449 2276 4526 Filius
2298 4453 2366 4529 ho-

337 4555 455 4635 potest
485 4543 652 4614 invocare
683 4538 821 4625 Deum,
863 4553 897 4610 et
931 4537 1004 4628 agit
1031 4560 1112 4607 cum
1145 4546 1326 4605 contemtu
1379 4529 1488 4602 minis
1507 4554 1581 4602 nou
1599 4527 1706 4606 habet
1722 4538 1786 4608 ubi
1804 4540 1953 4614 reclinet
1978 4548 2108 4638 ceput?
2159 4551 2257 4628 Haec
2279 4575 2366 4635 sont

333 4643 414 4719 Dei·
1377 4634 1637 4726 praedictiones
1652 4639 1796 4721 mortis,
1822 4663 1899 4712 non
1915 4648 2240 4741 vitaepraesentis?
2290 4661 2363 4735 Sed

442 4745 499 4819 Sit
522 4747 633 4840 igitur
655 4758 740 4818 nota
764 4739 851 4814 baec
872 4744 995 4832 regula
1018 4737 1140 4820 Pauli,
1174 4751 1210 4811 et
1232 4750 1327 4810 recte
1376 4739 1594 4828 respondeo:
1623 4733 1780 4834 Utraque
1803 4747 2001 4838 propositio
2021 4754 2201 4830 verissima
2223 4769 2294 4849 est,
2327 4779 2362 4840 et

339 4850 619 4941 in„11;3„„„2
642 4848 840 4950 praeluceat
860 4846 1028 4927 omnibus
1051 4842 1267 4923 actionibus,
1293 4853 1328 4910 et
1375 4839 1535 4910 subiecta
1557 4853 1609 4910 est
1633 4835 1793 4915 Ecclesia
1811 4849 1929 4936 cruci,
1962 4863 1996 4924 et
2017 4867 2136 4929 tamen
2151 4855 2259 4936 babet
2279 4890 2364 4957 pro-

339 4977 388 5026 ne
404 4955 492 5048 qnid
507 4953 680 5024 Mamm
695 4965 817 5023 mmm
834 4948 1107 5028 ,0n„5,n,;,m‚
1134 4959 1168 5020 ,t
1182 4956 1224 5014 „a
1240 4968 1327 5015 ton.
1377 4940 1585 5012 missionem
1607 4943 1786 5016 bonorum
1808 4953 2067 5043 corporalium,
2099 4962 2189 5035 sicut
2211 4969 2365 5042 coniun-

340 5055 488 5130 scientia
504 5071 647 5146 regatur
668 5051 777 5126 verbo
792 5050 878 5132 Dei,
905 5074 945 5120 sc
965 5051 1076 5142 possit
1091 5049 1254 5120 accedere
1271 5047 1327 5115 in·
1378 5043 1429 5134 git
1444 5038 1532 5114 baec
1547 5041 1724 5118 Dominus
1737 5045 1849 5127 Marc.
1867 5055 1942 5126 toa
1967 5054 2365 5162 Recipietceutuplum,

340 5161 503 5241 watto,
545 5157 710 5231 videlicet
733 5143 848 5226 ’tamne
875 5155 972 5247 quod
999 5177 1074 5224 uon
1103 5167 1153 5226 cst
1179 5175 1220 5222 est
1240 5151 1327 5230 lide,
1377 5146 1439 5216 sed
1473 5169 1554 5216 com
1588 5147 1831 5223 tribulatione.
1888 5153 1937 5228 Et
1965 5153 2090 5234 Esaiae
2112 5167 2190 5238 8οη
2231 5169 2365 5250 Audiet

338 5278 523 5356 mmmm
550 5274 613 5338 „L
1379 5247 1568 5318 clamorem
1590 5264 1712 5338 tuum,
1746 5266 1782 5326 et
1802 5257 2156 5358 dabitvobispanem
2180 5285 2217 5344 et
2234 5297 2363 5370 aquarn

1262 5417 1269 5433 ,
1379 5350 1418 5419 in
1439 5351 1600 5440 angustia
1626 5367 1660 5426 et
1681 5353 1817 5430 dolore.

342 5422 566 5530 Corporalis
599 5424 814 5500 exercitatio
842 5417 900 5496 od
925 5415 1108 5494 modicum
1139 5425 1189 5491 cst
1212 5412 1329 5506 uitiis,

603 5529 724 5630 pictos
750 5523 807 5599 od
830 5526 975 5612 omnio,
1011 5533 1072 5596 stt.

448 5669 558 5746 Utilis
580 5667 764 5740 distinctio
792 5678 843 5735 est
865 5663 960 5733 inter
980 5655 1173 5732 necenaria
1196 5667 1232 5727 et
1254 5674 1330 5726 non
1380 5657 1415 5728 ei
1436 5653 1608 5751 bospitio,
1632 5661 1769 5752 fruges,
1794 5671 2037 5758 oeconomias,
2062 5676 2224 5774 politiae,
2251 5683 2363 5761 iacui-

346 5774 544 5848 necessaria
559 5795 685 5864 opera,
713 5771 821 5838 electa
838 5764 996 5836 exercitii
1009 5760 1124 5832 nostri
1143 5778 1265 5844 cansa,
1291 5771 1332 5831 ut
1382 5771 1489 5831 tatem
1514 5765 1731 5854 propagandi
1757 5767 1935 5851 sobolem,
1971 5786 2005 5846 et
2026 5771 2241 5873 Ecclesiam,
2274 5789 2365 5864 sicut

346 5891 431 5951 sunt
458 5875 612 5960 ieiunia,
637 5875 692 5944 vei
716 5871 778 5944 aiii
800 5871 939 5940 iabores
962 5863 1112 5960 suscepti
1125 5863 1170 5934 sd
1186 5861 1332 5934 irenen·
1354 5916 1361 5956 ,
1382 5863 1460 5956 ipse
1481 5865 1656 5936 Dominus
1684 5865 1803 5962 inquit
1824 5865 1955 5949 Mattit.
1968 5873 2021 5952 d:
2046 5875 2121 5952 Scit
2136 5899 2238 5975 pat„
2254 5907 2368 5966 vm„

397 5979 584 6054 lissam
612 5982 717 6048 Oen.
741 5977 825 6044 Ver..
853 5971 931 6040 XV.
1629 5967 1678 6040 06

1481 5451 1573 5526 Cum
1590 5455 1684 5526 enim
1704 5455 1798 5530 Deus
1817 5461 1901 5534 velit
1918 5461 1956 5534 iu
1972 5461 2038 5542 hac
2060 5474 2202 5546 mortali
2219 5479 2291 5554 vita
2315 5483 2364 5557 itt

1380 5555 1517 5626 incoari
1536 5569 1571 5628 et
1584 5557 1704 5650 colligi
1719 5555 1934 5651 Ecclesiam,
1958 5585 2075 5644 servat
2096 5599 2193 5665 eam,
2218 5587 2364 5672 praebet
