5825 6950
348 693 410 770 ns
493 691 592 766 ann
641 696 679 768 a.
704 687 1073 776 conmunramt
1101 693 1153 768 m
1178 689 1336 770 nrssr.
1362 687 1513 768 raum
1537 639 1892 769 annonarios.
1951 689 2058 775 oar.
2084 693 2170 777 xo.
2260 697 2337 776 roo

339 885 448 964 patrem
463 865 500 937 in
513 866 641 958 spiritu
657 878 691 938 et
708 866 873 954 veritate,
906 866 1032 954 idest,
1058 867 1151 938 veris
1167 879 1201 940 ct
1226 868 1299 960 spi·
1335 861 1586 938 ‘obedientiam
1617 865 1655 934 in
1680 865 1985 957 persecutionibus
2005 883 2040 942 et
2062 869 2335 961 calamitatibus,

337 969 500 1044 ritualibus
512 971 667 1040 motibus
678 971 808 1044 cordis.
1190 996 1193 1005 ’
1346 968 1477 1063 quibus
1499 967 1705 1053 obruimur,
1730 981 1765 1038 et
1786 967 1825 1038 in
1841 962 1898 1040 his
1912 969 2120 1044 invocemus
2135 970 2274 1062 Deum,
2299 990 2336 1050 et

418 1069 491 1141 lloc
503 1071 618 1162 ipsum
632 1072 710 1142 volt
724 1070 878 1153 Paulus,
903 1095 984 1142 cnm
1001 1067 1070 1144 hoc
1082 1072 1162 1143 loeo
1177 1071 1278 1166 requi
1284 1111 1299 1131 ·
1346 1072 1533 1143 credamus
1561 1069 1698 1161 placere
1722 1063 1789 1139 hos
1818 1071 1935 1142 cultus
1957 1086 2103 1165 propter
2131 1071 2336 1164 Christum,

335 1176 372 1246 cit
386 1173 582 1244 rationalem
597 1173 751 1258 cultum,
776 1174 813 1243 id
831 1188 900 1261 est,
925 1176 1060 1245 maltum
1084 1174 1233 1260 mentis,
1258 1175 1298 1244 in
1346 1186 1494 1272 propter
1511 1195 1617 1266 quem
1634 1171 1740 1242 etiam
1756 1171 1950 1266 aliqnando
1968 1177 2213 1251 liberabimur.

335 1275 598 1371 quoagooscitur
613 1289 647 1346 et
662 1270 944 1367 apprehenditur
959 1275 1077 1356 Dens,
1103 1277 1138 1344 id
1162 1290 1232 1359 est,
1258 1276 1297 1345 in
1447 1274 1561 1346 Addit
1584 1273 1713 1359 vitam,
1739 1274 1822 1367 quis
1843 1297 1978 1346 novum
1997 1275 2263 1352 Testamentum
2279 1281 2335 1354 ai-

285 1434 290 1467 ,
335 1401 392 1470 qno
403 1377 550 1446 esistunt
564 1377 638 1446 veri
654 1391 773 1448 motus
789 1401 870 1467 erga
883 1375 1020 1462 Deum,
1046 1379 1173 1459 timor,
1198 1378 1298 1465 tides,
1344 1377 1413 1447 lert
1436 1389 1642 1467 perpetuam
1668 1374 1844 1446 iusticiam
1869 1390 1904 1448 et
1929 1379 2051 1453 vitam.
2104 1378 2191 1454 ldco
2214 1385 2336 1478 requi-

285 1476 291 1537 l
336 1480 505 1558 invocatio,
537 1478 724 1554 confessio.
772 1475 941 1552 Excludit
963 1503 1046 1570 ergo
1067 1478 1202 1551 Paulus
1221 1504 1296 1550 uon
1345 1492 1475 1550 cuntur
1491 1479 1560 1548 iarn
1576 1489 1764 1570 perpetuae
1780 1471 1934 1566 hostiae,
1953 1495 2144 1574 perpetuae
2162 1485 2285 1556 laudes
2300 1499 2337 1559 et

334 1581 420 1650 nodo
436 1578 601 1670 pecuinas
614 1576 758 1665 hostias,
774 1583 835 1652 secl
851 1582 956 1652 etism
973 1577 1162 1652 hominum
1177 1605 1297 1675 opera,
1344 1580 1539 1672 gratiarum
1560 1579 1727 1654 actiones.
1777 1577 1858 1650 Non
1874 1580 1945 1652 iarn
1961 1584 2111 1675 pecudes
2127 1589 2335 1658 mactandae

334 1705 363 1752 ac
374 1704 439 1750 non
452 1681 567 1752 solum
584 1677 849 1754 Monachorum
864 1684 1091 1768 traditiones,
1112 1684 1296 1756 sedetiam
1344 1697 1439 1768 sunt,
1457 1684 1517 1751 sed
1535 1681 1623 1754 tales
1639 1675 1796 1772 hostiae,
1812 1705 1903 1776 quae
1918 1707 2102 1780 quanqum
2118 1687 2336 1760 mortifican-

285 1788 289 1829 ²
334 1783 456 1854 moralia
485 1807 612 1874 opera,
651 1788 940 1880 quandocunque
967 1787 1044 1856 sine
1070 1783 1201 1856 timore
1228 1783 1297 1858 Dei
1344 1799 1417 1870 tur,
1432 1797 1552 1854 tamen
1567 1783 1674 1854 simul
1690 1783 1896 1876 concipiunt
1912 1809 2042 1858 novam
2058 1787 2236 1876 vitamus
2252 1811 2335 1884 per·

286 1834 293 1953 i
333 1885 445 1954 etsine
474 1885 545 1957 lide
575 1887 675 1961 liunt.
734 1883 871 1977 Pugnat
905 1888 1011 1959 etiarn
1034 1885 1139 1958 Pauli
1160 1889 1296 1959 dictum
1344 1900 1453 1980 petuo
1471 1886 1586 1958 Deum
1603 1885 1814 1977 glorificent.

286 1994 290 2005 '
333 1986 556 2058 universaliter
568 2012 648 2058 enm
665 1989 839 2080 opinione
851 1991 896 2060 de
910 2013 1017 2081 opere
1032 2005 1194 2081 operato:
1226 2004 1297 2061 est·
1446 1987 1632 2074 Sanctam,
1647 1986 1683 2055 id
1702 1999 1772 2072 est,
1787 1989 1832 2058 ad
1848 2009 1934 2058 usus
1949 1989 2092 2062 divinos
2109 1993 2332 2080 destinatam,

333 2111 384 2181 qne
401 2090 661 2160 abominandus
683 2115 784 2160 error
806 2091 1110 2174 adversariorum,
1143 2091 1206 2185 qui
1228 2092 1297 2161 tin-
1345 2092 1389 2162 ad
1412 2089 1674 2162 invocationem
1696 2088 1782 2174 Dei,
1808 2090 1850 2160 ad
1876 2093 2196 2181 praedicationem,
2221 2095 2335 2186 glori·

288 2266 292 2295 Ι
332 2204 398 2278 gnnt
412 2189 560 2260 Missam
575 2215 617 2262 ex
636 2215 744 2285 opere
763 2207 907 2286 operato
931 2195 1067 2281 valere,
1099 2192 1176 2265 sine
1198 2196 1296 2266 hono
1344 2191 1693 2278 ficationem,etalia
1711 2191 1804 2263 bona
1820 2197 2022 2284 opera,sed
2040 2195 2221 2280 ita,utad
2237 2191 2334 2270 hunc

288 2314 292 2353 ι
332 2305 406 2362 notu
420 2293 566 2368 utentis.
1344 2293 1606 2368 finemclirecta
1624 2293 1714 2376 sint,
1742 2307 1782 2366 ut
1797 2293 1909 2380 gloria
1926 2291 1995 2366 Dei
2012 2312 2170 2374 ornetur.
2324 2348 2333 2369 .

285 2408 293 2461 t
408 2391 475 2465 llic
498 2395 600 2466 euim
624 2391 778 2481 Paulus,
813 2421 893 2469 cnm
916 2399 1068 2493 requirit
1087 2399 1296 2470 rationalem
1444 2392 1523 2469 Deo
1540 2396 1752 2488 placentem:
1785 2395 1832 2468 Ut
1854 2409 1972 2468 autem
1992 2421 2082 2489 opus
2097 2395 2334 2494 Deoplaccat,

288 2490 294 2549 Ι
333 2495 456 2577 toltum,
489 2497 651 2590 postulat
668 2500 800 2570 bonnm
820 2513 957 2572 motum
980 2501 1130 2584 utentis,
1163 2500 1297 2575 scilicet
1344 2500 1418 2570 dno
1442 2499 1692 2595 requiruntur,
1721 2497 1904 2584 videlicet,
1936 2503 2032 2592 qnod
2058 2502 2102 2572 sit
2125 2504 2334 2576 mandatum

331 2619 407 2668 seros
420 2614 539 2670 motus
553 2599 693 2669 timoris
709 2614 742 2673 et
760 2601 843 2671 fidei
857 2623 938 2692 erga
954 2599 1085 2674 Deum.
1344 2601 1477 2683 aDeo,
1505 2617 1538 2674 et
1552 2603 1649 2695 qnod
1665 2601 1724 2670 bat
1741 2600 1777 2668 in
1796 2600 1864 2670 fids
1885 2623 1946 2670 seu
1962 2602 2089 2672 fiducia
2105 2597 2258 2690 Christi,
2282 2604 2336 2676 si-

406 2696 469 2772 Est
499 2701 617 2790 igitur
642 2695 728 2774 haec
747 2700 851 2773 Pauli
875 2706 1089 2796 propositio:
1122 2699 1298 2777 Obtestor
1345 2704 1588 2794 cutscriptum
1613 2717 1682 2773 est:
1713 2701 1828 2772 luctus
1846 2725 1889 2773 ex
1911 2703 1980 2772 fide
2004 2703 2110 2779 vivet.
2162 2703 2335 2800 Requiri-

332 2825 388 2886 ιω,
409 2817 446 2873 ut
460 2803 651 2894 praestetis
663 2802 739 2875 Deo
754 2829 855 2876 veros
872 2808 989 2880 cultus
1005 2807 1219 2901 spirituales,
1234 2831 1297 2879 seu
1346 2819 1406 2878 tur
1422 2806 1533 2894 igitur
1550 2819 1583 2876 ct
1607 2799 1673 2874 hoc
1690 2803 1769 2874 loco
1785 2797 1870 2874 haec
1887 2804 1973 2874 fides
1989 2805 2028 2874 in
2044 2807 2212 2877 omnibns
2227 2809 2335 2879 bonis

332 2917 420 2974 notus
435 2905 578 2989 cordis,
603 2905 652 2976 ita
669 2919 709 2976 ut
731 2908 978 3002 obtemperent
1001 2934 1148 3000 corpora
1168 2924 1296 2997 vestra,
1346 2909 1534 3000 operibus,
1569 2919 1609 2977 ut
1622 2907 1805 2977 credamus
1828 2904 1964 2996 placere
1988 2901 2074 2977 haec
2091 2932 2164 2979 uon
2189 2923 2335 3004 propter
2425 2947 2430 2960 κ

335 3022 356 3074 et
366 3007 439 3080 bant
448 3000 608 3093 hostiae,
641 3011 703 3078 sc'u
723 3023 767 3080 ut
787 3032 850 3080 vos
872 3010 1142 3105 obtemperetis,
1173 3027 1209 3085 et
1232 3015 1297 3084 lia·
1346 3025 1504 3081 nostram
1518 3009 1749 3098 dignitatern,
1775 3021 1836 3077 aut
1852 3009 2033 3100 propriam
2050 3010 2257 3099 puritatem,
2272 3013 2336 3084 scd

337 3108 362 3176 tis
376 3103 515 3182 hostiae.
1345 3123 1492 3204 propter
1507 3110 1708 3201 pontificem
1723 3101 1917 3182 Christum.
1970 3109 2072 3182 Sicut
2085 3125 2119 3182 ct
2131 3109 2258 3184 Petrus
2275 3113 2335 3184 ine·

412 3209 513 3299 Quae
542 3222 597 3281 est
617 3223 734 3282 autern
761 3209 938 3307 emphasis
960 3213 1000 3284 in
1020 3215 1196 3288 vocabulo
1217 3212 1296 3286 llo·
1345 3214 1442 3309 quit:
1469 3211 1671 3284 offerentes
1685 3206 1819 3282 hostias
1836 3211 2054 3302 spirituales,
2080 3225 2240 3307 acceptas
2254 3211 2333 3288 Deo

337 3311 419 3381 siae?
443 3310 608 3382 Primum
625 3311 761 3386 oblatio
776 3329 828 3388 est
845 3317 1021 3387 confessio
1032 3322 1219 3414 quaedam,
1233 3340 1296 3390 seu
1344 3338 1410 3408 per
1427 3314 1542 3386 lesum
1557 3309 1753 3387 Christum.
1794 3307 1943 3384 EtEbr.
1957 3313 2103 3386 ultimo:
2130 3312 2201 3388 Per
2215 3315 2334 3409 ipsunt

336 3413 520 3501 testificatio,
549 3413 646 3508 quod
673 3438 903 3507 agnoscamus
917 3410 1043 3490 Deum.
1093 3417 1142 3493 Et
1162 3433 1296 3492 macta·
1344 3417 1537 3491 offeramus
1563 3410 1715 3487 hostiam
1738 3415 1867 3491 laudis.
2319 3483 2331 3505 g

294 3535 299 3602 Ι
337 3514 369 3583 tia
392 3517 564 3609 siguificat
592 3516 701 3589 fuisse
726 3520 941 3591 destinatam
962 3520 1118 3616 aliquam
1142 3536 1294 3593 mortem
1446 3516 1513 3591 Est
1528 3542 1611 3611 ergo
1633 3542 1769 3589 summa
1789 3514 1896 3589 huius
1917 3516 2188 3612 propositionis:
2225 3516 2339 3593 Prae-

335 3632 540 3709 pnpeccato.
595 3616 702 3705 ltem,
735 3624 831 3715 quod
847 3618 941 3693 hanc
954 3638 1118 3697 naturam
1132 3625 1296 3696 vitiosam
1345 3621 1431 3713 cipit
1446 3622 1577 3695 utDeo
1592 3620 1816 3706 obediamus,
1847 3634 1881 3691 et
1898 3634 1937 3693 nt
1953 3615 2256 3692 haccobcdientia
2272 3622 2335 3695 fiat

295 3717 296 3722 ’
335 3720 439 3791 aboleri
454 3733 641 3814 oporteat,
672 3736 706 3795 et
722 3724 819 3816 quod
835 3724 874 3793 in
896 3748 936 3796 ea
956 3740 1071 3797 morte
1091 3727 1295 3800 obedientia
1345 3724 1385 3794 in
1398 3748 1483 3795 sero
1500 3724 1627 3795 timore
1641 3722 1729 3801 Dei,
1756 3745 1837 3791 vera
1859 3720 1946 3803 tide,
1972 3736 2006 3793 et
2030 3716 2097 3794 hoc
2111 3722 2200 3803 fine,
2227 3736 2268 3795 ut
2284 3722 2332 3793 il·

294 3831 298 3842 ·
335 3815 607 3915 lleoprsestando
623 3822 678 3894 sit.
731 3824 855 3919 ltaque
868 3822 954 3896 haec
970 3826 1040 3899 tria
1061 3824 1296 3921 comprehen-
1343 3827 1471 3897 lustret
1492 3826 1642 3916 gloriam
1666 3822 1753 3904 Dei,
1777 3838 1813 3895 et
1836 3822 1961 3895 invitet
1984 3824 2073 3893 alios
2087 3824 2131 3894 ad
2148 3824 2332 3915 pietatem.

336 3922 386 4005 dit,
408 3950 483 3997 cnm
501 3924 669 3996 nominat
689 3920 860 4013 hostiam,
885 3928 1052 4001 videlicet
1075 3931 1294 4022 agnitionem
1343 3928 1392 4000 Et
1407 3929 1492 4023 quia
1509 3924 1691 3999 transtulit
1707 3926 1907 3995 doctrinam
1924 3928 1969 3995 de
1985 3925 2091 3996 bonis
2103 3926 2273 4017 operibus
2286 3928 2335 3997 acl

338 4044 379 4092 seu
395 4026 684 4115 glorificationem
703 4027 795 4113 Dei,
834 4031 1144 4103 mortificationem
1168 4034 1295 4120 nostri,
1343 4031 1463 4101 locum
1479 4050 1705 4101 communem
1730 4029 1774 4096 de
1800 4022 1945 4117 hostiis,
1973 4027 2076 4097 valde
2095 4027 2208 4096 multa
2233 4050 2334 4099 corne

337 4128 639 4199 resarciendam
666 4128 706 4197 in
735 4132 1009 4203 mortificatione
1033 4138 1293 4225 praestandam,
1343 4132 1468 4224 plexus
1485 4144 1556 4216 est,
1579 4129 1762 4214 videlicet,
1786 4130 1882 4221 quod
1908 4130 1956 4200 sit
1979 4149 2120 4198 necesse
2134 4125 2211 4200 Deo
2226 4152 2333 4221 prae·

338 4227 488 4320 elidem,
531 4254 603 4323 qua
627 4230 823 4317 credimus,
855 4236 952 4328 qnod
975 4250 1119 4327 propter
1140 4232 1293 4307 hostiam
1342 4248 1436 4305 stare
1457 4236 1611 4318 cultum,
1644 4233 1740 4325 quod
1771 4244 1931 4323 oporteat
1957 4253 2023 4301 nos
2046 4228 2223 4303 subiectos
2257 4252 2332 4301 esse

337 4320 488 4400 Christum
503 4327 573 4403 hae
590 4325 724 4403 hostiae
739 4334 902 4424 placeant
916 4332 1012 4416 Deo,
1038 4360 1145 4431 qoem
1167 4362 1294 4409 omnes
1341 4335 1610 4407 afflictionibus.
1662 4332 1769 4411 ltem,
1795 4334 1891 4425 quod
1915 4345 2074 4425 oporteat
2092 4330 2212 4401 omnia
2235 4332 2332 4403 bona

337 4418 442 4501 hostiae
469 4456 611 4525 semper
630 4434 935 4523 significaverunt,
965 4452 1001 4511 et
1019 4452 1164 4529 propter
1186 4464 1292 4535 quem
1341 4461 1448 4527 opera
1466 4437 1541 4507 lieri
1560 4438 1599 4505 in
1616 4437 1702 4519 lide,
1735 4449 1769 4505 et
1791 4432 1916 4503 referri
1932 4436 1976 4503 ad
1994 4430 2194 4523 exemplum
2208 4433 2254 4501 ad
2270 4452 2332 4501 ex·

336 4526 450 4604 heroas
466 4548 639 4626 acceptae.
688 4530 754 4607 Est
769 4561 853 4629 ergo
870 4542 1062 4610 sententia:
1088 4537 1200 4615 Fictis
1223 4538 1292 4613 ho·
1340 4540 1503 4610 citandos
1525 4538 1633 4629 alios,
1665 4549 1705 4607 ut
1734 4536 1932 4605 innotescat
1954 4533 2062 4607 Deus.
2117 4529 2224 4615 Item,
2248 4555 2330 4603 curn

292 4715 297 4728 Ι
337 4631 417 4719 stiae,
438 4636 562 4721 idest,
586 4638 783 4725 agnoscite,
808 4640 1007 4730 praedicate
1023 4643 1293 4731 seuglorilicate
1340 4642 1414 4713 sint
1433 4638 1622 4725 sacrificia,
1664 4637 1826 4730 placeant
1849 4632 1925 4707 Deo
1958 4647 2104 4732 propter
2128 4631 2330 4725 pontificem

338 4726 437 4820 licum,
448 4750 483 4809 et
498 4738 670 4811 sustinete
678 4740 996 4825 mortificationem,
1012 4744 1291 4840 etcreditequod
1340 4739 1542 4828 Christum,
1575 4765 1655 4812 curn
1677 4738 1812 4810 accedit
1836 4737 1931 4810 fides.

338 4822 365 4899 li
384 4840 478 4911 sestri
507 4840 626 4911 cultus
648 4840 809 4934 placeant
829 4844 908 4915 Deo
932 4858 1078 4937 propter
1095 4840 1291 4931 Christum,

338 4952 571 5034 propterquam
586 4954 620 5012 et
635 4964 698 5012 vos
711 4943 795 5015 ostis
807 4938 956 5017 hostiae.
1008 4944 1108 5019 Haec
1130 4963 1182 5020 est
1204 4948 1290 5019 sim·

339 5034 514 5121 plicisssims
531 5044 719 5120 sententia.
1444 5044 1488 5117 ln
1518 5041 1587 5117 hoc
1623 5046 1721 5115 dicto
1752 5042 1923 5135 repetitur
1962 5037 2125 5131 superior
2156 5035 2330 5109 sententia

417 5140 486 5213 lam
500 5145 532 5215 si
548 5146 782 5233 cogitabimus
797 5168 863 5217 nos
878 5170 952 5218 esse
972 5142 1127 5242 hostias,
1154 5149 1291 5223 intelli·
1341 5172 1404 5243 per
1435 5144 1644 5221 antithesin:
1688 5144 1741 5217 Ne
1781 5140 1973 5215 habeamus
2012 5138 2157 5211 affectus
2196 5136 2330 5215 similes

287 5291 288 5296 ,
340 5254 510 5319 munos
525 5261 668 5318 vocatos
682 5270 774 5333 esse,
796 5272 872 5319 nou
890 5254 936 5319 ad
951 5245 1059 5323 huius
1078 5254 1206 5323 mundi
1226 5276 1292 5324 vo-
1339 5253 1623 5329 mundanorum,
1662 5248 1723 5318 sed
1750 5268 1863 5317 novos
1887 5244 2032 5315 allectus
2054 5237 2132 5311 Deo
2154 5239 2329 5311 obedien·

287 5359 288 5402 ἒ
339 5332 477 5429 lunato,
500 5370 603 5439 opes,
629 5350 842 5437 potentiam,
865 5354 927 5422 sed
942 5355 988 5424 ad
1005 5378 1147 5442 necem,
1171 5350 1292 5425 horri-
1339 5368 1402 5425 tes.
1470 5350 1561 5423 Nam
1605 5374 1687 5421 coru
1726 5360 1820 5419 vetat
1852 5345 1984 5417 imitari
2017 5343 2211 5425 mundum,
2252 5364 2327 5411 non

287 5485 288 5515 r
339 5433 395 5509 hile
417 5448 553 5530 odiurn,
588 5449 800 5523 afflictiones
821 5453 940 5523 omnis
962 5458 1119 5544 generis,
1159 5457 1290 5550 quibus
1339 5457 1519 5546 vituperat
1544 5474 1618 5533 res,
1660 5472 1811 5546 quarum
1846 5470 1949 5519 nsum
1990 5442 2088 5517 Dens
2128 5440 2328 5527 ordinarit,

342 5558 590 5635 “ammaonte
608 5552 754 5623 diabolo
776 5566 812 5624 et
833 5554 954 5647 impiis
974 5551 1193 5632 hominibus.
1243 5556 1291 5633 Et
1338 5580 1414 5627 non
1429 5567 1523 5626 vetat
1537 5576 1640 5625 usum
1658 5548 1838 5631 ciborum,
1864 5546 2041 5636 coniugii,
2075 5544 2328 5634 imperiorum,

287 5663 291 5808 p
343 5638 527 5721 itacham·
541 5666 609 5725 stat
625 5656 668 5724 sd
685 5677 784 5725 aram
807 5669 993 5748 aspectans
1013 5660 1155 5730 assidue
1175 5660 1289 5730 donec
1338 5659 1572 5742 iudiciorum,
1598 5666 1859 5735 contractuum,
1884 5664 1919 5723 et
1931 5648 2082 5718 aliarum
2098 5641 2165 5715 Dei
2180 5642 2325 5714 ordina-

342 5734 476 5819 isiacae:
497 5751 546 5823 ita
567 5768 778 5827 nosstemns
795 5758 976 5839 adaram,
1000 5760 1123 5847 idest,
1146 5762 1185 5830 in
1202 5784 1289 5831 con-
1339 5760 1496 5841 nonum,
1520 5762 1579 5828 secl
1603 5751 1769 5852 prohibet
1793 5751 1938 5823 vitiosos
1957 5748 2114 5820 allectus.
2167 5742 2250 5815 ldeo
2267 5742 2325 5812 in-

344 5836 464 5917 leniam
482 5868 514 5922 et
535 5855 790 5943 glorificatione
804 5854 891 5938 Dei,
924 5874 959 5931 et
982 5876 1198 5955 praestemus
1211 5858 1288 5935 Deo
1338 5864 1434 5957 quit:
1460 5856 1609 5945 Gestus,
1634 5858 1671 5929 id
1688 5868 1760 5941 est,
1784 5864 1903 5923 motus
1916 5850 2026 5924 animi
2042 5870 2116 5921 noo
2132 5845 2206 5918 sint
2224 5842 2324 5916 simi·

379 5942 542 6025 ltnam.
568 5960 672 6032 om.
695 5961 779 6031 Ver..
807 5961 886 6032 XV.
1789 5952 1838 6031 46

1466 4902 1528 4980 Nc
1552 4902 1748 4981 imitemini
1764 4911 1890 5001 gestas
1914 4894 2028 4973 huius
2051 4895 2194 4973 mundi.
