5825 6950
310 663 394 743 40⁵
685 662 770 740 xtt.
820 660 1121 743 ENAltlithO
1149 662 1202 741 IN
1226 660 1412 741 atauo.
1445 662 1663 743 lOANNlS.
1712 666 1821 747 CAP.
1847 672 1986 752 xvllt.
2276 678 2353 757 406

313 842 484 911 articarlo.
535 835 1055 921 Fitctuisetilimnlieie'sse,
1079 851 1115 911 et
1132 841 1312 913 lateturse
1365 840 1500 912 tionem
1516 840 1753 934 pontificiam,
1778 857 1810 915 et
1826 846 2021 919 multorum
2039 849 2265 943 politicorum
2282 850 2351 927 ho·
2453 894 2457 900 ·

315 942 455 1033 Regem
477 964 570 1026 esse,
594 954 632 1013 et
652 942 807 1013 declarat
829 964 999 1031 regnum,
1023 942 1208 1035 inquiens:
1238 942 1313 1015 Re-
1363 943 1523 1029 minum,
1546 946 1610 1036 qui
1632 946 1787 1033 cogitant
1804 944 1997 1019 Ecclesiam
2020 974 2094 1022 esse
2117 955 2278 1045 politiam
2302 958 2351 1027 si-

316 1068 427 1133 gnum
451 1022 571 1115 ericum
599 1057 750 1115 nonest
775 1039 1093 1129 dehocmnndo,
1127 1058 1234 1138 atque
1262 1047 1310 1116 ita
1363 1044 1484 1114 mitem
1501 1065 1623 1135 regno,
1648 1047 1687 1115 in
1705 1070 1777 1143 quo
1794 1064 1956 1142 oporteat
1971 1076 2083 1125 unum
2100 1058 2246 1153 aliquod
2266 1060 2351 1129 visi-

317 1147 511 1217 discrimen
536 1146 635 1237 regui
657 1144 832 1231 Messias,
857 1148 955 1239 quod
978 1159 1031 1216 est
1046 1158 1250 1231 aeternum,
1275 1162 1310 1217 et
1364 1148 1436 1215 hile
1462 1162 1567 1242 caput
1590 1171 1683 1230 esse,
1718 1167 1891 1221 armatum
1916 1157 2091 1245 potentia,
2122 1172 2156 1231 et
2180 1174 2350 1252 potestate

316 1248 417 1339 regni
434 1248 583 1337 politici,
600 1250 699 1342 quod
715 1262 933 1319 cessaturum
948 1263 1013 1334 est,
1029 1250 1152 1321 tradit.
1189 1248 1308 1339 Quin·
1362 1250 1542 1319 condendi
1557 1251 1651 1341 teges
1667 1265 1700 1322 et
1717 1252 1995 1345 interpretandi,
2011 1257 2153 1329 laxandi
2170 1276 2204 1333 et
2220 1264 2350 1334 astrin-

317 1366 395 1435 tas‚
423 1348 547 1440 Quare
559 1349 685 1421 ludaei
699 1350 837 1421 dicante
862 1347 976 1421 Nobis
998 1374 1074 1420 non
1095 1352 1180 1421 licet
1198 1354 1311 1421 iater-
1361 1352 1468 1441 gendi
1495 1352 1587 1441 leges
1611 1354 1750 1423 divinas
1776 1367 1810 1425 et
1843 1352 2027 1435 humanas.
2078 1358 2126 1434 Et
2151 1359 2219 1433 hoc
2245 1378 2352 1458 caput

317 1454 421 1523 ficere
434 1453 726 1547 quenquam,ubi
739 1452 957 1545 deploranda
971 1467 1023 1525 est
1040 1448 1225 1524 horribilis
1240 1456 1308 1523 mi·
1362 1455 1486 1522 soleant
1503 1456 1684 1541 alligatum
1704 1480 1775 1525 esse
1791 1472 1886 1529 certo
1903 1458 2001 1547 loco,
2028 1476 2063 1533 et
2080 1464 2244 1535 electioni
2261 1468 2349 1537 certi

317 1556 407 1627 seria
421 1556 565 1645 generis
580 1551 744 1641 humani,
761 1555 857 1648 quod
875 1578 949 1623 non
964 1555 1080 1626 solum
1100 1554 1231 1640 ludaei,
1247 1561 1307 1627 sed
1361 1555 1520 1645 collegii,
1545 1557 1877 1648 utinaliisregnis.
1927 1559 2018 1632 Cum
2042 1579 2168 1638 natura
2186 1562 2348 1639 homines

315 1659 421 1727 etiam
434 1653 586 1729 Etbnici
600 1653 1020 1737 interficiunthristum,
1037 1672 1077 1726 ut
1092 1659 1310 1749 significetur
1361 1660 1562 1749 intelligant
1589 1661 1750 1751 politica,
1774 1662 1928 1733 libenter
1951 1666 2206 1741 transformant
2226 1668 2350 1740 Eccle-

312 1782 439 1829 omnes
463 1754 629 1831 homiues
651 1783 731 1831 reos
752 1782 826 1831 esse
838 1760 967 1829 mortis
982 1754 1135 1844 Christi,
1162 1756 1231 1831 hoc
1246 1776 1309 1848 est,
1359 1762 1448 1829 siam
1466 1762 1505 1829 in
1522 1762 1626 1833 talem
1644 1758 1836 1832 humanam
1856 1765 2027 1856 politiam.
2067 1768 2137 1841 Sed
2158 1766 2349 1844 haecirua-

312 1862 645 1953 parcipteromuium
662 1857 851 1931 hominum
873 1876 1012 1952 peccate
1034 1864 1073 1929 in
1087 1878 1163 1935 toto
1179 1886 1307 1953 genere
1362 1864 1500 1952 ginatio
1529 1865 1714 1933 refutanda
1743 1880 1793 1936 est
1818 1883 1963 1958 propter
1987 1870 2098 1940 mnlta
2122 1872 2349 1944 incommoda

312 1958 671 2036 hamanoChristum
686 1986 928 2053 passumesse.
979 1964 1122 2048 Sextus,
1148 1963 1308 2036 Herodes
1359 1988 1450 2059 qaaere
1467 1980 1677 2058 sequantur,
1693 1968 1775 2060 quia
1793 1969 1975 2062 tyrannica
1991 1985 2144 2063 potestas
2160 1970 2228 2044 hoc
2243 1998 2348 2067 prae-

313 2066 502 2137 Christum
525 2066 753 2139 contumetiis
773 2065 884 2136 allicit
906 2066 1034 2135 ludens
1058 2065 1307 2158 morcEpicu-
1360 2079 1456 2137 textu
1491 2069 1742 2152 constituitur,
1775 2070 1891 2163 qualis
1930 2073 1997 2145 hait
2023 2074 2225 2165 pontificia,
2258 2100 2349 2169 quae

310 2194 481 2253 reonrm,
504 2192 586 2239 cum
602 2181 722 2239 tamen
737 2167 809 2237 dici
826 2168 932 2237 vellet
949 2191 1009 2238 rer
1024 2169 1062 2237 in
1080 2169 1213 2261 populo
1229 2166 1308 2243 Dei.
1359 2171 1491 2239 maltos
1510 2171 1639 2260 impios
1665 2172 1781 2241 cattus
1806 2186 1842 2243 ct
1868 2173 1963 2244 idola
1991 2176 2190 2248 corastituit:
2218 2177 2348 2249 deinde

308 2270 517 2363 Septimus,
541 2268 726 2341 Confessio
742 2268 870 2352 Pilati,
895 2272 992 2362 qarod
1013 2267 1071 2340 hic
1085 2272 1247 2363 captivas
1263 2274 1308 2343 sit
1359 2273 1520 2342 doctrina
1537 2274 1581 2341 de
1596 2296 1699 2343 cruce
1720 2286 1754 2343 et
1774 2276 2026 2365 promissiones
2051 2279 2253 2368 spirituales
2278 2280 2348 2351 ob·

309 2373 544 2456 innocens,ct
557 2371 796 2443 rursusPitati
811 2372 991 2441 iniusticia
1009 2368 1069 2442 hic
1084 2374 1308 2459 describitur,
1359 2389 1560 2446 seruantur.
1611 2373 1700 2444 Nam
1726 2376 1822 2445 oculi
1848 2377 1977 2449 intenti
2003 2380 2042 2449 in
2069 2381 2213 2471 politica
2240 2383 2348 2469 bona,

317 2477 379 2567 qni
395 2490 436 2545 ut
451 2474 578 2567 aliquo
592 2476 701 2543 modo
717 2473 874 2545 dimittat
894 2471 1044 2545 ludaeos
1058 2475 1233 2567 placatos,
1250 2477 1308 2545 in·
1359 2472 1416 2545 his
1432 2476 1570 2545 amissis
1589 2490 1713 2566 putant
1728 2474 1921 2549 Ecclesiam
1938 2504 1957 2550 a
1976 2478 2051 2553 Deo
2069 2483 2239 2553 abiectam
2261 2506 2347 2559 esse.

321 2588 505 2647 nocentem
520 2574 704 2649 Christum
720 2578 819 2647 iubet
836 2576 983 2667 flagellis
998 2579 1116 2662 caedi,
1142 2593 1177 2649 et
1197 2580 1308 2670 spinis
1463 2576 1547 2649 ideo
1569 2592 1750 2648 teneamus
1771 2604 1890 2649 veram
1914 2596 1948 2653 ct
1968 2584 2141 2654 eruditam
2166 2586 2346 2657 definitio·

312 2681 492 2749 coronari.
542 2673 724 2760 Octavus,
752 2676 920 2749 Vincitur
933 2676 1069 2751 Pilatus
1084 2695 1199 2764 metu,
1226 2706 1306 2752 cum
1359 2705 1440 2750 nem
1456 2681 1556 2769 regni
1575 2681 1638 2749 tilii
1653 2680 1733 2754 Dei.
1784 2680 1949 2773 Regnum
1961 2680 2082 2756 Chrisi
2099 2700 2150 2759 est
2169 2688 2346 2777 guberna-

309 2780 533 2853 minitantur
557 2778 705 2865 ludaei,
745 2802 782 2849 se
807 2796 1030 2853 recusaturos
1062 2782 1179 2873 ipsum
1211 2786 1307 2883 apud
1358 2785 1410 2852 tio
1425 2778 1560 2853 Christi
1584 2784 1781 2874 colligentis
1802 2786 1872 2855 sihi
1885 2781 2078 2858 Ecclesiam
2101 2812 2165 2881 per
2187 2790 2348 2861 ministe-

307 2879 521 2967 Cacsarem,
546 2884 643 2976 quod
667 2877 803 2953 hostem
829 2880 988 2955 Caesaris
1012 2885 1181 2957 dimittat.
1234 2886 1307 2956 No·
1359 2886 1452 2955 rium
1469 2883 1675 2975 Evangelii,
1702 2888 1869 2957 omnibus
1894 2892 2115 2981 temporibus
2139 2893 2286 2977 mundi,
2313 2902 2347 2962 et

310 3008 395 3067 nus,
409 2982 679 3057 Condemnatio
694 2980 829 3057 Christi
843 2987 937 3057 facta
952 3010 973 3057 a
989 2984 1117 3072 Pilato,
1132 3001 1167 3059 ct
1182 2985 1307 3057 dimis-
1358 2987 1544 3066 liberantis
1561 3010 1637 3057 eam
1654 3010 1674 3057 a
1693 3002 1832 3079 peccato
1849 3004 1884 3061 et
1900 3004 2040 3061 aeterna
2057 3008 2190 3074 morte,
2214 3007 2248 3065 et
2264 3016 2348 3064 san·

313 3088 363 3157 sio
378 3086 577 3159 Barrabse.
629 3084 727 3158 llaec
742 3101 827 3159 sunt
843 3087 1051 3180 praecipuae
1071 3106 1188 3181 partes
1209 3092 1307 3163 tertii
1358 3090 1543 3159 ctihcantis
1558 3112 1635 3157 earn
1653 3091 1736 3159 dato
1752 3089 1891 3182 Spiritu
1914 3109 2055 3175 sancto,
2083 3106 2123 3163 ut
2142 3096 2187 3165 sit
2205 3109 2347 3165 aeterna

314 3204 429 3276 actus,
456 3190 497 3261 in
512 3214 586 3284 quo
609 3204 870 3262 consumuntur
883 3185 993 3261 horae
1013 3214 1082 3266 sex.
1358 3191 1469 3281 ipsius
1496 3186 1711 3273 haereditas,
1744 3206 1779 3261 et
1811 3193 2025 3263 mirabiliter
2052 3194 2277 3267 defendentis
2310 3210 2346 3267 et

1358 3285 1510 3383 regentis
1537 3315 1613 3361 eam
1641 3293 1679 3359 in
1708 3287 1775 3362 hac
1800 3294 1893 3379 vita,
1934 3308 1975 3367 ut
2000 3319 2084 3367 vere
2108 3298 2267 3378 invocet,
2312 3310 2348 3369 et

671 3422 730 3475 n,
773 3420 857 3489 „a
871 3432 901 3474 ι
919 3432 948 3477 0,
1357 3408 1523 3486 agnoscat
1548 3394 1708 3463 exaudiri
1736 3416 1877 3486 preces,
1908 3420 1950 3466 ac
1974 3396 2125 3470 celebret
2150 3397 2285 3484 Deum,
2312 3410 2348 3471 et

1357 3499 1599 3568 resuscitantis
1621 3521 1699 3568 eam
1721 3521 1764 3568 ex
1793 3511 1908 3572 morte
1930 3501 1975 3571 ad
1997 3501 2107 3572 vitam
2135 3518 2170 3574 et
2194 3501 2346 3594 gloriam

415 3595 509 3670 Cum
530 3593 635 3669 hadas
655 3609 893 3689 repraesentet
918 3595 1081 3668 omnium
1104 3606 1305 3688 temporum
1356 3615 1547 3673 aeternam.

322 3689 534 3786 haereticos,
559 3699 644 3771 item
668 3703 865 3770 desertores
883 3697 1091 3788 llvsngetii,
1115 3702 1202 3772 item
1220 3725 1307 3771 con·
1459 3702 1501 3773 ln
1528 3697 1596 3773 hac
1621 3701 1862 3794 descriptione
1894 3701 2028 3774 dicitur
2061 3699 2242 3777 Christum
2270 3729 2346 3776 non

320 3799 469 3872 sitiarios
484 3815 691 3894 potentum,
718 3800 782 3894 qui
797 3798 986 3872 artificiosa
1007 3801 1122 3892 specie
1145 3803 1306 3873 alienant
1356 3805 1511 3875 otiosum
1536 3827 1633 3894 esse,
1659 3816 1699 3874 ut
1725 3805 1873 3896 tingitur
1897 3805 1936 3873 in
1963 3805 2106 3896 politica
2132 3801 2346 3902 κακοζηλίᾳ,

321 3901 458 3974 animos
491 3904 694 3996 principum
720 3905 766 3973 ab
790 3897 1010 3994 Evangelio,
1046 3919 1108 3976 aut
1132 3905 1306 3975 alienatos
1356 3909 1418 3976 sed
1438 3929 1520 3976 vere
1543 3907 1717 3975 efficacem
1741 3928 1831 3989 esse,
1869 3920 1903 3976 ct
1924 3905 1974 3976 sic
1994 3929 2096 3998 saepe
2125 3911 2250 3980 definit
2277 3905 2346 3980 hoc

323 4005 547 4090 contirmant,
574 4019 608 4077 et
631 4007 670 4075 in
692 4006 744 4076 eis
766 4005 849 4075 odia
866 4006 1109 4090 inflammant,
1134 4008 1173 4077 in
1192 4031 1304 4098 poena
1356 4031 1506 4099 regnum
1522 4007 1671 4091 Paulus,
1697 4022 1738 4078 ut
1753 4009 1795 4076 ad
1806 4003 1938 4098 Ephes.
1956 4009 2007 4081 1.:
2035 4007 2155 4100 lpsum
2173 4009 2272 4082 dedit
2287 4033 2346 4080 ca·

324 4099 428 4178 ludae
446 4109 538 4178 iram
554 4102 940 4180 Deiornneshomines
955 4122 1174 4193 metuant,et
1192 4111 1304 4180 vitent
1358 4126 1421 4201 put
1434 4110 1676 4200 superomnia
1695 4105 1894 4191 Ecclesiae,
1930 4126 2092 4202 quaeest
2115 4135 2244 4205 corpus
2269 4113 2345 4182 eius
2383 4127 2387 4146 ¹

321 4227 439 4279 causas
454 4205 646 4282 huiustam
663 4205 1024 4303 horrendaepoenae.
1069 4208 1181 4281 Periit
1193 4213 1306 4281 Arius
1355 4235 1395 4282 ac
1417 4213 1623 4304 plenitudo,
1659 4211 1787 4303 idest,
1829 4212 2014 4302 integrum·
2038 4237 2166 4305 corpus
2197 4209 2344 4296 Christi,

321 4308 439 4382 etiusis
457 4313 655 4393 intestinis,
679 4327 720 4384 ut
739 4309 864 4398 ludas,
888 4312 993 4406 periit
1015 4310 1147 4383 loliani
1166 4315 1306 4406 peaeie-
1355 4315 1475 4385 omnia
1499 4314 1729 4384 inmanibus
1757 4313 1982 4404 perficientis.
2032 4309 2165 4406 Aperte
2193 4310 2346 4386 affirmat

320 4423 413 4498 ctus,
435 4438 553 4506 peros
571 4415 683 4485 effuso
698 4430 871 4499 stercore,
886 4415 998 4488 etalii
1014 4415 1305 4495 innumerabiles,
1355 4413 1538 4487 Christum
1565 4417 1739 4484 efficacem
1772 4437 1846 4484 esse
1876 4416 1915 4484 in
1951 4415 2122 4486 membris
2152 4411 2345 4499 Ecclesiae,

320 4535 384 4584 aec
408 4518 539 4588 desunt
563 4517 721 4609 exempta
749 4530 891 4588 nostrae
915 4517 1033 4589 aetati.
1083 4517 1174 4588 Nam
1200 4518 1304 4587 malti
1354 4520 1449 4587 idem
1465 4531 1584 4610 postea
1600 4517 1702 4588 dicit:
1729 4514 1836 4588 Sedet
1851 4519 1897 4588 ad
1914 4518 2073 4588 dextram
2096 4517 2227 4609 patris,
2255 4518 2344 4588 dans

320 4618 585 4690 concionatores
603 4617 722 4708 ”inrpii
748 4619 868 4691 subito
893 4620 931 4689 in
960 4619 1047 4719 ipsis
1072 4620 1305 4691 concionibus
1356 4621 1450 4692 dona
1474 4615 1694 4702 bominibus.

321 4719 463 4792 extincti
486 4735 582 4792 sunt.
633 4719 841 4790 Timeamus
861 4745 945 4813 ergo
965 4722 1137 4792 iudicium
1154 4719 1245 4808 Dei,
1270 4738 1305 4792 et
1456 4701 2343 4813 Hacigiturnoscnnsolationesustentemus,quod

323 4819 358 4887 ia
375 4847 458 4892 vera
474 4822 646 4892 sententia
662 4820 853 4913 Evangelii
867 4825 980 4896 simus
994 4837 1214 4908 constantes,
1239 4849 1305 4894 nec
1355 4845 1439 4893 rere
1454 4825 1548 4893 tilius
1566 4822 1632 4893 Dei
1648 4823 1752 4893 nobis
1765 4824 1873 4906 adest,
1890 4821 1989 4890 iuvat
2006 4832 2039 4889 et
2056 4834 2255 4913 propugnat
2266 4845 2343 4908 nos,

322 4925 498 5015 corrumpi
522 4948 588 4994 nos
613 4924 772 4994 sinamus
799 4926 967 5015 pecunia,
992 4940 1054 4994 aut
1078 4925 1305 4996 simulatione
1355 4926 1429 4995 sive
1451 4922 1647 4995 habeamus
1669 4939 1811 4996 externa
1836 4923 2029 5014 praesidia,
2055 4923 2130 4992 sire
2146 4925 2255 4994 simus
2276 4948 2343 5014 op·

323 5019 586 5096 benevotemiae
609 5026 832 5117 principum,
856 5042 919 5098 aut
938 5049 1000 5117 spe
1018 5027 1216 5109 honoriam,
1242 5042 1304 5098 aut
1354 5028 1465 5120 pressi
1484 5050 1598 5097 cruce.
1638 5023 1721 5094 Non
1736 5037 1920 5117 propterea
1935 5024 2064 5096 abiecit
2079 5047 2144 5095 nos
2159 5025 2253 5096 tilius
2262 5023 2342 5114 Dei,

324 5128 517 5218 potentiae,
534 5141 575 5197 ut
589 5129 799 5199 adiuvemus
813 5129 951 5202 iurores
965 5153 1088 5200 eorum
1104 5129 1166 5224 qcri
1181 5126 1305 5201 Evan-
1355 5131 1536 5199 credentes
1551 5129 1590 5196 in
1606 5127 1741 5220 ipsum,
1766 5126 1903 5198 etiarnsi
1923 5147 2045 5196 sumus
2061 5125 2098 5195 in
2114 5127 2240 5196 mediis
2256 5148 2341 5218 sup-

324 5227 448 5312 getium
476 5233 642 5302 oderunt.
1356 5231 1482 5322 pliciis.
1533 5227 1630 5298 Haec
1646 5227 1840 5298 consolatio
1860 5240 1894 5298 et
1909 5228 2087 5298 invocatio
2104 5227 2168 5296 titii
2184 5225 2270 5317 Dei,
2303 5239 2340 5298 et

414 5329 470 5403 De
491 5347 619 5425 quarto
642 5330 812 5414 articulo,
836 5331 1002 5406 videlicet
1021 5333 1307 5404 decortiessione
1356 5354 1438 5399 sera
1467 5331 1631 5400 exercitia
1663 5329 1745 5400 tidei
1781 5329 1884 5400 valde
1916 5319 2155 5402 obscurantur
2185 5327 2341 5422 politicis

326 5424 450 5504 Christi
465 5435 560 5524 apud
578 5437 820 5524 magistratum
837 5430 1041 5520 ethnicum,
1062 5437 1217 5528 primum
1234 5435 1307 5504 cri·
1355 5433 1682 5522 imaginationibus.

329 5557 402 5606 men
428 5549 500 5618 est,
537 5540 634 5628 qaaod
660 5537 826 5608 seditiose
852 5554 955 5608 vocet
979 5560 1017 5608 se
1043 5562 1171 5628 regem.
1233 5537 1308 5610 Hic
1456 5532 1613 5604 Ecclesia
1645 5533 1755 5622 igitur
1776 5531 1816 5600 in
1838 5525 1906 5602 hac
1932 5529 2005 5602 vita
2035 5555 2110 5602 non
2133 5533 2341 5604 estsimilis

329 5631 485 5709 Christus
506 5661 667 5729 expresse
687 5639 818 5708 latetur
835 5661 873 5710 se
887 5637 965 5710 esse
977 5663 1113 5730 regem,
1137 5653 1306 5712 ettamen
1355 5659 1466 5727 regno
1492 5635 1638 5718 mundi,
1664 5647 1699 5702 et
1723 5651 1840 5704 temen
1857 5646 1909 5704 est
1924 5647 2044 5706 coetus
2060 5635 2231 5718 visibilis,
2256 5635 2340 5726 qais

331 5741 419 5812 tddit
444 5740 794 5831 interpretationem:
821 5738 988 5830 Regnum
1014 5765 1132 5812 meum
1155 5765 1230 5814 non
1256 5755 1309 5812 est
1328 5781 1332 5818 a
1354 5733 1463 5808 babet
1478 5751 1620 5807 esterna
1639 5736 1761 5824 signa,
1796 5757 1860 5826 per
1876 5757 1966 5828 qun
1980 5749 2215 5826 agnoscentur
2229 5755 2341 5804 mem-

331 5835 368 5912 te
386 5839 454 5914 boc
473 5845 623 5914 mundo.
672 5840 745 5912 Hic
764 5841 941 5914 discamus
964 5843 1116 5914 retuure
1131 5822 1332 5936 imagine-l
1355 5841 1441 5927 bra,
1473 5839 1871 6012 ⁰¹³³⁰¹¹¹¹l⁰ffl¹m³
1893 5850 1994 5924 sunt,
2029 5837 2194 5910 videlicet
2218 5835 2341 5908 Eran-
