5825 6950
336 655 404 734 ιιι
621 747 634 760 ‚
715 653 800 733 ιιι.
849 620 1700 734 unaunarromnvano.1oauuts.
1749 645 1987 732 cauvr'u.
2180 621 2184 632 ’
2304 671 2374 747 aaa

334 850 422 902 sams
448 847 492 898 ac
519 819 792 918 apprehendens
815 821 954 911 Deum,
984 839 1079 897 recte
1102 828 1263 900 iotlieans
1282 829 1328 898 cle
1379 820 1544 910 Christos
1560 843 1664 918 negat
1685 851 1723 902 se
1744 831 1899 916 venisse,
1934 845 1974 906 ut
1997 837 2189 916 mustitnat
2213 841 2373 930 politiora

337 933 515 1002 volontate
537 927 620 1000 Dei.
678 927 818 1000 Deinde
847 927 1023 1020 promittit
1045 953 1163 1000 veram
1181 932 1327 1001 liberta-
1376 941 1440 999 aot
1473 954 1621 1019 regnum
1656 936 1859 1024 corporale:
1903 935 1951 1006 ait
1974 960 2016 1014 ,se
2042 961 2115 1012 non
2142 965 2216 1020 essa
2238 967 2277 1020 ex
2303 941 2370 1021 hoa

335 1049 413 1117 tem,
456 1055 552 1125 quae
583 1043 634 1099 est
655 1029 845 1100 liberaris
869 1045 1011 1122 peccato
1033 1046 1067 1101 et
1086 1057 1108 1101 a
1129 1047 1244 1102 morte
1266 1057 1325 1102 ae-
1375 1036 1532 1117 mundo,
1566 1035 1626 1106 sed
1651 1035 1796 1112 missum
1820 1059 1911 1120 esse,
1944 1052 1980 1114 ut
2000 1039 2063 1110 liat
2084 1043 2245 1126 victima,
2264 1061 2304 1126 ,at
2320 1049 2368 1120 ita

337 1153 440 1219 rana,
471 1155 558 1202 vere
581 1132 693 1223 recipi
708 1156 729 1201 a
744 1131 842 1220 Deo,
868 1146 904 1203 et
924 1133 1052 1204 donari
1069 1151 1244 1226 ¹perpetua
1268 1135 1324 1204 iu·
1373 1133 1518 1209 demum
1533 1135 1648 1208 salvos
1666 1137 1762 1221 lore,
1795 1139 1825 1210 si
1841 1141 1987 1212 credant
2012 1142 2123 1233 ipsius
2146 1148 2248 1233 voci,
2276 1151 2365 1242 ‚quia

336 1239 415 1308 picta
434 1245 474 1304 et
492 1234 579 1317 visa,
604 1234 694 1304 sicut
711 1234 816 1324 paulo
832 1248 912 1326 post
929 1237 974 1304 de
990 1235 1155 1307 libertate
1168 1238 1321 1308 dicetur.
1373 1258 1457 1306 vrro
1479 1237 1597 1308 nolint
1617 1238 1798 1324 asseullrls
1829 1242 1996 1314 ‘loturum
2026 1258 2066 1316 ⁰¹
2089 1261 2268 1328 ‘leflllll'
2288 1263 2362 1330 Μ’

336 1338 413 1410 p,ec
428 1336 737 1423 „oneonrtngonr
755 1329 832 1417 his,
865 1334 930 1429 qui
954 1350 1094 1406 tantum
1115 1339 1228 1425 legem
1253 1362 1322 1408 no·
1371 1336 1584 1428 illapolitia.
1633 1337 1813 1412 Haecluit
1830 1343 1942 1433 prima
1958 1345 2116 1420 offensio.
2170 1347 2360 1431 Atinam

340 1458 422 1521 mat,
461 1451 507 1508 ot
536 1438 717 1510 marinus
738 1461 779 1506 se
802 1437 915 1508 iustos
935 1461 1014 1507 esse
1035 1439 1100 1515 illa
1131 1441 1321 1534 disciplina
1371 1461 1445 1508 noo
1461 1441 1574 1512 levior
1588 1441 1627 1510 in
1641 1443 1865 1535 quaestione,
1893 1471 1982 1538 quae
1998 1443 2057 1519 bic
2072 1450 2224 1540 agitetur
2238 1456 2283 1522 de
2299 1477 2360 1527 re·

349 1541 481 1626 mg,
501 1563 571 1610 ..eu
587 1540 836 1610 observatione
851 1539 1093 1614 Mosaicorum
1112 1543 1260 1629 rituum,
1285 1558 1321 1615 et
1370 1540 1520 1630 ligione,
1544 1565 1607 1612 seu
1623 1545 1796 1630 cultibus,
1822 1541 1879 1618 bic
1894 1562 2075 1638 pugnant,
2106 1576 2152 1623 ne
2175 1554 2301 1644 religio
2319 1569 2359 1644 ,et

349 1671 374 1715 κ
388 1657 537 1738 proptu.
558 1641 669 1731 pgem
692 1639 1041 1727 habigmstgnum
1062 1657 1098 1714 er
1118 1644 1318 1716 libertatem
1369 1643 1488 1714 cultos
1510 1645 1787 1732 labefactentur,
1810 1649 1855 1718 de
1873 1651 2004 1743 quibus
2020 1655 2205 1745 praecipue
2223 1658 2370 1746 gloria·¹

344 1747 565 1839 asponiam,
606 1768 675 1838 qua
704 1743 883 1815 excutiant
903 1743 1040 1816 alienos
1062 1745 1248 1834 dominos,
1283 1759 1318 1818 et
1368 1745 1502 1816 bantur
1518 1747 1586 1816 sibi
1605 1748 1778 1818 divinitus
1791 1753 1956 1824 tradibrm
1979 1776 2053 1822 esse
2076 1755 2187 1845 legem
2212 1771 2246 1828 et
2270 1760 2360 1830 ritus

343 1850 390 1944 ipsi
405 1850 577 1920 fruantur
592 1845 752 1937 imperiis
769 1845 908 1919 mundi.
1369 1845 1565 1929 Mosaicos,
1593 1843 1686 1920 banc
1702 1851 1909 1940 religionem
1927 1854 2010 1924 inde
2033 1880 2145 1948 usque
2166 1883 2185 1934 a
2201 1856 2306 1933 Mose
2319 1874 2358 1937 st

579 2011 1060 2099 ἃΜΜΛῦΝᾸθΗΠΨω·
1367 2067 1610 2122 conservatam
1648 2076 1729 2128 esse.
1797 2052 1952 2126 Gravius
1997 2082 2079 2146 ergo
2114 2061 2358 2148 mudantur,

420 2151 577 2230 Prorsus
598 2157 757 2225 alienum
783 2179 991 2246 responsum
1016 2152 1213 2242 subiiciunt
1235 2176 1317 2244 gra·
1367 2155 1461 2244 quod
1474 2149 1636 2225 Christus
1650 2157 1716 2226 ait:
1741 2154 1823 2226 Non
1842 2171 1987 2248 propter
2003 2161 2113 2250 legem
2129 2175 2162 2232 et
2179 2161 2261 2250 illos
2279 2164 2356 2232 cul-

343 2257 487 2326 a'ggime
509 2258 706 2327 cantamine
727 2253 883 2343 Christi,
929 2258 1024 2350 quod
1050 2268 1197 2328 testatur
1225 2257 1316 2342 illos,
1366 2267 1423 2322 tus
1445 2254 1590 2326 liberari
1615 2252 1777 2326 homines
1799 2282 1818 2327 a
1843 2274 2003 2349 peceato,
2030 2245 2075 2333 'et
2104 2263 2243 2353 placere
2267 2261 2355 2349 Deo,

347 2381 474 2450 quorum
487 2360 642 2452 quidam
659 2373 847 2448 coeperant
862 2363 1020 2442 credere,
1044 2371 1086 2428 ut
1100 2359 1314 2428 assentirer·
1366 2357 1425 2427 sed
1443 2357 1593 2429 allirmat
1608 2381 1667 2430 eos
1682 2383 1756 2430 esse
1771 2360 1838 2430 sub
1862 2377 2001 2452 peccato
2014 2377 2053 2434 .et
2077 2363 2130 2434 ira
2154 2361 2233 2440 Dei.
2283 2362 2354 2436 Hic

1369 1949 1529 2039 patribus
1563 1951 1601 2020 in
1634 1946 1705 2023 boc
1733 1954 1867 2045 populo
1897 1956 2068 2045 singulari
2093 1959 2157 2030 Dei
2185 1959 2358 2042 beneficio
2497 2018 2499 2026 .

353 2472 396 2528 ιιι
412 2455 502 2530 burc
525 2483 603 2532 esse
624 2459 812 2547 Messinm,
845 2474 964 2531 tamen
988 2455 1314 2532 adbuctenerein-
1365 2480 1448 2545 ergo
1462 2460 1579 2530 oritur
1593 2461 1740 2548 longum
1757 2476 1791 2532 et
1806 2476 1906 2534 atrox
1923 2480 2110 2551 certamen.
2145 2465 2214 2540 Sed
2234 2467 2354 2556 prius-
2484 2499 2489 2510 ·

350 2559 428 2630 iram
449 2563 584 2632 animis
608 2561 895 2652 imaginationem
916 2555 963 2632 de
988 2586 1098 2650 reguo
1124 2562 1330 2654 corporali‚'
1361 2584 1471 2652 quam
1498 2558 1564 2630 boc
1581 2562 1791 2648 dirimitur,
1830 2566 1964 2636 accedit
1994 2567 2096 2638 tertia
2125 2569 2353 2654 conflictatio,

342 2658 440 2734 adbuc
449 2666 653 2748 somniant,
678 2666 853 2758 siquidem
880 2660 937 2733 bic
960 2664 1006 2734 sit
1021 2663 1191 2749 Messias,
1207 2664 1313 2737 ,tuto-
1364 2685 1455 2753 quae
1481 2677 1534 2733 est
1556 2665 1715 2734 omnium
1737 2666 1927 2742 durissima
1950 2669 1998 2740 dc
2017 2691 2170 2758 persona
2187 2667 2352 2755 Messias,

340 2787 405 2832 rrrn
420 2789 493 2834 esse
509 2780 691 2858 potentem
708 2789 843 2857 regern,
859 2767 1054 2838 ‚florentem
1076 2767 1223 2856 opibus,
1247 2767 1311 2837 sti·
1356 2787 1442 2835 cum
1453 2788 1498 2838 se
1515 2767 1599 2836 dicit
1618 2790 1691 2837 esse
1707 2767 1844 2840 Filium
1860 2766 1946 2854 Dei,
1970 2770 2032 2863 qui
2057 2771 2211 2843 extiterit
2232 2772 2278 2840 ab
2292 2795 2352 2847 ae-

338 2881 444 2956 pstum
458 2867 664 2962 agnainibus
679 2892 865 2959 procerum
880 2882 914 2939 et
933 2867 1194 2947 multitudinis,
1219 2883 1254 2939 et
1273 2871 1311 2936 in
1363 2878 1483 2952 terno,
1511 2861 1602 2938 banc
1616 2868 1775 2941 iudicant
1792 2894 1865 2960 esse
1885 2867 2162 2962 blasphemiam,
2190 2896 2266 2943 noo
2293 2897 2352 2946 ar·

337 2964 384 3038 bis
398 2991 434 3038 se
448 2995 593 3062 qnoque
617 2971 738 3040 beatos
759 2971 848 3043 lore.
899 2968 976 3042 Hac
997 2993 1059 3061 spe
1071 2970 1234 3054 adducti,
1259 2971 1312 3039 la·
1362 2969 1557 3058 gumentis,
1583 2973 1642 3041 sed
1659 2972 1750 3040 saxis
1764 2973 2029 3048 revincendam.

335 3071 429 3140 cilius
442 3073 737 3144 assentiebantur.
789 3070 894 3142 Nunc
917 3096 997 3142 eum
1019 3071 1146 3161 incipit
1167 3072 1312 3141 concio·
1457 3067 1624 3142 Recitavi
1640 3073 1796 3142 breviter
1809 3097 1981 3145 summam
1995 3075 2177 3159 locorum,
2202 3097 2293 3169 quae
2312 3074 2351 3144 in

335 3173 404 3242 nari
418 3174 462 3240 de
479 3173 663 3261 agnitione
676 3174 835 3245 veritatis
852 3186 887 3244 et
904 3173 992 3256 lide,
1024 3185 1059 3243 et
1082 3173 1149 3242 ait:
1179 3171 1231 3244 lta
1248 3175 1312 3243 de-
1362 3165 1430 3241 bac
1443 3185 1517 3243 tola
1541 3173 1711 3242 concione
1733 3197 1846 3267 usque
1868 3178 1913 3246 ad
1937 3177 2042 3246 finem
2057 3177 2189 3265 capitis
2211 3177 2351 3265 agitan-

332 3275 556 3346 roomielices
570 3277 665 3357 lore,
692 3291 726 3346 et
740 3271 927 3346 babituros
951 3275 1171 3360 libertatern,
1195 3275 1226 3345 si
1243 3275 1312 3344 fide
1362 3286 1438 3352 tur,
1467 3296 1563 3342 nunc
1582 3275 1689 3344 redeo
1712 3279 1756 3343 ad
1782 3287 1933 3360 testum,
1966 3301 2044 3346 cum
2065 3273 2230 3348 Christus
2251 3277 2351 3347 iubet

333 3389 465 3449 teneant
483 3377 560 3448 eius
577 3381 738 3463 verbum,
763 3391 799 3449 et
813 3378 853 3446 in
867 3400 907 3446 ea
923 3389 1157 3470 perseverent,
1183 3376 1309 3446 offensi
1361 3397 1421 3444 eos
1445 3397 1667 3466 perseverare
1689 3376 1726 3444 in
1750 3376 1838 3462 lide,
1879 3390 1913 3447 et
1935 3377 1983 3449 ita
2007 3378 2183 3470 promittit
2205 3379 2351 3456 liberta·

334 3479 508 3566 resiliunt,
533 3494 568 3553 et
582 3496 706 3553 contra
720 3481 922 3573 disputant,
952 3493 1080 3571 negant
1096 3502 1222 3550 seesse
1237 3503 1311 3550 ser·
1361 3491 1452 3563 tem,
1480 3477 1510 3548 si
1528 3480 1674 3549 credant
1701 3478 1814 3569 ipsius
1837 3482 1958 3555 verbo.
2014 3481 2138 3551 Iudaei
2161 3493 2350 3572 opponunt

334 3605 406 3661 ros,
430 3582 597 3653 subditos
614 3584 751 3653 alienae
774 3582 958 3674 potestati,
990 3584 1085 3674 quod
1107 3582 1151 3651 ad
1174 3581 1311 3675 proles-
1361 3579 1627 3669 responsionom
1652 3582 1696 3652 de
1712 3582 1805 3671 lege,
1832 3596 1865 3655 et
1881 3583 2041 3661 doctrina
2062 3583 2263 3672 religionis,
2289 3604 2350 3653 ac·

334 3684 479 3764 sionem,
498 3708 562 3753 seu
580 3686 779 3758 doctrinam
793 3684 976 3773 religionis
991 3684 1137 3763 attinet,
1157 3684 1217 3753 sed
1236 3707 1310 3753 esse
1361 3696 1459 3770 cepta
1478 3706 1497 3750 a
1514 3684 1694 3773 patribus,
1719 3698 1754 3754 et
1772 3680 1840 3755 buc
1863 3708 1974 3778 usque
1996 3698 2200 3757 conservata
2214 3684 2259 3763 ,in
2285 3706 2350 3774 po-

334 3808 440 3855 semen
455 3782 642 3871 Abrahae,
665 3810 805 3877 semper
817 3810 930 3880 nsque
946 3786 990 3854 ab
1006 3786 1109 3855 initio
1124 3784 1232 3855 fuisse
1246 3810 1312 3875 po·
1362 3783 1448 3872 pulo
1474 3780 1551 3855 Dei.
1603 3781 1911 3874 Argumentantur
1935 3808 1971 3857 se
1994 3810 2066 3856 esse
2087 3808 2206 3855 semen
2230 3785 2350 3859 Abra·

332 3887 448 3978 polum
471 3884 557 3967 Dei,
596 3912 781 3983 nunquam
801 3887 908 3961 luisse
930 3886 1134 3973 idolatras,
1151 3887 1311 3978 gentium
1362 3881 1428 3955 hae
1448 3900 1484 3956 et
1505 3898 1666 3976 patrum,
1700 3888 1830 3980 quibus
1851 3889 1952 3960 datae
1975 3900 2076 3959 erant
2097 3886 2348 3979 promissiones

335 4014 442 4072 crore,
474 3992 536 4061 sed
560 3992 716 4061 renuisse
737 3992 935 4061 doctrinam
960 3989 1161 4079 religionis,
1188 3990 1312 4079 legem,
1363 3989 1407 4057 de
1443 3987 1646 4078 posteritate
1682 4004 1718 4060 et
1752 3990 1912 4085 populo,
1973 3988 2012 4059 in
2046 4012 2119 4083 quo
2148 4002 2350 4061 nasceretur

335 4092 630 4161 cirtomeisionem
657 4108 692 4163 et
713 4093 802 4163 alios
826 4093 918 4162 ritus
948 4092 1098 4162 traditos
1119 4092 1263 4184 quidem
1292 4116 1312 4161 a
1362 4086 1524 4161 Messias.

335 4190 445 4283 Mose,
486 4199 548 4263 sed
582 4209 743 4287 acceptos
764 4216 829 4287 per
851 4216 979 4263 manus
1001 4217 1021 4264 a
1043 4194 1204 4285 patribus
1228 4194 1313 4262 inde
1465 4186 1540 4263 Has
1572 4193 1823 4284 promissiones
1855 4217 1993 4286 semper
2027 4207 2120 4265 ratas
2148 4192 2274 4275 luisse,
2312 4202 2349 4260 et

332 4319 436 4387 sagire
460 4296 506 4365 ad
531 4292 727 4369 Abrabam.
794 4292 847 4366 lta
880 4291 938 4367 bic
968 4318 1103 4365 novum
1134 4309 1311 4367 certamen
1362 4306 1525 4385 oportere
1548 4306 1581 4363 et
1607 4288 1698 4365 banc
1719 4296 1879 4385 politiam
1903 4296 2127 4379 conservari,
2158 4308 2192 4367 et
2217 4290 2350 4371 doetri-

332 4398 439 4467 oritur
467 4394 633 4486 Cbristo,
672 4413 709 4470 et
738 4397 884 4493 quidem
914 4396 1029 4468 multo
1060 4396 1186 4468 durius
1206 4420 1313 4491 supe-
1362 4419 1446 4464 uam
1468 4394 1667 4485 religionis,
1705 4420 1746 4466 ac
1769 4397 1886 4467 cultus
1914 4398 2060 4468 traditos
2082 4394 2240 4478 aMose,
2265 4416 2349 4481 pro·

335 4498 431 4573 tiore.
1363 4512 1443 4589 pter
1455 4512 1645 4568 venturum
1661 4496 1848 4583 Messiam,
1881 4499 1942 4592 qui
1967 4500 2108 4569 futurus
2122 4498 2167 4566 sit
2182 4493 2349 4563 dominus

427 4596 482 4671 Aa
512 4613 553 4670 ut
581 4600 712 4673 rectius
742 4599 895 4692 intelligi
916 4600 1051 4695 possint
1074 4599 1181 4671 totius
1205 4595 1314 4673 huius
1365 4597 1472 4669 buius
1499 4600 1641 4699 populi,
1682 4601 1911 4671 stellaturas
1945 4622 2091 4689 reguum
2131 4606 2351 4689 perpetuum.

333 4702 448 4793 capitis
469 4702 733 4787 altercationes,
773 4705 886 4795 capita
911 4702 1231 4774 controversiarum
1255 4704 1313 4771 in·
1364 4700 1467 4772 Hauc
1483 4701 1680 4771 libertatern
1698 4696 1867 4771 hactenus
1881 4700 1965 4791 ipsis
1980 4698 2149 4769 mansisse
2165 4698 2351 4785 integram,

335 4818 505 4878 tuesmssrs
551 4804 851 4878 [retribueretur
865 4806 1053 4898 praecipue
1070 4817 1246 4874 certamen
1261 4817 1314 4875 est
1364 4803 1448 4898 quia
1471 4827 1654 4894 nunquam
1679 4804 1714 4871 vi
1739 4817 1800 4874 aut
1827 4802 1975 4894 imperio
2002 4801 2120 4871 alieno
2149 4798 2259 4871 coacti
2280 4797 2352 4867 siut

336 4906 368 4975 io
387 4904 443 4977 bis
463 4906 753 5001 quaestiouibus,
787 4933 877 5003 qtrae
898 4908 1077 4997 agitantur
1102 4908 1147 4977 de
1168 4904 1311 4979 Messio.
1364 4906 1517 4975 abiicere
1534 4905 1761 4993 religionem,
1783 4917 1817 4973 et
1834 4926 1913 4973 suas
1932 4903 2043 4991 leges,
2078 4902 2288 4996 nequidem
2312 4896 2350 4971 in

335 5004 487 5079 Primum
499 5010 546 5076 de
561 5010 683 5097 politia
705 5013 926 5102 disputatur,
959 5010 1114 5079 secundo
1138 5009 1184 5076 de
1206 5008 1314 5080 culti·
1365 5008 1470 5077 exilio
1484 5004 1723 5099 Babylonico,
1749 5006 1943 5075 imoetiam
1961 5018 2056 5090 tum,
2084 5002 2350 5083 cumcogeban·

336 5112 414 5197 bus,
438 5112 545 5182 tertio
561 5114 606 5179 de
620 5135 768 5202 persona
781 5111 945 5185 Messias.
1365 5125 1425 5178 tor
1439 5108 1530 5176 ferre
1546 5105 1749 5178 Romanum
1773 5107 1981 5197 imperium,
2014 5120 2131 5176 tamen
2151 5101 2351 5175 retinebant

428 5208 482 5281 De
492 5214 607 5303 primo
623 5214 702 5283 loco
712 5210 995 5285 hactenusdixit:
1021 5211 1107 5283 Ideo
1122 5210 1314 5281 offendun-
1365 5203 1617 5301 αὐτονομίαν,
1660 5210 1851 5279 turbantur
1872 5208 2097 5296 religionem,
2130 5219 2164 5276 et
2185 5203 2352 5275 vivebant

337 5324 391 5381 tur
411 5311 532 5384 ludaei
553 5316 715 5387 doctrina
735 5312 891 5400 Christi,
925 5316 1008 5405 quia
1035 5314 1194 5383 iudicant
1211 5338 1252 5382 ex
1273 5336 1315 5383 ea
1365 5313 1439 5383 suis
1463 5312 1617 5401 legibus,
1658 5323 1693 5382 et
1712 5306 1798 5380 haec
1820 5311 1892 5398 ipsa
1913 5309 2041 5379 fiducia
2069 5305 2243 5379 libertatis
2267 5324 2353 5374 con·

336 5417 429 5509 seqssi
450 5416 721 5488 dissolutionem
744 5419 846 5489 istius
868 5418 1011 5510 politiae
1032 5414 1206 5485 divinitus
1228 5438 1315 5484 con·
1365 5428 1465 5505 cepta
1480 5438 1521 5483 es
1536 5412 1830 5504 promissionibus
1846 5413 1890 5481 de
1905 5408 2055 5492 Messio,
2085 5406 2263 5478 animabat
2281 5424 2354 5483 eos,

335 5516 493 5605 stitutse,
518 5540 623 5612 qrram
638 5520 709 5610 ipsi
724 5520 970 5590 existimabant
989 5520 1119 5589 debere
1139 5539 1213 5586 esse
1232 5540 1316 5608 per·
1366 5532 1405 5587 ut
1428 5527 1610 5605 sperarent
1634 5538 1670 5585 sc
1693 5533 1898 5585 exeussums
1930 5506 1999 5583 hoc
2026 5510 2166 5582 frenum
2195 5502 2354 5579 Romani

335 5634 491 5707 petuam,
517 5634 554 5691 et
569 5622 735 5691 Messium
749 5636 963 5703 venturum,
988 5633 1121 5691 utesm
1137 5618 1316 5689 instanra—
1365 5616 1519 5711 imperii.
1795 5640 1798 5645 ·

336 5736 401 5804 ret,
432 5736 469 5794 et
489 5724 594 5811 longe
614 5724 854 5795 florentiorem
874 5724 1058 5811 redderet,
1093 5734 1230 5791 srrctsm
1247 5721 1317 5789 im·
1404 5778 1408 5783 .
1471 5716 1594 5806 Quare
1609 5716 1828 5787 conlidentrr
1850 5712 2043 5805 explodunt
2068 5704 2201 5783 Christi
2220 5726 2356 5788 vorem,

335 5824 431 5911 perio
458 5826 606 5914 mundi,
651 5841 685 5897 et
706 5825 845 5917 ingenti
867 5823 979 5915 gloria
1003 5822 1192 5917 corporali.
1243 5820 1317 5895 ssa
1366 5819 1599 5913 cuminquit:
1629 5816 1767 5991 lisirgtps
1788 5816 1956 5889 liberabit
1970 5836 2050 5901 vos,
2075 5806 2359 5899 ronpptiunrur
