5825 6950
309 652 389 733 ilii
493 644 599 725 xln.
647 620 1526 726 7.1⁴:Nttt1th'rtolt1>18'r.1>1ttotttstn
1553 620 1887 706 TIMOTHEUM.
1940 623 2045 701 CAP.
2069 624 2114 705 V.
2242 618 2347 699 1374

307 850 378 914 nes,
407 823 500 897 sicut
517 820 639 917 inquit
662 815 842 893 Dominus
862 811 989 890 loson.
1002 810 1081 897 βας
1107 806 1211 885 Sicut
1225 830 1288 899 pa·
1340 816 1413 889 est,
1439 802 1498 873 vel
1515 824 1597 875 curn
1612 800 1781 875 voluntas
1802 820 1877 873 non
1901 798 2061 895 aequalis
2079 810 2132 869 est
2153 820 2235 889 erga
2254 819 2338 889 par·

308 948 351 1006 ter
363 951 459 1000 meus
476 926 575 997 misit
592 946 670 1010 me,
694 922 746 993 sie
762 942 827 1011 ego
842 915 946 988 mitto
960 937 1036 1001 ros,
1050 912 1099 999 ,id
1115 925 1186 994 est,
1210 933 1289 981 cer·
1339 919 1411 990 tes,
1445 904 1484 977 id
1507 905 1717 978 nominatur
1736 896 2047 1003 προσωποληψία.
2100 900 2244 993 Species
2266 898 2335 991 igi-

307 1034 465 1111 tissimum
484 1042 536 1100 est
557 1050 614 1099 me
630 1026 806 1097 efficacem
828 1021 906 1092 sore
922 1040 987 1111 per
1001 1040 1082 1099 vos,
1112 1015 1204 1085 sicut
1223 1036 1287 1105 pa·
1336 1022 1398 1081 tur
1414 1008 1536 1097 plures
1550 1008 1820 1100 coniunguntur
1834 1004 1940 1083 Dent.
1960 1005 2040 1079 tu:
2065 1002 2149 1077 Non
2173 1001 2332 1073 declines

305 1154 349 1211 ter
359 1158 422 1229 per
443 1156 501 1203 me
525 1130 595 1201 init
618 1130 762 1212 efficax,
792 1138 835 1197 ut
855 1119 1078 1193 resuscitatio
1107 1141 1150 1189 ex
1172 1128 1287 1186 morte
1336 1111 1377 1182 in
1391 1110 1540 1181 alteram
1557 1124 1713 1203 partem,
1739 1134 1816 1181 non
1831 1108 1983 1201 accipias
1998 1130 2206 1201 personam,
2231 1120 2267 1179 et
2289 1126 2333 1174 ex

305 1237 462 1323 ostendit,
489 1235 538 1307 ita
560 1246 595 1303 et
608 1228 742 1302 Paulus
762 1224 881 1321 inquit
895 1220 1023 1295 Roma.
1043 1225 1097 1293 1.:
1123 1216 1288 1308 Evange-
1336 1237 1378 1286 eo
1393 1214 1519 1285 sumsit
1536 1212 1669 1285 Paulus
1690 1214 1840 1285 verbum
1866 1210 2156 1293 inclinationem,
2183 1232 2254 1303 quo
2272 1202 2333 1277 hic

302 1346 379 1415 lium
402 1352 454 1410 cst
475 1334 633 1430 potentia
657 1329 727 1404 Dei
750 1327 967 1399 adsalutem
990 1322 1094 1394 omni
1115 1320 1287 1394 credenti.
1336 1330 1371 1388 et
1395 1310 1718 1413 προσωποληψίαν
1740 1308 2030 1406 comprehendit,
2070 1336 2163 1407 quae
2184 1324 2331 1381 estesse

278 1444 403 1530 'ltem,
436 1445 473 1513 2.
498 1432 667 1511 Corinth.
689 1435 745 1513 dn
777 1426 1015 1521 Evangelium
1045 1437 1098 1497 est
1125 1422 1286 1494 ministe—
1334 1418 1558 1513 inaequalem
1581 1442 1663 1511 erga
1685 1417 1870 1514 aequales,
1903 1432 1940 1489 ct
1962 1415 2145 1511 aequalem
2166 1434 2246 1504 erga
2270 1411 2330 1481 in-

300 1550 383 1621 rium
401 1543 558 1638 spiritus.
928 1580 932 1589 -
1334 1521 1512 1616 aequales.

391 1663 488 1735 llaec
501 1662 597 1733 dicta
613 1667 722 1729 erunt
737 1650 848 1745 magis
867 1648 1052 1746 perspicua
1069 1670 1150 1719 cum
1169 1642 1208 1713 in
1225 1666 1286 1712 ve-
1437 1638 1527 1711 Vult
1543 1638 1640 1710 euim
1655 1636 1753 1712 Deus
1767 1636 1920 1728 intelligi
1929 1688 1944 1729 ,
1970 1629 2157 1709 iusticiam'
2173 1656 2248 1705 esse
2267 1654 2329 1704 ae·
2447 1646 2450 1653 ·

301 1775 341 1844 ris
372 1762 676 1841 consolationibus
699 1757 876 1829 discemus
897 1775 982 1823 vera
998 1748 1165 1820 exercitia
1191 1744 1285 1831 fidei,
1334 1742 1540 1838 qualitatem
1554 1764 1634 1832 erga
1651 1741 1826 1835 aequales,
1849 1764 1940 1837 quae
1956 1739 2100 1835 quidem
2121 1733 2229 1809 hahet
2243 1759 2330 1807 nor·

299 1892 327 1948 et
348 1867 623 1944 sustentabimus
651 1884 719 1933 nos
749 1855 963 1949 cogitatione
996 1850 1285 1945 promissionum.
1333 1868 1427 1915 mam
1443 1857 1597 1915 mentem
1623 1841 1805 1928 divinam,
1838 1868 1929 1937 quae
1950 1842 2070 1931 diligit
2091 1839 2222 1912 similia
2243 1860 2329 1909 suae

298 1978 396 2049 Hunc
411 1994 515 2044 usum
530 1964 720 2038 ministerii
732 1959 908 2032 abiiciunt
925 1950 1173 2037 enthusiastae,
1194 1974 1285 2044 qua·
1333 1948 1531 2033 voluntati,
1559 1958 1594 2017 et
1609 1945 1924 2018 reiicitdissimilia
1942 1967 2026 2017 suae
2046 1941 2235 2015 voluntati.
2274 1940 2329 2011 lta

299 2084 341 2152 les
365 2090 448 2148 suut
464 2069 740 2160 Anabaptistac,
767 2058 1047 2139 Stenckfeldius,
1080 2068 1116 2127 et
1138 2052 1285 2133 similes,
1333 2050 1448 2123 iustus
1465 2074 1526 2121 rex
1541 2062 1658 2120 servat
1672 2072 1795 2119 omnes
1811 2050 1933 2133 iustos,
1957 2060 1993 2119 et
2008 2048 2113 2139 punit
2128 2066 2253 2117 omnes
2270 2044 2329 2123 ip·

300 2183 353 2279 qui
372 2186 547 2275 quaerunt
568 2166 852 2242 illuminationes
864 2176 899 2235 et
912 2173 1034 2255 raptus
1048 2170 1145 2229 extra
1162 2151 1285 2227 Evan-
1332 2152 1456 2223 iustos.
1514 2150 1656 2223 Dicitur
1680 2166 1797 2223 autem
1828 2149 1983 2243 acceptio
2015 2172 2206 2243 personae,
2246 2168 2329 2217 cum

299 2285 433 2379 galium.
484 2276 556 2349 Sed
580 2275 620 2343 in
643 2270 737 2342 veris
752 2266 941 2339 doloribus
963 2276 999 2335 et
1013 2283 1097 2331 vcra
1121 2257 1284 2331 consola·
1333 2254 1453 2349 aliqua
1470 2254 1602 2345 species
1620 2276 1682 2325 seu
1704 2254 1831 2323 umbra
1847 2265 1944 2323 extra
1965 2274 2107 2323 causam
2131 2248 2329 2323 autefertur

298 2390 388 2461 tione
418 2380 586 2453 discimus
609 2372 727 2447 Deum
755 2370 933 2440 efficacem
966 2387 1041 2437 esse
1070 2361 1285 2452 cogitatione
1333 2357 1476 2448 regulae
1503 2355 1684 2437 iustitiae,
1722 2368 1764 2425 ut
1786 2378 1866 2425 cum
1890 2354 2005 2449 parcit
2024 2353 2131 2427 iudex
2153 2351 2329 2435 adultero,

297 2483 498 2579 Evangelii,
522 2494 563 2553 nt
579 2476 713 2549 Paulus
731 2473 850 2568 inquit
862 2468 992 2543 Roma.
1012 2466 1090 2540 tu:
1116 2461 1224 2535 Fides
1242 2484 1285 2531 er
1333 2460 1417 2555 quia
1434 2470 1486 2529 est
1499 2456 1651 2544 nobilis,
1676 2458 1774 2529 iuxta
1789 2456 1897 2529 illud:

298 2594 417 2665 auditu
437 2600 499 2659 est
552 2580 671 2682 Item,
690 2576 819 2652 Roma.
834 2575 890 2650 6.:
921 2566 1106 2643 testificati
1126 2566 1196 2637 fide
1221 2586 1284 2657 pa·
1416 2574 1478 2638 nas
1502 2572 1621 2637 veniam
1645 2570 1766 2652 corcis,
1793 2582 1887 2636 vexat
1909 2589 2043 2637 censura
2064 2568 2232 2633 columbas.

296 2690 564 2768 ctmhtbelml‘·
1332 2674 1398 2751 Est
1430 2679 1541 2769 igitur
1575 2676 1732 2769 acceptio
1766 2700 2000 2770 personarum
2032 2675 2192 2760 iniusta,
2243 2666 2329 2764 quia

393 2806 509 2885 Simul
540 2804 650 2899 igitur
670 2796 749 2872 Deo
775 2794 905 2889 gratias
935 2812 1080 2883 agamus
1103 2810 1168 2881 pro
1190 2784 1285 2855 edita
1333 2782 1484 2855 discedit
1511 2806 1530 2851 a
1562 2780 1683 2872 regula
1713 2778 1900 2863 iusticiae,
1942 2791 1976 2851 et
1998 2777 2105 2849 elficit
2130 2772 2330 2870 inaequali-

298 2913 545 3013 promissioue,
579 2929 644 3000 pro
670 2901 824 2972 efficacia
847 2921 910 2991 per
929 2891 1187 2985 Evangelium,
1217 2911 1284 2979 pro
1334 2898 1454 2959 tatem.
1827 2966 1832 2973 ι

303 3015 564 3097 constitutione,
590 3003 882 3082 conservatione,
908 3010 944 3068 et
965 2990 1286 3066 instaurationihus
1435 3000 1623 3076 113021012
1641 2998 2142 3091 commonefacfioffiflgemer
2163 2994 2328 3067 conside.

300 3118 480 3193 ministerii
510 3109 724 3203 evangelici,
763 3129 829 3197 pro
863 3098 1074 3173 collectione
1107 3090 1286 3165 Ecclesiae
1334 3108 1447 3178 md,
1478 3117 1549 3188 ω,
1591 3120 1632 3177 up
1660 3103 1874 3175 vocabulum
1905 3103 2143 3195 expendam„
2186 3108 2222 3167 ,p
2243 3093 2330 3167 hm

297 3250 360 3319 per
374 3216 606 3310 Evangellum
629 3225 664 3283 el
684 3207 858 3302 Spiritum
882 3213 1063 3285 fficium,
1088 3196 1285 3314 9¹0d‘3112·
1333 3208 1539 3279 dulcissima
1562 3204 1756 3279 consolatio
1786 3228 1889 3301 saepe
1913 3204 2061 3298 repetita
2084 3203 2121 3271 in
2144 3196 2330 3293 scripturis

298 3330 395 3401 tione
418 3320 577 3394 iusticiae
594 3334 627 3385 et
649 3313 744 3384 vitae
765 3322 948 3423 aeternae3
972 3325 1038 3395 pro
1060 3299 1285 3389 mitigatione
1334 3309 1557 3381 familiam„
1575 3322 1659 3380 „022
1676 3310 1740 3392 ,ἰὴ
1766 3331 1858 3404 qu„
1872 3306 1980 3399 dicit,
2007 3304 2101 3399 ,pud
2116 3299 2233 3375 Deum
2252 3322 2330 3371 „011

293 3449 487 3526 mmmm
500 3416 752 3514 l’fflstssfissmr
777 3435 842 3504 {³¹⁰
858 3406 1066 3480 ¹²¹⁰¹⁵³3⁰¹¹²
1076 3423 1211 3496 P⁰e¹¹⁸0
1226 3422 1284 3468 ²²·
1333 3436 1408 3484 esse
1422 3406 1765 3510 npoownoiqpiar,
1780 3423 1821 3482 ut
1839 3406 1994 3486 Roman.
2008 3410 2044 3481 Ζ.
2057 3430 2137 3501 cap.
2155 3402 2256 3482 Acto.
2269 3402 2328 3475 10.

293 3551 426 3606 ternae.
481 3523 581 3597 Haec
603 3532 701 3592 tanta
728 3517 825 3588 bona
851 3528 1102 3625 ignoscamutg
1135 3517 1170 3576 ei
1193 3501 1284 3620 ⁰0¹²:
1333 3513 1515 3588 EtEsaiae
1530 3515 1595 3592 te.
1611 3511 1793 3588 deMessia
1810 3513 1958 3587 dicitur:
1983 3511 2067 3584 Non
2084 3509 2232 3602 accipiet
2247 3529 2330 3601 per-

293 3639 457 3719 luamus,
491 3637 708 3722 praestemus
736 3618 842 3688 ellam
873 3609 1159 3728 benewlenffflsst
1182 3604 1286 3675 debl·
1335 3642 1479 3704 sonam,
1504 3619 1637 3706 idest,
1660 3642 1736 3690 non
1760 3615 2020 3700 critiuiustus,
2045 3636 2120 3684 non
2144 3610 2329 3683 eritinac-

291 3756 365 3814 lam
382 3736 446 3822 33⁸2
471 3753 624 3828 limium
641 3725 744 3796 ¹²b⁰¹
760 3720 798 3790 5¹¹
814 3713 883 3789 ¹¹⁰⁰
906 3712 1105 3785 m3⁰3⁸¹ffl0
1124 3733 1184 3803 9¹⁰
1211 3728 1285 3778 “l-
1334 3722 1464 3815 qualis,
1486 3717 1580 3792 Deus
1596 3745 1678 3791 vere
1693 3718 1851 3816 aequalis
1864 3731 1915 3791 est
1930 3715 2148 3812 aequalibus.
2174 3709 2332 3784 Damnst

291 3843 344 3914 vit
358 3835 550 3912 Ecclesiae.
1334 3838 1474 3918 peccata
1495 3823 1532 3891 in
1549 3823 1737 3912 omnihus,
1770 3839 1805 3897 et
1826 3822 1951 3913 recipit
1974 3839 2098 3890 omnes
2119 3815 2329 3908 confugien-

564 4013 655 4090 Sinc
667 4001 918 4115 praeiudicio,
945 4013 1010 4081 etc.
1334 3939 1387 3998 ω
1400 3928 1444 3998 ad
1463 3923 1598 4014 fihum'
1625 3941 1693 4003 ἐκ·

393 4169 723 4253 offiqmtfomp,
738 4166 934 4262 quum,
963 4181 1054 4253 qu„
1076 4177 1157 4228 eum
1172 4166 1208 4225 ,ι
1221 4175 1286 4224 Μ,
1481 4101 1639 4180 Nemini
1657 4103 1878 4179 silamanus
1897 4099 2096 4202 imponito,
2122 4109 2184 4174 etc.

288 4305 372 4364 tura
388 4296 473 4356 nota
488 4292 524 4352 et
547 4278 587 4348 iu
610 4276 688 4366 lege
703 4269 770 4340 Dei
790 4287 950 4359 expressa
968 4273 1071 4346 suut,
1095 4270 1131 4328 et
1154 4256 1194 4324 in
1208 4255 1286 4327 iure
1436 4257 1697 4354 completum,
1732 4260 1859 4332 utilem
1889 4259 2101 4334 doen-qnam,
2166 4253 2330 4327 primum

287 4393 422 4464 usitato
437 4392 668 4476 repetuntur,
702 4395 779 4444 non
802 4380 886 4440 sunt
910 4367 1073 4438 obscura.
1123 4356 1288 4430 iuniores
1335 4364 1522 4437 coufirmat
1550 4365 1770 4437 vocatiouem
1793 4378 1829 4436 et
1846 4363 2133 4446 ordinationem,
2170 4381 2260 4452 qnae
2288 4359 2329 4430 lit
2470 4403 2475 4414 ·

286 4489 467 4567 vocabuli
484 4486 622 4557 diffini
635 4475 847 4564 immim-
1335 4491 1399 4560 per
1418 4462 1583 4538 homines
1603 4465 1642 4535 in
1665 4463 1844 4552 Ecclesia,
1879 4464 1963 4558 quia
1984 4461 2158 4556 approbat
2180 4459 2328 4533 ordina·

396 4600 663 4680 Praeiudicium
685 4591 860 4687 significat
887 4599 1041 4658 statuere
1063 4604 1102 4652 re
1124 4578 1286 4651 nondum
1335 4571 1494 4662 tionem,
1517 4593 1624 4664 quam
1640 4563 1855 4638 Timotheus
1879 4566 2029 4640 iaciebat
2043 4565 2234 4656 imponens
2250 4587 2327 4634 ma·

284 4714 423 4792 ordine
446 4707 610 4801 cognita,
640 4699 715 4773 sire
733 4697 772 4768 id
794 4693 855 4764 liat
877 4689 1025 4768 affectu,
1050 4683 1123 4752 sire
1142 4703 1287 4776 persua·
1336 4697 1404 4744 nus
1422 4673 1484 4759 iis,
1509 4669 1770 4765 quosEcclesia
1794 4670 1852 4740 vel
1871 4669 1947 4760 ipse
1967 4667 2128 4760 elegerat.
2180 4661 2244 4736 Est
2262 4689 2328 4738 au.

287 4824 397 4894 sione
413 4811 578 4908 propriae
592 4798 797 4896 sapientise,
832 4791 885 4866 lta
903 4787 1009 4862 Deut.
1033 4785 1094 4888 ld.
1127 4805 1288 4876 expresse
1336 4790 1407 4849 tem
1422 4771 1772 4865 ingenshenelieium
1793 4771 1878 4858 Dei,
1911 4769 2008 4866 qnod
2031 4769 2110 4840 vult
2131 4769 2177 4840 ah
2202 4763 2328 4840 Eccle-

284 4921 507 4998 mandatum
529 4925 596 4984 est:
623 4903 758 4980 Audite
778 4896 882 4982 illos,
908 4906 943 4965 et
963 4891 1058 5014 qnod
1077 4887 1209 4960 iustum
1235 4894 1288 4955 est
1335 4879 1387 4950 sia
1401 4877 1521 4949 vocari
1539 4874 1694 4965 veleligi
1708 4873 1907 4958 ministros,
1931 4887 1967 4946 et
1988 4893 2232 4964 pernoscere
2249 4871 2327 4942 vult

282 5023 461 5100 iudicate.
511 5011 558 5087 Et
583 5024 668 5082 nota
691 5016 776 5077 sunt
795 4999 906 5071 dicta:
931 4987 1028 5090 μηδι
1050 4985 1161 5084 δίκην
1181 4979 1287 5062 δικά-
1335 5003 1409 5052 esse
1441 4979 1578 5063 cilicas,
1618 4977 1709 5049 sicut
1739 4977 1859 5070 inquit
1886 4971 2064 5048 Dominus
2095 4969 2220 5048 loaun.
2248 4973 2327 5044 20.:

285 5152 370 5210 σεις
383 5119 476 5218 πρὶν
493 5114 640 5214 ἀμφοῖν
653 5105 786 5203 μῦθον
802 5093 976 5194 ἀκούσῃς.
1012 5092 1118 5168 Item:
1144 5085 1286 5182 dsidpc·
1335 5082 1437 5156 Sicut
1452 5094 1553 5175 pater
1564 5102 1665 5151 meus
1680 5079 1776 5150 misit
1791 5103 1868 5161 me,
1894 5080 1944 5150 itr
1964 5099 2028 5168 ego
2048 5076 2152 5148 mitto
2168 5097 2240 5146 ros.
2278 5071 2326 5146 Et

283 5231 388 5333 φοῖν
411 5217 550 5320 ὁμοίως
566 5208 795 5313 ἀκροᾶσθαι.
1335 5198 1456 5280 postea
1487 5181 1659 5276 praecipit
1681 5181 1767 5252 Tiro
1788 5179 1924 5253 Paulus
1954 5176 2069 5272 capite
2096 5181 2146 5254 t:
2181 5173 2325 5248 Consti-

398 5343 449 5420 Et
469 5343 553 5439 quia
578 5358 682 5428 saepe
702 5331 981 5414 corrumpuntur
1000 5314 1132 5388 iudicia
1154 5309 1288 5384 allecti·
1335 5301 1396 5361 lu‘
1417 5287 1650 5382 Wbyiem·

283 5463 383 5534 bus,
412 5451 495 5521 ideo
513 5441 629 5516 addit:
663 5434 697 5506 N

283 5563 456 5637 tionem,
485 5549 621 5626 idest,
653 5558 730 5608 non

281 5662 371 5738 ullo
397 5653 537 5750 privato
560 5645 701 5718 affectu.

281 5760 444 5861 perbis,
478 5775 559 5826 cum
593 5767 669 5818 non
690 5737 753 5812 vul

700 5427 766 5502 ihil
790 5426 897 5498 iacias
918 5421 1114 5493 secundum
1136 5413 1287 5487 incline·
1438 5402 1519 5476 Hoc
1534 5403 1659 5493 ingens
1673 5399 1883 5472 beneficium
1900 5397 1992 5490 grati
2016 5349 2204 5488 agnoscere
2218 5393 2326 5466 debe·

760 5527 920 5603 discedas
941 5546 962 5596 a
985 5520 1105 5612 regula
1128 5516 1307 5592 iusticiseo
1333 5529 1435 5588 mus,
1455 5519 1491 5578 et
1506 5501 1572 5578 hae
1587 5507 1656 5575 lide
1671 5525 1829 5576 uerrere
1854 5501 2114 5578 ministerium,
2139 5509 2173 5568 et
2189 5493 2243 5568 uti
2255 5496 2326 5565 rui.

748 5631 809 5708 Sic
832 5638 948 5722 potest
971 5623 1129 5697 reddere
1145 5619 1205 5690 vel
1225 5640 1286 5688 su·
1334 5609 1502 5694 nisterio,
1526 5633 1567 5680 ac
1581 5621 1754 5692 statuere,
1786 5603 1883 5699 quod
1907 5599 2004 5674 Deus
2027 5621 2111 5671 rere
2134 5598 2256 5669 efficax
2280 5599 2326 5671 sit

756 5751 771 5809 t
795 5731 972 5830 quispiam
1001 5725 1126 5800 cedere
1149 5720 1285 5794 alienae
1335 5736 1422 5784 voce
1451 5707 1581 5783 horum
1611 5710 1873 5783 ministromm.
1930 5704 1986 5776 Ac
2015 5723 2121 5795 snpra
2149 5699 2329 5790 copiosius

703 5838 868 5914 voluntas
888 5853 970 5924 erga
991 5841 1107 5925 partes
1128 5820 1285 5920 aequalis
1334 5815 1469 5888 dictum
1484 5828 1537 5886 est
1550 5815 1595 5886 de
1611 5809 1746 5908 duplici
1760 5808 1948 5884 vocatione
1960 5805 2219 5880 ministrorum.

279 5859 516 5945 sententiae,
539 5845 678 5926 etiamsi
