<?xml version="1.0" encoding="UTF-8"?>
<!DOCTYPE html PUBLIC "-//W3C//DTD XHTML 1.0 Transitional//EN"
    "http://www.w3.org/TR/xhtml1/DTD/xhtml1-transitional.dtd">
<html xmlns="http://www.w3.org/1999/xhtml" xml:lang="en" lang="en">
 <head>
  <title>
</title>
<meta http-equiv="Content-Type" content="text/html;charset=utf-8" />
  <meta name='ocr-system' content='tesseract 3.04.00' />
  <meta name='ocr-capabilities' content='ocr_page ocr_carea ocr_par ocr_line ocrx_word'/>
</head>
<body>
  <div class='ocr_page' id='page_1' title='image "./philippimelanth08bindgoog_0434.png"; bbox 0 0 5825 6950; ppageno 0'>
   <div class='ocr_carea' id='block_1_1' title="bbox 319 606 2348 754">
    <p class='ocr_par' dir='ltr' id='par_1_1' title="bbox 319 606 2348 754">
     <span class='ocr_line' id='line_1_1' title="bbox 319 606 2348 754; baseline 0.007 -14"><span class='ocrx_word' id='word_1_1' title='bbox 319 663 392 740; x_wconf 71' lang='lat'>820</span> <span class='ocrx_word' id='word_1_2' title='bbox 585 661 689 740; x_wconf 85' lang='lat' dir='ltr'>xttt.</span> <span class='ocrx_word' id='word_1_3' title='bbox 741 655 1845 744; x_wconf 71' lang='lat' dir='ltr'>e..1tttsttttau10urtsn.1&gt;aomaoRomanos,</span> <span class='ocrx_word' id='word_1_4' title='bbox 1900 606 2007 748; x_wconf 44' lang='grc' dir='ltr'>ΟΜ),</span> <span class='ocrx_word' id='word_1_5' title='bbox 2031 673 2059 752; x_wconf 90' lang='lat' dir='ltr'>t.</span> <span class='ocrx_word' id='word_1_6' title='bbox 2270 678 2348 754; x_wconf 75' lang='lat'>800</span> 
     </span>
    </p>
   </div>
   <div class='ocr_carea' id='block_1_2' title="bbox 266 829 2440 5933">
    <p class='ocr_par' dir='ltr' id='par_1_2' title="bbox 266 829 2405 2679">
     <span class='ocr_line' id='line_1_2' title="bbox 317 829 2343 938; baseline 0.006 -28"><span class='ocrx_word' id='word_1_7' title='bbox 317 831 500 910; x_wconf 86' lang='lat' dir='ltr'>torienlis:</span> <span class='ocrx_word' id='word_1_8' title='bbox 524 848 644 908; x_wconf 87' lang='lat' dir='ltr'>tamen</span> <span class='ocrx_word' id='word_1_9' title='bbox 663 837 750 908; x_wconf 79' lang='lat' dir='ltr'>fides</span> <span class='ocrx_word' id='word_1_10' title='bbox 773 835 902 908; x_wconf 86' lang='lat' dir='ltr'>similis</span> <span class='ocrx_word' id='word_1_11' title='bbox 925 847 988 908; x_wconf 87' lang='lat' dir='ltr'>est.</span> <span class='ocrx_word' id='word_1_12' title='bbox 1038 829 1088 906; x_wconf 87' lang='lat' dir='ltr'>Et</span> <span class='ocrx_word' id='word_1_13' title='bbox 1108 832 1305 928; x_wconf 72' lang='lat' dir='ltr'>principale</span> <span class='ocrx_word' id='word_1_14' title='bbox 1457 831 1505 908; x_wconf 88' lang='lat' dir='ltr'>Et</span> <span class='ocrx_word' id='word_1_15' title='bbox 1526 836 1609 932; x_wconf 83' lang='lat' dir='ltr'>qtsia</span> <span class='ocrx_word' id='word_1_16' title='bbox 1628 835 1762 911; x_wconf 82' lang='lat' dir='ltr'>Paulus</span> <span class='ocrx_word' id='word_1_17' title='bbox 1782 841 2057 933; x_wconf 88' lang='lat' dir='ltr'>disputationem</span> <span class='ocrx_word' id='word_1_18' title='bbox 2072 838 2254 938; x_wconf 63' lang='lat' dir='ltr'>instituit,</span> <span class='ocrx_word' id='word_1_19' title='bbox 2269 865 2343 924; x_wconf 56' lang='lat' dir='ltr'>tras</span> 
     </span>
     <span class='ocr_line' id='line_1_3' title="bbox 316 937 2342 1044; baseline 0.007 -34"><span class='ocrx_word' id='word_1_20' title='bbox 316 940 493 1010; x_wconf 86' lang='lat' dir='ltr'>obiectum</span> <span class='ocrx_word' id='word_1_21' title='bbox 514 939 598 1008; x_wconf 77' lang='lat' dir='ltr'>fidei</span> <span class='ocrx_word' id='word_1_22' title='bbox 620 939 761 1037; x_wconf 85' lang='lat' dir='ltr'>semper</span> <span class='ocrx_word' id='word_1_23' title='bbox 782 953 834 1010; x_wconf 90' lang='lat' dir='ltr'>est</span> <span class='ocrx_word' id='word_1_24' title='bbox 852 937 972 1024; x_wconf 87' lang='lat' dir='ltr'>Deus,</span> <span class='ocrx_word' id='word_1_25' title='bbox 1003 938 1065 1032; x_wconf 85' lang='lat' dir='ltr'>qni</span> <span class='ocrx_word' id='word_1_26' title='bbox 1088 937 1126 1006; x_wconf 90' lang='lat' dir='ltr'>in</span> <span class='ocrx_word' id='word_1_27' title='bbox 1151 937 1304 1028; x_wconf 86' lang='lat' dir='ltr'>promis-</span> <span class='ocrx_word' id='word_1_28' title='bbox 1353 941 1413 1010; x_wconf 92' lang='lat' dir='ltr'>det</span> <span class='ocrx_word' id='word_1_29' title='bbox 1433 939 1521 1011; x_wconf 83' lang='lat' dir='ltr'>duas</span> <span class='ocrx_word' id='word_1_30' title='bbox 1542 943 1801 1032; x_wconf 70' lang='lat' dir='ltr'>propositiones</span> <span class='ocrx_word' id='word_1_31' title='bbox 1825 943 1863 1014; x_wconf 91' lang='lat' dir='ltr'>in</span> <span class='ocrx_word' id='word_1_32' title='bbox 1887 942 1953 1018; x_wconf 88' lang='lat' dir='ltr'>ltac</span> <span class='ocrx_word' id='word_1_33' title='bbox 1977 953 2182 1024; x_wconf 72' lang='lat' dir='ltr'>narratione</span> <span class='ocrx_word' id='word_1_34' title='bbox 2205 956 2342 1044; x_wconf 81' lang='lat' dir='ltr'>praeei-</span> 
     </span>
     <span class='ocr_line' id='line_1_4' title="bbox 316 1036 2340 1136; baseline 0.008 -24"><span class='ocrx_word' id='word_1_35' title='bbox 316 1041 413 1112; x_wconf 91' lang='lat' dir='ltr'>sione</span> <span class='ocrx_word' id='word_1_36' title='bbox 433 1041 600 1131; x_wconf 79' lang='lat' dir='ltr'>patefecit</span> <span class='ocrx_word' id='word_1_37' title='bbox 620 1041 844 1112; x_wconf 82' lang='lat' dir='ltr'>volamtatem</span> <span class='ocrx_word' id='word_1_38' title='bbox 864 1062 976 1110; x_wconf 88' lang='lat' dir='ltr'>snam.</span> <span class='ocrx_word' id='word_1_39' title='bbox 1029 1036 1187 1134; x_wconf 89' lang='lat' dir='ltr'>Uterque</span> <span class='ocrx_word' id='word_1_40' title='bbox 1206 1061 1304 1108; x_wconf 90' lang='lat' dir='ltr'>acce-</span> <span class='ocrx_word' id='word_1_41' title='bbox 1354 1064 1460 1131; x_wconf 88' lang='lat' dir='ltr'>pnas,</span> <span class='ocrx_word' id='word_1_42' title='bbox 1484 1066 1635 1136; x_wconf 88' lang='lat' dir='ltr'>quarum</span> <span class='ocrx_word' id='word_1_43' title='bbox 1650 1044 1749 1134; x_wconf 90' lang='lat' dir='ltr'>prior</span> <span class='ocrx_word' id='word_1_44' title='bbox 1763 1041 1936 1121; x_wconf 67' lang='lat' dir='ltr'>haman:</span> <span class='ocrx_word' id='word_1_45' title='bbox 1962 1047 2060 1122; x_wconf 90' lang='lat' dir='ltr'>Deus</span> <span class='ocrx_word' id='word_1_46' title='bbox 2079 1053 2118 1122; x_wconf 88' lang='lat' dir='ltr'>in</span> <span class='ocrx_word' id='word_1_47' title='bbox 2140 1054 2340 1128; x_wconf 83' lang='lat' dir='ltr'>ministerio</span> 
     </span>
     <span class='ocr_line' id='line_1_5' title="bbox 315 1129 2405 1245; baseline 0.007 -32"><span class='ocrx_word' id='word_1_48' title='bbox 315 1145 365 1214; x_wconf 92' lang='lat' dir='ltr'>dit</span> <span class='ocrx_word' id='word_1_49' title='bbox 388 1144 435 1212; x_wconf 85' lang='lat' dir='ltr'>ad</span> <span class='ocrx_word' id='word_1_50' title='bbox 458 1139 575 1214; x_wconf 90' lang='lat' dir='ltr'>Deum</span> <span class='ocrx_word' id='word_1_51' title='bbox 601 1142 779 1234; x_wconf 89' lang='lat' dir='ltr'>accipiens</span> <span class='ocrx_word' id='word_1_52' title='bbox 809 1139 1137 1224; x_wconf 81' lang='lat' dir='ltr'>reconciliationem</span> <span class='ocrx_word' id='word_1_53' title='bbox 1160 1154 1306 1244; x_wconf 83' lang='lat' dir='ltr'>propter</span> <span class='ocrx_word' id='word_1_54' title='bbox 1350 1141 1537 1233; x_wconf 76' lang='lat' dir='ltr'>Evangelii</span> <span class='ocrx_word' id='word_1_55' title='bbox 1560 1146 1729 1216; x_wconf 87' lang='lat' dir='ltr'>omnibns</span> <span class='ocrx_word' id='word_1_56' title='bbox 1752 1153 1973 1241; x_wconf 86' lang='lat' dir='ltr'>temporibus</span> <span class='ocrx_word' id='word_1_57' title='bbox 1994 1155 2110 1245; x_wconf 80' lang='lat' dir='ltr'>arguit</span> <span class='ocrx_word' id='word_1_58' title='bbox 2133 1129 2339 1230; x_wconf 73' lang='lat' dir='ltr'>omnes-Ian·</span> <span class='ocrx_word' id='word_1_59' title='bbox 2402 1183 2405 1188; x_wconf 92' lang='lat'><em>·</em></span> 
     </span>
     <span class='ocr_line' id='line_1_6' title="bbox 315 1242 2377 1340; baseline 0.007 -24"><span class='ocrx_word' id='word_1_60' title='bbox 315 1243 529 1338; x_wconf 85' lang='lat' dir='ltr'>promissum</span> <span class='ocrx_word' id='word_1_61' title='bbox 550 1246 798 1316; x_wconf 74' lang='lat' dir='ltr'>mediatorem.</span> <span class='ocrx_word' id='word_1_62' title='bbox 869 1243 1009 1316; x_wconf 81' lang='lat' dir='ltr'>Deinde</span> <span class='ocrx_word' id='word_1_63' title='bbox 1035 1266 1120 1314; x_wconf 81' lang='lat' dir='ltr'>vero</span> <span class='ocrx_word' id='word_1_64' title='bbox 1150 1243 1239 1334; x_wconf 89' lang='lat' dir='ltr'>petit</span> <span class='ocrx_word' id='word_1_65' title='bbox 1269 1255 1304 1313; x_wconf 88' lang='lat' dir='ltr'>et</span> <span class='ocrx_word' id='word_1_66' title='bbox 1352 1245 1480 1332; x_wconf 88' lang='lat' dir='ltr'>mines,</span> <span class='ocrx_word' id='word_1_67' title='bbox 1494 1246 1534 1316; x_wconf 93' lang='lat' dir='ltr'>in</span> <span class='ocrx_word' id='word_1_68' title='bbox 1551 1242 1616 1316; x_wconf 83' lang='lat' dir='ltr'>Irac</span> <span class='ocrx_word' id='word_1_69' title='bbox 1631 1261 1779 1320; x_wconf 85' lang='lat' dir='ltr'>naturae</span> <span class='ocrx_word' id='word_1_70' title='bbox 1794 1249 2018 1340; x_wconf 84' lang='lat' dir='ltr'>infirmitate,</span> <span class='ocrx_word' id='word_1_71' title='bbox 2043 1269 2077 1326; x_wconf 91' lang='lat' dir='ltr'>et</span> <span class='ocrx_word' id='word_1_72' title='bbox 2094 1257 2339 1330; x_wconf 82' lang='lat' dir='ltr'>ailitartatom-</span> <span class='ocrx_word' id='word_1_73' title='bbox 2375 1249 2377 1253; x_wconf 33' lang='lat'>⁸</span> 
     </span>
     <span class='ocr_line' id='line_1_7' title="bbox 315 1341 2337 1451; baseline 0.007 -35"><span class='ocrx_word' id='word_1_74' title='bbox 315 1359 472 1438; x_wconf 75' lang='lat' dir='ltr'>expectat</span> <span class='ocrx_word' id='word_1_75' title='bbox 492 1347 666 1417; x_wconf 81' lang='lat' dir='ltr'>auxilium</span> <span class='ocrx_word' id='word_1_76' title='bbox 690 1348 730 1416; x_wconf 88' lang='lat' dir='ltr'>in</span> <span class='ocrx_word' id='word_1_77' title='bbox 755 1367 821 1416; x_wconf 92' lang='lat' dir='ltr'>suo</span> <span class='ocrx_word' id='word_1_78' title='bbox 841 1344 1020 1436; x_wconf 87' lang='lat' dir='ltr'>corporali</span> <span class='ocrx_word' id='word_1_79' title='bbox 1041 1345 1180 1417; x_wconf 90' lang='lat' dir='ltr'>dolore.</span> <span class='ocrx_word' id='word_1_80' title='bbox 1241 1341 1302 1416; x_wconf 82' lang='lat' dir='ltr'>sic</span> <span class='ocrx_word' id='word_1_81' title='bbox 1352 1351 1496 1420; x_wconf 89' lang='lat' dir='ltr'>nessub</span> <span class='ocrx_word' id='word_1_82' title='bbox 1515 1361 1656 1440; x_wconf 88' lang='lat' dir='ltr'>peccato</span> <span class='ocrx_word' id='word_1_83' title='bbox 1672 1373 1763 1436; x_wconf 65' lang='lat' dir='ltr'>nse,</span> <span class='ocrx_word' id='word_1_84' title='bbox 1788 1353 1825 1422; x_wconf 90' lang='lat' dir='ltr'>id</span> <span class='ocrx_word' id='word_1_85' title='bbox 1842 1367 1904 1435; x_wconf 89' lang='lat' dir='ltr'>est,</span> <span class='ocrx_word' id='word_1_86' title='bbox 1929 1377 2008 1426; x_wconf 89' lang='lat' dir='ltr'>reos</span> <span class='ocrx_word' id='word_1_87' title='bbox 2026 1360 2156 1451; x_wconf 85' lang='lat' dir='ltr'>peccati</span> <span class='ocrx_word' id='word_1_88' title='bbox 2172 1373 2206 1430; x_wconf 90' lang='lat' dir='ltr'>et</span> <span class='ocrx_word' id='word_1_89' title='bbox 2223 1373 2337 1431; x_wconf 84' lang='lat' dir='ltr'>aeten-</span> 
     </span>
     <span class='ocr_line' id='line_1_8' title="bbox 314 1443 2343 1553; baseline 0.008 -35"><span class='ocrx_word' id='word_1_90' title='bbox 314 1450 349 1518; x_wconf 92' lang='lat' dir='ltr'>in</span> <span class='ocrx_word' id='word_1_91' title='bbox 371 1446 538 1538; x_wconf 73' lang='lat' dir='ltr'>Epistola</span> <span class='ocrx_word' id='word_1_92' title='bbox 566 1451 612 1518; x_wconf 91' lang='lat' dir='ltr'>ad</span> <span class='ocrx_word' id='word_1_93' title='bbox 638 1443 798 1520; x_wconf 87' lang='lat' dir='ltr'>Ebraeos</span> <span class='ocrx_word' id='word_1_94' title='bbox 829 1449 942 1518; x_wconf 90' lang='lat' dir='ltr'>multa</span> <span class='ocrx_word' id='word_1_95' title='bbox 974 1447 1132 1538; x_wconf 82' lang='lat' dir='ltr'>exempla</span> <span class='ocrx_word' id='word_1_96' title='bbox 1163 1450 1209 1517; x_wconf 89' lang='lat' dir='ltr'>de</span> <span class='ocrx_word' id='word_1_97' title='bbox 1232 1448 1303 1522; x_wconf 88' lang='lat' dir='ltr'>lide</span> <span class='ocrx_word' id='word_1_98' title='bbox 1340 1475 1420 1524; x_wconf 84' lang='lat' dir='ltr'>¹nae</span> <span class='ocrx_word' id='word_1_99' title='bbox 1441 1474 1592 1541; x_wconf 88' lang='lat' dir='ltr'>poenae,</span> <span class='ocrx_word' id='word_1_100' title='bbox 1626 1472 1691 1521; x_wconf 88' lang='lat' dir='ltr'>nec</span> <span class='ocrx_word' id='word_1_101' title='bbox 1714 1473 1815 1545; x_wconf 90' lang='lat' dir='ltr'>posse</span> <span class='ocrx_word' id='word_1_102' title='bbox 1835 1455 1982 1527; x_wconf 89' lang='lat' dir='ltr'>liberari</span> <span class='ocrx_word' id='word_1_103' title='bbox 2006 1483 2027 1530; x_wconf 88' lang='lat' dir='ltr'>s</span> <span class='ocrx_word' id='word_1_104' title='bbox 2050 1468 2212 1553; x_wconf 86' lang='lat' dir='ltr'>peccato,</span> <span class='ocrx_word' id='word_1_105' title='bbox 2234 1475 2272 1534; x_wconf 84' lang='lat' dir='ltr'>et</span> <span class='ocrx_word' id='word_1_106' title='bbox 2291 1465 2343 1534; x_wconf 87' lang='lat' dir='ltr'>ab.</span> 
     </span>
     <span class='ocr_line' id='line_1_9' title="bbox 312 1547 2252 1652; baseline 0.006 -32"><span class='ocrx_word' id='word_1_107' title='bbox 312 1565 587 1634; x_wconf 77' lang='lat' dir='ltr'>conterventur,</span> <span class='ocrx_word' id='word_1_108' title='bbox 611 1550 674 1620; x_wconf 88' lang='lat' dir='ltr'>obi</span> <span class='ocrx_word' id='word_1_109' title='bbox 691 1549 758 1624; x_wconf 85' lang='lat' dir='ltr'>etsi</span> <span class='ocrx_word' id='word_1_110' title='bbox 775 1547 963 1626; x_wconf 84' lang='lat' dir='ltr'>dissimilia</span> <span class='ocrx_word' id='word_1_111' title='bbox 980 1562 1064 1620; x_wconf 87' lang='lat' dir='ltr'>sunt</span> <span class='ocrx_word' id='word_1_112' title='bbox 1080 1561 1224 1620; x_wconf 85' lang='lat' dir='ltr'>esterna</span> <span class='ocrx_word' id='word_1_113' title='bbox 1238 1573 1302 1618; x_wconf 90' lang='lat' dir='ltr'>ne·</span> <span class='ocrx_word' id='word_1_114' title='bbox 1350 1568 1491 1627; x_wconf 87' lang='lat' dir='ltr'>aeterna</span> <span class='ocrx_word' id='word_1_115' title='bbox 1509 1553 1559 1622; x_wconf 86' lang='lat' dir='ltr'>ira</span> <span class='ocrx_word' id='word_1_116' title='bbox 1582 1575 1646 1642; x_wconf 91' lang='lat' dir='ltr'>per</span> <span class='ocrx_word' id='word_1_117' title='bbox 1663 1555 1844 1644; x_wconf 86' lang='lat' dir='ltr'>propriam</span> <span class='ocrx_word' id='word_1_118' title='bbox 1860 1553 2034 1629; x_wconf 82' lang='lat' dir='ltr'>iusticiam</span> <span class='ocrx_word' id='word_1_119' title='bbox 2052 1585 2112 1632; x_wconf 91' lang='lat' dir='ltr'>seu</span> <span class='ocrx_word' id='word_1_120' title='bbox 2130 1563 2252 1652; x_wconf 85' lang='lat' dir='ltr'>Iegem.</span> 
     </span>
     <span class='ocr_line' id='line_1_10' title="bbox 310 1650 2336 1754; baseline 0.007 -32"><span class='ocrx_word' id='word_1_121' title='bbox 310 1652 424 1743; x_wconf 82' lang='lat' dir='ltr'>gotia,</span> <span class='ocrx_word' id='word_1_122' title='bbox 458 1653 546 1727; x_wconf 87' lang='lat' dir='ltr'>lides</span> <span class='ocrx_word' id='word_1_123' title='bbox 571 1666 692 1723; x_wconf 89' lang='lat' dir='ltr'>tamen</span> <span class='ocrx_word' id='word_1_124' title='bbox 714 1653 864 1722; x_wconf 89' lang='lat' dir='ltr'>eandem</span> <span class='ocrx_word' id='word_1_125' title='bbox 892 1651 1124 1744; x_wconf 72' lang='lat' dir='ltr'>principalem</span> <span class='ocrx_word' id='word_1_126' title='bbox 1150 1651 1302 1743; x_wconf 91' lang='lat' dir='ltr'>promis·</span> <span class='ocrx_word' id='word_1_127' title='bbox 1452 1653 1494 1724; x_wconf 94' lang='lat' dir='ltr'>In</span> <span class='ocrx_word' id='word_1_128' title='bbox 1512 1650 1579 1726; x_wconf 84' lang='lat' dir='ltr'>Itac</span> <span class='ocrx_word' id='word_1_129' title='bbox 1592 1657 1838 1746; x_wconf 90' lang='lat' dir='ltr'>propositione</span> <span class='ocrx_word' id='word_1_130' title='bbox 1850 1678 2092 1736; x_wconf 89' lang='lat' dir='ltr'>commoratur</span> <span class='ocrx_word' id='word_1_131' title='bbox 2108 1685 2171 1754; x_wconf 88' lang='lat' dir='ltr'>per</span> <span class='ocrx_word' id='word_1_132' title='bbox 2187 1668 2336 1737; x_wconf 84' lang='lat' dir='ltr'>dno-ca-</span> 
     </span>
     <span class='ocr_line' id='line_1_11' title="bbox 308 1750 2336 1855; baseline 0.007 -31"><span class='ocrx_word' id='word_1_133' title='bbox 308 1758 470 1839; x_wconf 90' lang='lat' dir='ltr'>sinnem,</span> <span class='ocrx_word' id='word_1_134' title='bbox 507 1767 548 1825; x_wconf 88' lang='lat' dir='ltr'>ut</span> <span class='ocrx_word' id='word_1_135' title='bbox 570 1754 707 1827; x_wconf 88' lang='lat' dir='ltr'>dictum</span> <span class='ocrx_word' id='word_1_136' title='bbox 738 1765 808 1838; x_wconf 91' lang='lat' dir='ltr'>est,</span> <span class='ocrx_word' id='word_1_137' title='bbox 842 1753 1015 1825; x_wconf 85' lang='lat' dir='ltr'>intuetur.</span> <span class='ocrx_word' id='word_1_138' title='bbox 1082 1750 1204 1842; x_wconf 84' lang='lat' dir='ltr'>Quare</span> <span class='ocrx_word' id='word_1_139' title='bbox 1226 1777 1300 1823; x_wconf 92' lang='lat' dir='ltr'>non</span> <span class='ocrx_word' id='word_1_140' title='bbox 1350 1757 1445 1848; x_wconf 89' lang='lat' dir='ltr'>pita,</span> <span class='ocrx_word' id='word_1_141' title='bbox 1471 1779 1561 1850; x_wconf 82' lang='lat' dir='ltr'>qnae</span> <span class='ocrx_word' id='word_1_142' title='bbox 1582 1759 1687 1827; x_wconf 89' lang='lat' dir='ltr'>nobis</span> <span class='ocrx_word' id='word_1_143' title='bbox 1711 1757 2189 1855; x_wconf 84' lang='lat' dir='ltr'>itamagisperspicuaerit,</span> <span class='ocrx_word' id='word_1_144' title='bbox 2216 1768 2245 1837; x_wconf 84' lang='lat' dir='ltr'>si</span> <span class='ocrx_word' id='word_1_145' title='bbox 2268 1789 2336 1838; x_wconf 90' lang='lat' dir='ltr'>no-</span> 
     </span>
     <span class='ocr_line' id='line_1_12' title="bbox 308 1854 2336 1952; baseline 0.006 -24"><span class='ocrx_word' id='word_1_146' title='bbox 308 1857 582 1947; x_wconf 80' lang='lat' dir='ltr'>imaginandum</span> <span class='ocrx_word' id='word_1_147' title='bbox 612 1869 689 1938; x_wconf 90' lang='lat' dir='ltr'>est,</span> <span class='ocrx_word' id='word_1_148' title='bbox 729 1854 882 1926; x_wconf 84' lang='lat' dir='ltr'>Paulum</span> <span class='ocrx_word' id='word_1_149' title='bbox 913 1856 1029 1927; x_wconf 86' lang='lat' dir='ltr'>aliena</span> <span class='ocrx_word' id='word_1_150' title='bbox 1059 1855 1152 1926; x_wconf 89' lang='lat' dir='ltr'>dicta</span> <span class='ocrx_word' id='word_1_151' title='bbox 1183 1857 1301 1941; x_wconf 87' lang='lat' dir='ltr'>citare,</span> <span class='ocrx_word' id='word_1_152' title='bbox 1350 1861 1406 1930; x_wconf 87' lang='lat' dir='ltr'>bis</span> <span class='ocrx_word' id='word_1_153' title='bbox 1420 1858 1506 1950; x_wconf 88' lang='lat' dir='ltr'>ipsis</span> <span class='ocrx_word' id='word_1_154' title='bbox 1522 1858 1721 1930; x_wconf 88' lang='lat' dir='ltr'>doctrinam</span> <span class='ocrx_word' id='word_1_155' title='bbox 1736 1861 1781 1930; x_wconf 90' lang='lat' dir='ltr'>de</span> <span class='ocrx_word' id='word_1_156' title='bbox 1792 1864 2011 1952; x_wconf 89' lang='lat' dir='ltr'>poenitentia</span> <span class='ocrx_word' id='word_1_157' title='bbox 2026 1890 2086 1938; x_wconf 90' lang='lat' dir='ltr'>seu</span> <span class='ocrx_word' id='word_1_158' title='bbox 2104 1869 2336 1946; x_wconf 77' lang='lat' dir='ltr'>conversione</span> 
     </span>
     <span class='ocr_line' id='line_1_13' title="bbox 307 1955 2340 2062; baseline 0.007 -35"><span class='ocrx_word' id='word_1_159' title='bbox 307 1960 409 2052; x_wconf 84' lang='lat' dir='ltr'>quasi</span> <span class='ocrx_word' id='word_1_160' title='bbox 446 1955 565 2029; x_wconf 84' lang='lat' dir='ltr'>David</span> <span class='ocrx_word' id='word_1_161' title='bbox 596 1980 672 2028; x_wconf 87' lang='lat' dir='ltr'>uon</span> <span class='ocrx_word' id='word_1_162' title='bbox 700 1957 893 2030; x_wconf 83' lang='lat' dir='ltr'>crediderit</span> <span class='ocrx_word' id='word_1_163' title='bbox 923 1961 968 2029; x_wconf 91' lang='lat' dir='ltr'>de</span> <span class='ocrx_word' id='word_1_164' title='bbox 1002 1958 1301 2043; x_wconf 87' lang='lat' dir='ltr'>reconciliatione,</span> <span class='ocrx_word' id='word_1_165' title='bbox 1349 1983 1611 2053; x_wconf 87' lang='lat' dir='ltr'>proponemus,</span> <span class='ocrx_word' id='word_1_166' title='bbox 1639 1961 1667 2031; x_wconf 91' lang='lat' dir='ltr'>si</span> <span class='ocrx_word' id='word_1_167' title='bbox 1684 1961 1772 2031; x_wconf 91' lang='lat' dir='ltr'>iram</span> <span class='ocrx_word' id='word_1_168' title='bbox 1790 1960 2340 2062; x_wconf 79' lang='lat' dir='ltr'>Deiadrersusnosttapeccata</span> 
     </span>
     <span class='ocr_line' id='line_1_14' title="bbox 305 2058 2335 2153; baseline 0.005 -21"><span class='ocrx_word' id='word_1_169' title='bbox 305 2063 362 2132; x_wconf 89' lang='lat' dir='ltr'>sed</span> <span class='ocrx_word' id='word_1_170' title='bbox 388 2075 534 2134; x_wconf 86' lang='lat' dir='ltr'>tantum</span> <span class='ocrx_word' id='word_1_171' title='bbox 556 2063 603 2131; x_wconf 93' lang='lat' dir='ltr'>de</span> <span class='ocrx_word' id='word_1_172' title='bbox 626 2059 787 2135; x_wconf 78' lang='lat' dir='ltr'>victoria.</span> <span class='ocrx_word' id='word_1_173' title='bbox 839 2058 937 2132; x_wconf 83' lang='lat' dir='ltr'>Ilaec</span> <span class='ocrx_word' id='word_1_174' title='bbox 959 2061 1158 2132; x_wconf 75' lang='lat' dir='ltr'>admonitio</span> <span class='ocrx_word' id='word_1_175' title='bbox 1179 2081 1299 2130; x_wconf 76' lang='grc' dir='ltr'><strong>ιιιιιι-</strong></span> <span class='ocrx_word' id='word_1_176' title='bbox 1348 2063 1600 2153; x_wconf 88' lang='lat' dir='ltr'>cogitabimus,</span> <span class='ocrx_word' id='word_1_177' title='bbox 1633 2063 1662 2132; x_wconf 93' lang='lat' dir='ltr'>si</span> <span class='ocrx_word' id='word_1_178' title='bbox 1686 2085 1828 2136; x_wconf 76' lang='lat' dir='ltr'>excitam</span> <span class='ocrx_word' id='word_1_179' title='bbox 1851 2079 1937 2136; x_wconf 90' lang='lat' dir='ltr'>tetra</span> <span class='ocrx_word' id='word_1_180' title='bbox 1959 2072 2145 2141; x_wconf 87' lang='lat' dir='ltr'>securitate</span> <span class='ocrx_word' id='word_1_181' title='bbox 2167 2095 2250 2142; x_wconf 85' lang='lat' dir='ltr'>rere</span> <span class='ocrx_word' id='word_1_182' title='bbox 2273 2097 2335 2142; x_wconf 83' lang='lat' dir='ltr'>es·</span> 
     </span>
     <span class='ocr_line' id='line_1_15' title="bbox 303 2155 2332 2268; baseline 0.005 -32"><span class='ocrx_word' id='word_1_183' title='bbox 303 2163 395 2236; x_wconf 88' lang='lat' dir='ltr'>saeia</span> <span class='ocrx_word' id='word_1_184' title='bbox 426 2163 540 2253; x_wconf 83' lang='lat' dir='ltr'>magis</span> <span class='ocrx_word' id='word_1_185' title='bbox 569 2163 753 2254; x_wconf 77' lang='lat' dir='ltr'>perepicuo</span> <span class='ocrx_word' id='word_1_186' title='bbox 783 2161 869 2248; x_wconf 89' lang='lat' dir='ltr'>erit,</span> <span class='ocrx_word' id='word_1_187' title='bbox 902 2163 934 2234; x_wconf 88' lang='lat' dir='ltr'>si</span> <span class='ocrx_word' id='word_1_188' title='bbox 962 2185 1042 2232; x_wconf 89' lang='lat' dir='ltr'>eam</span> <span class='ocrx_word' id='word_1_189' title='bbox 1065 2163 1301 2253; x_wconf 66' lang='lat' dir='ltr'>cogitabimus</span> <span class='ocrx_word' id='word_1_190' title='bbox 1348 2187 1575 2259; x_wconf 81' lang='lat' dir='ltr'>pavescamus</span> <span class='ocrx_word' id='word_1_191' title='bbox 1591 2155 1804 2253; x_wconf 83' lang='lat' dir='ltr'>cogitatione</span> <span class='ocrx_word' id='word_1_192' title='bbox 1816 2156 1942 2238; x_wconf 87' lang='lat' dir='ltr'>indicii</span> <span class='ocrx_word' id='word_1_193' title='bbox 1967 2185 2001 2241; x_wconf 92' lang='lat' dir='ltr'>et</span> <span class='ocrx_word' id='word_1_194' title='bbox 2023 2170 2097 2242; x_wconf 90' lang='lat' dir='ltr'>irae</span> <span class='ocrx_word' id='word_1_195' title='bbox 2113 2168 2201 2260; x_wconf 89' lang='lat' dir='ltr'>Dei,</span> <span class='ocrx_word' id='word_1_196' title='bbox 2226 2197 2332 2268; x_wconf 74' lang='lat' dir='ltr'>mrem</span> 
     </span>
     <span class='ocr_line' id='line_1_16' title="bbox 302 2262 2333 2366; baseline 0.006 -31"><span class='ocrx_word' id='word_1_197' title='bbox 302 2267 339 2336; x_wconf 91' lang='lat' dir='ltr'>in</span> <span class='ocrx_word' id='word_1_198' title='bbox 354 2265 572 2359; x_wconf 79' lang='lat' dir='ltr'>quotidiana</span> <span class='ocrx_word' id='word_1_199' title='bbox 588 2264 826 2336; x_wconf 83' lang='lat' dir='ltr'>invocatione.</span> <span class='ocrx_word' id='word_1_200' title='bbox 897 2307 926 2322; x_wconf 84' lang='lat'>··</span> <span class='ocrx_word' id='word_1_201' title='bbox 1348 2268 1493 2362; x_wconf 85' lang='lat' dir='ltr'>quidem</span> <span class='ocrx_word' id='word_1_202' title='bbox 1517 2266 1671 2337; x_wconf 77' lang='lat' dir='ltr'>declaret</span> <span class='ocrx_word' id='word_1_203' title='bbox 1692 2262 1927 2342; x_wconf 79' lang='lat' dir='ltr'>horribilibus</span> <span class='ocrx_word' id='word_1_204' title='bbox 1947 2273 2090 2365; x_wconf 83' lang='lat' dir='ltr'>poenis,</span> <span class='ocrx_word' id='word_1_205' title='bbox 2121 2277 2333 2366; x_wconf 79' lang='lat' dir='ltr'>vagantibus</span> 
     </span>
     <span class='ocr_line' id='line_1_17' title="bbox 407 2360 2335 2463; baseline 0.004 -23"><span class='ocrx_word' id='word_1_206' title='bbox 407 2365 595 2440; x_wconf 74' lang='lat' dir='ltr'>Caeterum</span> <span class='ocrx_word' id='word_1_207' title='bbox 611 2380 642 2437; x_wconf 89' lang='lat' dir='ltr'>et</span> <span class='ocrx_word' id='word_1_208' title='bbox 661 2360 729 2438; x_wconf 86' lang='lat' dir='ltr'>hoc</span> <span class='ocrx_word' id='word_1_209' title='bbox 744 2389 868 2436; x_wconf 77' lang='lat' dir='ltr'>rernm</span> <span class='ocrx_word' id='word_1_210' title='bbox 884 2379 955 2451; x_wconf 86' lang='lat' dir='ltr'>est,</span> <span class='ocrx_word' id='word_1_211' title='bbox 978 2367 1073 2437; x_wconf 89' lang='lat' dir='ltr'>dicta</span> <span class='ocrx_word' id='word_1_212' title='bbox 1097 2389 1189 2459; x_wconf 86' lang='lat' dir='ltr'>qnae</span> <span class='ocrx_word' id='word_1_213' title='bbox 1215 2365 1300 2436; x_wconf 86' lang='lat' dir='ltr'>citat</span> <span class='ocrx_word' id='word_1_214' title='bbox 1348 2394 1410 2463; x_wconf 88' lang='lat' dir='ltr'>per</span> <span class='ocrx_word' id='word_1_215' title='bbox 1438 2382 1552 2438; x_wconf 92' lang='lat' dir='ltr'>totum</span> <span class='ocrx_word' id='word_1_216' title='bbox 1584 2389 1695 2458; x_wconf 80' lang='lat' dir='ltr'>genus</span> <span class='ocrx_word' id='word_1_217' title='bbox 1727 2366 1933 2447; x_wconf 86' lang='lat' dir='ltr'>humanum.</span> <span class='ocrx_word' id='word_1_218' title='bbox 1995 2372 2158 2448; x_wconf 85' lang='lat' dir='ltr'>Declarat</span> <span class='ocrx_word' id='word_1_219' title='bbox 2183 2391 2229 2448; x_wconf 86' lang='lat' dir='ltr'>et:</span> <span class='ocrx_word' id='word_1_220' title='bbox 2248 2401 2335 2448; x_wconf 76' lang='lat' dir='ltr'>voce</span> 
     </span>
     <span class='ocr_line' id='line_1_18' title="bbox 303 2465 2332 2570; baseline 0.007 -32"><span class='ocrx_word' id='word_1_221' title='bbox 303 2465 461 2552; x_wconf 81' lang='lat' dir='ltr'>Paulos,</span> <span class='ocrx_word' id='word_1_222' title='bbox 499 2469 712 2539; x_wconf 89' lang='lat' dir='ltr'>nominatim</span> <span class='ocrx_word' id='word_1_223' title='bbox 738 2469 783 2538; x_wconf 90' lang='lat' dir='ltr'>de</span> <span class='ocrx_word' id='word_1_224' title='bbox 804 2467 937 2541; x_wconf 85' lang='lat' dir='ltr'>Messia</span> <span class='ocrx_word' id='word_1_225' title='bbox 967 2468 1082 2563; x_wconf 80' lang='lat' dir='ltr'>loqui.</span> <span class='ocrx_word' id='word_1_226' title='bbox 1155 2465 1298 2539; x_wconf 82' lang='lat' dir='ltr'>Abacuc</span> <span class='ocrx_word' id='word_1_227' title='bbox 1348 2471 1556 2555; x_wconf 84' lang='lat' dir='ltr'>ministerii,</span> <span class='ocrx_word' id='word_1_228' title='bbox 1582 2484 1621 2541; x_wconf 90' lang='lat' dir='ltr'>nt</span> <span class='ocrx_word' id='word_1_229' title='bbox 1644 2485 1678 2542; x_wconf 91' lang='lat' dir='ltr'>et</span> <span class='ocrx_word' id='word_1_230' title='bbox 1699 2470 1877 2544; x_wconf 75' lang='lat' dir='ltr'>Dominus</span> <span class='ocrx_word' id='word_1_231' title='bbox 1897 2474 2033 2570; x_wconf 75' lang='lat' dir='ltr'>inquiet</span> <span class='ocrx_word' id='word_1_232' title='bbox 2072 2477 2229 2564; x_wconf 79' lang='lat' dir='ltr'>Spiritus</span> <span class='ocrx_word' id='word_1_233' title='bbox 2249 2501 2332 2556; x_wconf 75' lang='lat' dir='ltr'>san,-</span> 
     </span>
     <span class='ocr_line' id='line_1_19' title="bbox 303 2571 2334 2673; baseline 0.005 -31.821"><span class='ocrx_word' id='word_1_234' title='bbox 303 2572 496 2642; x_wconf 84' lang='lat' dir='ltr'>msnileste</span> <span class='ocrx_word' id='word_1_235' title='bbox 516 2571 751 2642; x_wconf 88' lang='lat' dir='ltr'>concionatur</span> <span class='ocrx_word' id='word_1_236' title='bbox 771 2572 817 2642; x_wconf 88' lang='lat' dir='ltr'>de</span> <span class='ocrx_word' id='word_1_237' title='bbox 843 2583 996 2644; x_wconf 83' lang='lat' dir='ltr'>venturo</span> <span class='ocrx_word' id='word_1_238' title='bbox 1018 2571 1228 2652; x_wconf 79' lang='lat' dir='ltr'>liberatore,</span> <span class='ocrx_word' id='word_1_239' title='bbox 1262 2582 1297 2640; x_wconf 85' lang='lat' dir='ltr'>et</span> <span class='ocrx_word' id='word_1_240' title='bbox 1347 2590 1425 2646; x_wconf 85' lang='lat' dir='ltr'>otus</span> <span class='ocrx_word' id='word_1_241' title='bbox 1447 2585 1570 2661; x_wconf 87' lang='lat' dir='ltr'>arguet</span> <span class='ocrx_word' id='word_1_242' title='bbox 1593 2575 1768 2644; x_wconf 89' lang='lat' dir='ltr'>mnndum</span> <span class='ocrx_word' id='word_1_243' title='bbox 1794 2575 1839 2644; x_wconf 92' lang='lat' dir='ltr'>de</span> <span class='ocrx_word' id='word_1_244' title='bbox 1867 2592 2041 2673; x_wconf 48' lang='lat' dir='ltr'>peccato„</span> <span class='ocrx_word' id='word_1_245' title='bbox 2085 2579 2157 2650; x_wconf 87' lang='lat' dir='ltr'>Sed</span> <span class='ocrx_word' id='word_1_246' title='bbox 2182 2583 2334 2672; x_wconf 78' lang='lat' dir='ltr'>maxima</span> 
     </span>
    </p>

    <p class='ocr_par' dir='ltr' id='par_1_3' title="bbox 266 2669 2335 2770">
     <span class='ocr_line' id='line_1_20' title="bbox 266 2669 2335 2770; baseline 0.005 -26"><span class='ocrx_word' id='word_1_247' title='bbox 266 2710 267 2715; x_wconf 17' lang='grc' dir='ltr'><strong>ι</strong></span> <span class='ocrx_word' id='word_1_248' title='bbox 305 2669 493 2745; x_wconf 72' lang='lat' dir='ltr'>Abraham</span> <span class='ocrx_word' id='word_1_249' title='bbox 509 2687 611 2742; x_wconf 86' lang='lat' dir='ltr'>norat</span> <span class='ocrx_word' id='word_1_250' title='bbox 629 2671 902 2762; x_wconf 88' lang='lat' dir='ltr'>promissionem</span> <span class='ocrx_word' id='word_1_251' title='bbox 918 2687 1021 2744; x_wconf 90' lang='lat' dir='ltr'>antea</span> <span class='ocrx_word' id='word_1_252' title='bbox 1044 2674 1163 2743; x_wconf 87' lang='lat' dir='ltr'>datam</span> <span class='ocrx_word' id='word_1_253' title='bbox 1186 2673 1299 2760; x_wconf 87' lang='lat' dir='ltr'>patri·</span> <span class='ocrx_word' id='word_1_254' title='bbox 1348 2699 1431 2768; x_wconf 87' lang='lat' dir='ltr'>pars.</span> <span class='ocrx_word' id='word_1_255' title='bbox 1443 2669 1631 2744; x_wconf 90' lang='lat' dir='ltr'>hominnm</span> <span class='ocrx_word' id='word_1_256' title='bbox 1649 2698 1768 2746; x_wconf 86' lang='lat' dir='ltr'>secura</span> <span class='ocrx_word' id='word_1_257' title='bbox 1786 2691 1821 2748; x_wconf 91' lang='lat' dir='ltr'>et</span> <span class='ocrx_word' id='word_1_258' title='bbox 1840 2678 1963 2748; x_wconf 82' lang='lat' dir='ltr'>iurans</span> <span class='ocrx_word' id='word_1_259' title='bbox 1985 2679 2146 2770; x_wconf 74' lang='lat' dir='ltr'>indulget</span> <span class='ocrx_word' id='word_1_260' title='bbox 2161 2683 2249 2768; x_wconf 87' lang='lat' dir='ltr'>sibi,</span> <span class='ocrx_word' id='word_1_261' title='bbox 2272 2707 2335 2756; x_wconf 84' lang='lat' dir='ltr'>ea-</span> 
     </span>
    </p>

    <p class='ocr_par' dir='ltr' id='par_1_4' title="bbox 266 2766 2386 3282">
     <span class='ocr_line' id='line_1_21' title="bbox 266 2766 2386 2869; baseline 0.003 -21"><span class='ocrx_word' id='word_1_262' title='bbox 266 2766 268 2807; x_wconf 47' lang='lat' dir='ltr'>l</span> <span class='ocrx_word' id='word_1_263' title='bbox 308 2779 394 2859; x_wconf 84' lang='lat' dir='ltr'>bns,</span> <span class='ocrx_word' id='word_1_264' title='bbox 418 2791 458 2846; x_wconf 89' lang='lat' dir='ltr'>et</span> <span class='ocrx_word' id='word_1_265' title='bbox 475 2776 574 2846; x_wconf 87' lang='lat' dir='ltr'>audit</span> <span class='ocrx_word' id='word_1_266' title='bbox 600 2771 685 2844; x_wconf 85' lang='lat' dir='ltr'>baec</span> <span class='ocrx_word' id='word_1_267' title='bbox 705 2775 818 2857; x_wconf 85' lang='lat' dir='ltr'>dicta,</span> <span class='ocrx_word' id='word_1_268' title='bbox 852 2797 943 2869; x_wconf 89' lang='lat' dir='ltr'>quae</span> <span class='ocrx_word' id='word_1_269' title='bbox 970 2775 1297 2847; x_wconf 74' lang='lat' dir='ltr'>reconciliationem</span> <span class='ocrx_word' id='word_1_270' title='bbox 1346 2777 1702 2850; x_wconf 87' lang='lat' dir='ltr'>cussometuiudieii</span> <span class='ocrx_word' id='word_1_271' title='bbox 1724 2791 1758 2848; x_wconf 92' lang='lat' dir='ltr'>et</span> <span class='ocrx_word' id='word_1_272' title='bbox 1782 2779 1862 2850; x_wconf 87' lang='lat' dir='ltr'>irae</span> <span class='ocrx_word' id='word_1_273' title='bbox 1882 2782 2043 2854; x_wconf 84' lang='lat' dir='ltr'>divinae:</span> <span class='ocrx_word' id='word_1_274' title='bbox 2073 2783 2155 2854; x_wconf 92' lang='lat' dir='ltr'>iden</span> <span class='ocrx_word' id='word_1_275' title='bbox 2179 2780 2335 2856; x_wconf 81' lang='lat' dir='ltr'>bactri-</span> <span class='ocrx_word' id='word_1_276' title='bbox 2382 2773 2386 2780; x_wconf 64' lang='grc'><strong>’</strong></span> 
     </span>
     <span class='ocr_line' id='line_1_22' title="bbox 314 2872 2334 2974; baseline 0.006 -28"><span class='ocrx_word' id='word_1_277' title='bbox 314 2877 525 2968; x_wconf 78' lang='lat' dir='ltr'>significant:</span> <span class='ocrx_word' id='word_1_278' title='bbox 555 2874 771 2946; x_wconf 86' lang='lat' dir='ltr'>Benedicam</span> <span class='ocrx_word' id='word_1_279' title='bbox 792 2876 871 2946; x_wconf 90' lang='lat' dir='ltr'>tibi.</span> <span class='ocrx_word' id='word_1_280' title='bbox 937 2875 1043 2948; x_wconf 91' lang='lat' dir='ltr'>Item:</span> <span class='ocrx_word' id='word_1_281' title='bbox 1078 2872 1153 2948; x_wconf 88' lang='lat' dir='ltr'>Ero</span> <span class='ocrx_word' id='word_1_282' title='bbox 1178 2892 1298 2968; x_wconf 90' lang='lat' dir='ltr'>prote·</span> <span class='ocrx_word' id='word_1_283' title='bbox 1344 2893 1416 2952; x_wconf 88' lang='lat' dir='ltr'>stes</span> <span class='ocrx_word' id='word_1_284' title='bbox 1446 2881 1636 2952; x_wconf 87' lang='lat' dir='ltr'>conciones</span> <span class='ocrx_word' id='word_1_285' title='bbox 1668 2880 1812 2950; x_wconf 88' lang='lat' dir='ltr'>divinae</span> <span class='ocrx_word' id='word_1_286' title='bbox 1845 2885 2104 2974; x_wconf 84' lang='lat' dir='ltr'>praetervolant</span> <span class='ocrx_word' id='word_1_287' title='bbox 2134 2901 2276 2971; x_wconf 72' lang='lat' dir='ltr'>aures,</span> <span class='ocrx_word' id='word_1_288' title='bbox 2298 2901 2334 2957; x_wconf 85' lang='lat' dir='ltr'>et</span> 
     </span>
     <span class='ocr_line' id='line_1_23' title="bbox 315 2979 2334 3077; baseline 0.002 -23"><span class='ocrx_word' id='word_1_289' title='bbox 315 2997 382 3054; x_wconf 86' lang='lat' dir='ltr'>rtur</span> <span class='ocrx_word' id='word_1_290' title='bbox 403 2994 509 3060; x_wconf 86' lang='lat' dir='ltr'>tuus,</span> <span class='ocrx_word' id='word_1_291' title='bbox 541 2979 672 3050; x_wconf 84' lang='lat' dir='ltr'>scilicet</span> <span class='ocrx_word' id='word_1_292' title='bbox 702 2993 849 3077; x_wconf 78' lang='lat' dir='ltr'>propter</span> <span class='ocrx_word' id='word_1_293' title='bbox 868 2980 1116 3063; x_wconf 86' lang='lat' dir='ltr'>mediatorem,</span> <span class='ocrx_word' id='word_1_294' title='bbox 1156 2980 1202 3049; x_wconf 95' lang='lat' dir='ltr'>de</span> <span class='ocrx_word' id='word_1_295' title='bbox 1225 3002 1296 3072; x_wconf 89' lang='lat' dir='ltr'>qno</span> <span class='ocrx_word' id='word_1_296' title='bbox 1345 3005 1550 3075; x_wconf 82' lang='lat' dir='ltr'>qnanqnam</span> <span class='ocrx_word' id='word_1_297' title='bbox 1567 3005 1640 3050; x_wconf 90' lang='lat' dir='ltr'>non</span> <span class='ocrx_word' id='word_1_298' title='bbox 1657 2995 1740 3053; x_wconf 90' lang='lat' dir='ltr'>sunt</span> <span class='ocrx_word' id='word_1_299' title='bbox 1756 2984 1946 3067; x_wconf 85' lang='lat' dir='ltr'>obscurae,</span> <span class='ocrx_word' id='word_1_300' title='bbox 1972 2999 2091 3056; x_wconf 90' lang='lat' dir='ltr'>tamen</span> <span class='ocrx_word' id='word_1_301' title='bbox 2107 2989 2334 3058; x_wconf 84' lang='lat' dir='ltr'>eovidentur</span> 
     </span>
     <span class='ocr_line' id='line_1_24' title="bbox 314 3078 2334 3178; baseline 0.003 -26"><span class='ocrx_word' id='word_1_302' title='bbox 314 3095 426 3176; x_wconf 84' lang='lat' dir='ltr'>postea</span> <span class='ocrx_word' id='word_1_303' title='bbox 446 3103 606 3173; x_wconf 79' lang='lat' dir='ltr'>expresse</span> <span class='ocrx_word' id='word_1_304' title='bbox 621 3080 757 3152; x_wconf 87' lang='lat' dir='ltr'>&#39;dictum</span> <span class='ocrx_word' id='word_1_305' title='bbox 779 3095 849 3153; x_wconf 90' lang='lat' dir='ltr'>est:</span> <span class='ocrx_word' id='word_1_306' title='bbox 876 3078 919 3151; x_wconf 92' lang='lat' dir='ltr'>In</span> <span class='ocrx_word' id='word_1_307' title='bbox 941 3083 1076 3152; x_wconf 90' lang='lat' dir='ltr'>semine</span> <span class='ocrx_word' id='word_1_308' title='bbox 1100 3095 1163 3152; x_wconf 91' lang='lat' dir='ltr'>tuo</span> <span class='ocrx_word' id='word_1_309' title='bbox 1187 3082 1298 3153; x_wconf 90' lang='lat' dir='ltr'>bene-</span> <span class='ocrx_word' id='word_1_310' title='bbox 1344 3085 1565 3174; x_wconf 79' lang='lat' dir='ltr'>frigidiores,</span> <span class='ocrx_word' id='word_1_311' title='bbox 1594 3083 1678 3178; x_wconf 87' lang='lat' dir='ltr'>quia</span> <span class='ocrx_word' id='word_1_312' title='bbox 1706 3097 1847 3174; x_wconf 90' lang='lat' dir='ltr'>pectora</span> <span class='ocrx_word' id='word_1_313' title='bbox 1871 3100 1992 3159; x_wconf 89' lang='lat' dir='ltr'>nostra</span> <span class='ocrx_word' id='word_1_314' title='bbox 2016 3113 2091 3160; x_wconf 88' lang='lat' dir='ltr'>non</span> <span class='ocrx_word' id='word_1_315' title='bbox 2118 3089 2334 3176; x_wconf 81' lang='lat' dir='ltr'>pdbciuntnc</span> 
     </span>
     <span class='ocr_line' id='line_1_25' title="bbox 317 3183 2377 3282; baseline 0.002 -26"><span class='ocrx_word' id='word_1_316' title='bbox 317 3187 472 3256; x_wconf 81' lang='lat' dir='ltr'>dicemur</span> <span class='ocrx_word' id='word_1_317' title='bbox 483 3207 608 3254; x_wconf 88' lang='lat' dir='ltr'>omues</span> <span class='ocrx_word' id='word_1_318' title='bbox 623 3195 759 3274; x_wconf 82' lang='lat' dir='ltr'>gentes.</span> <span class='ocrx_word' id='word_1_319' title='bbox 906 3223 922 3238; x_wconf 81' lang='lat'>.</span> <span class='ocrx_word' id='word_1_320' title='bbox 1346 3209 1451 3256; x_wconf 90' lang='lat' dir='ltr'>sensu</span> <span class='ocrx_word' id='word_1_321' title='bbox 1468 3185 1541 3256; x_wconf 90' lang='lat' dir='ltr'>irae</span> <span class='ocrx_word' id='word_1_322' title='bbox 1558 3183 1638 3260; x_wconf 83' lang='lat' dir='ltr'>Dei.</span> <span class='ocrx_word' id='word_1_323' title='bbox 1690 3184 1844 3258; x_wconf 86' lang='lat' dir='ltr'>Possunt</span> <span class='ocrx_word' id='word_1_324' title='bbox 1864 3203 1980 3258; x_wconf 89' lang='lat' dir='ltr'>autem</span> <span class='ocrx_word' id='word_1_325' title='bbox 2004 3189 2083 3260; x_wconf 89' lang='lat' dir='ltr'>sine</span> <span class='ocrx_word' id='word_1_326' title='bbox 2103 3189 2208 3280; x_wconf 89' lang='lat' dir='ltr'>longa</span> <span class='ocrx_word' id='word_1_327' title='bbox 2229 3213 2334 3264; x_wconf 85' lang='lat' dir='ltr'>enar·</span> <span class='ocrx_word' id='word_1_328' title='bbox 2375 3277 2377 3282; x_wconf 17' lang='grc' dir='ltr'>ι</span> 
     </span>
    </p>

    <p class='ocr_par' dir='ltr' id='par_1_5' title="bbox 1345 3287 2334 3389">
     <span class='ocr_line' id='line_1_26' title="bbox 1345 3287 2334 3389; baseline 0.008 -31"><span class='ocrx_word' id='word_1_329' title='bbox 1345 3288 1486 3358; x_wconf 87' lang='lat' dir='ltr'>ratione</span> <span class='ocrx_word' id='word_1_330' title='bbox 1504 3287 1647 3379; x_wconf 89' lang='lat' dir='ltr'>proprie</span> <span class='ocrx_word' id='word_1_331' title='bbox 1666 3301 1700 3360; x_wconf 85' lang='lat' dir='ltr'>et</span> <span class='ocrx_word' id='word_1_332' title='bbox 1722 3303 1818 3360; x_wconf 86' lang='lat' dir='ltr'>recte</span> <span class='ocrx_word' id='word_1_333' title='bbox 1832 3289 1984 3381; x_wconf 87' lang='lat' dir='ltr'>intelligi</span> <span class='ocrx_word' id='word_1_334' title='bbox 2000 3293 2047 3362; x_wconf 88' lang='lat' dir='ltr'>ab</span> <span class='ocrx_word' id='word_1_335' title='bbox 2062 3293 2236 3366; x_wconf 86' lang='lat' dir='ltr'>omnibus·</span> <span class='ocrx_word' id='word_1_336' title='bbox 2251 3293 2334 3389; x_wconf 87' lang='lat' dir='ltr'>piis,</span> 
     </span>
    </p>

    <p class='ocr_par' dir='ltr' id='par_1_6' title="bbox 1345 3389 2002 3485">
     <span class='ocr_line' id='line_1_27' title="bbox 1345 3389 2002 3485; baseline 0.002 -24"><span class='ocrx_word' id='word_1_337' title='bbox 1345 3391 1408 3485; x_wconf 88' lang='lat' dir='ltr'>qui</span> <span class='ocrx_word' id='word_1_338' title='bbox 1424 3404 1559 3461; x_wconf 89' lang='lat' dir='ltr'>norunt</span> <span class='ocrx_word' id='word_1_339' title='bbox 1575 3389 1738 3460; x_wconf 83' lang='lat' dir='ltr'>exercitia</span> <span class='ocrx_word' id='word_1_340' title='bbox 1753 3391 2002 3481; x_wconf 88' lang='lat' dir='ltr'>poenitentiae.</span> 
     </span>
    </p>

    <p class='ocr_par' dir='ltr' id='par_1_7' title="bbox 310 3481 2440 5011">
     <span class='ocr_line' id='line_1_28' title="bbox 403 3481 2334 3585; baseline 0.006 -28"><span class='ocrx_word' id='word_1_341' title='bbox 403 3481 488 3557; x_wconf 89' lang='lat' dir='ltr'>Una</span> <span class='ocrx_word' id='word_1_342' title='bbox 516 3498 553 3557; x_wconf 90' lang='lat' dir='ltr'>et</span> <span class='ocrx_word' id='word_1_343' title='bbox 573 3488 695 3557; x_wconf 87' lang='lat' dir='ltr'>eadem</span> <span class='ocrx_word' id='word_1_344' title='bbox 729 3510 797 3557; x_wconf 79' lang='lat' dir='ltr'>vor</span> <span class='ocrx_word' id='word_1_345' title='bbox 829 3500 880 3557; x_wconf 90' lang='lat' dir='ltr'>est</span> <span class='ocrx_word' id='word_1_346' title='bbox 904 3484 1093 3577; x_wconf 75' lang='lat' dir='ltr'>Evangelii</span> <span class='ocrx_word' id='word_1_347' title='bbox 1123 3488 1294 3559; x_wconf 83' lang='lat' dir='ltr'>omnibus</span> <span class='ocrx_word' id='word_1_348' title='bbox 1448 3491 1545 3563; x_wconf 87' lang='lat' dir='ltr'>llaec</span> <span class='ocrx_word' id='word_1_349' title='bbox 1580 3493 1660 3561; x_wconf 88' lang='lat' dir='ltr'>ideo</span> <span class='ocrx_word' id='word_1_350' title='bbox 1696 3494 1798 3576; x_wconf 86' lang='lat' dir='ltr'>disi,</span> <span class='ocrx_word' id='word_1_351' title='bbox 1834 3506 1876 3567; x_wconf 90' lang='grc' dir='ltr'>ιιι</span> <span class='ocrx_word' id='word_1_352' title='bbox 1905 3494 2064 3567; x_wconf 75' lang='lat' dir='ltr'>inaniores</span> <span class='ocrx_word' id='word_1_353' title='bbox 2097 3497 2334 3585; x_wconf 83' lang='lat' dir='ltr'>considerent,</span> 
     </span>
     <span class='ocr_line' id='line_1_29' title="bbox 315 3587 2440 3693; baseline 0.006 -34"><span class='ocrx_word' id='word_1_354' title='bbox 315 3590 795 3683; x_wconf 60' lang='lat' dir='ltr'>tenporibnnindeusqnea</span> <span class='ocrx_word' id='word_1_355' title='bbox 811 3590 927 3680; x_wconf 90' lang='lat' dir='ltr'>prima</span> <span class='ocrx_word' id='word_1_356' title='bbox 943 3591 1114 3661; x_wconf 86' lang='lat' dir='ltr'>concione</span> <span class='ocrx_word' id='word_1_357' title='bbox 1130 3590 1168 3659; x_wconf 91' lang='lat' dir='ltr'>in</span> <span class='ocrx_word' id='word_1_358' title='bbox 1186 3587 1296 3660; x_wconf 86' lang='lat' dir='ltr'>Para·</span> <span class='ocrx_word' id='word_1_359' title='bbox 1344 3618 1454 3689; x_wconf 80' lang='lat' dir='ltr'>qaaere</span> <span class='ocrx_word' id='word_1_360' title='bbox 1469 3594 1518 3665; x_wconf 90' lang='lat' dir='ltr'>sic</span> <span class='ocrx_word' id='word_1_361' title='bbox 1534 3596 1671 3665; x_wconf 91' lang='lat' dir='ltr'>incoata</span> <span class='ocrx_word' id='word_1_362' title='bbox 1689 3596 1736 3666; x_wconf 88' lang='lat' dir='ltr'>sit</span> <span class='ocrx_word' id='word_1_363' title='bbox 1750 3596 1943 3666; x_wconf 86' lang='lat' dir='ltr'>narratina</span> <span class='ocrx_word' id='word_1_364' title='bbox 1960 3598 2224 3689; x_wconf 80' lang='lat' dir='ltr'>praedicatione</span> <span class='ocrx_word' id='word_1_365' title='bbox 2244 3624 2333 3693; x_wconf 79' lang='lat' dir='ltr'>poa-</span> <span class='ocrx_word' id='word_1_366' title='bbox 2435 3666 2440 3677; x_wconf 89' lang='grc'><strong>,</strong></span> 
     </span>
     <span class='ocr_line' id='line_1_30' title="bbox 314 3690 2331 3791; baseline 0.006 -31"><span class='ocrx_word' id='word_1_367' title='bbox 314 3690 382 3761; x_wconf 86' lang='lat' dir='ltr'>diso</span> <span class='ocrx_word' id='word_1_368' title='bbox 395 3692 489 3763; x_wconf 86' lang='lat' dir='ltr'>iacta</span> <span class='ocrx_word' id='word_1_369' title='bbox 496 3743 509 3777; x_wconf 92' lang='lat'>,</span> <span class='ocrx_word' id='word_1_370' title='bbox 536 3715 618 3763; x_wconf 84' lang='lat' dir='ltr'>cum</span> <span class='ocrx_word' id='word_1_371' title='bbox 632 3706 866 3780; x_wconf 85' lang='lat' dir='ltr'>arguerentur</span> <span class='ocrx_word' id='word_1_372' title='bbox 880 3709 914 3763; x_wconf 90' lang='lat' dir='ltr'>et</span> <span class='ocrx_word' id='word_1_373' title='bbox 931 3692 1173 3782; x_wconf 87' lang='lat' dir='ltr'>reciperentur</span> <span class='ocrx_word' id='word_1_374' title='bbox 1188 3692 1293 3782; x_wconf 83' lang='lat' dir='ltr'>primi</span> <span class='ocrx_word' id='word_1_375' title='bbox 1343 3697 1534 3783; x_wconf 89' lang='lat' dir='ltr'>nitentiae,</span> <span class='ocrx_word' id='word_1_376' title='bbox 1568 3710 1601 3767; x_wconf 92' lang='lat' dir='ltr'>et</span> <span class='ocrx_word' id='word_1_377' title='bbox 1625 3720 1698 3791; x_wconf 87' lang='lat' dir='ltr'>qno</span> <span class='ocrx_word' id='word_1_378' title='bbox 1722 3699 1845 3768; x_wconf 88' lang='lat' dir='ltr'>tendat</span> <span class='ocrx_word' id='word_1_379' title='bbox 1867 3695 2011 3773; x_wconf 85' lang='lat' dir='ltr'>Paulus.</span> <span class='ocrx_word' id='word_1_380' title='bbox 2087 3699 2212 3772; x_wconf 82' lang='lat' dir='ltr'>Postea</span> <span class='ocrx_word' id='word_1_381' title='bbox 2235 3702 2331 3772; x_wconf 90' lang='lat' dir='ltr'>enim</span> 
     </span>
     <span class='ocr_line' id='line_1_31' title="bbox 313 3790 2329 3891; baseline 0.004 -26"><span class='ocrx_word' id='word_1_382' title='bbox 313 3808 478 3884; x_wconf 84' lang='lat' dir='ltr'>parentes.</span> <span class='ocrx_word' id='word_1_383' title='bbox 522 3792 671 3885; x_wconf 83' lang='lat' dir='ltr'>Semper</span> <span class='ocrx_word' id='word_1_384' title='bbox 684 3815 753 3863; x_wconf 81' lang='lat' dir='ltr'>voa</span> <span class='ocrx_word' id='word_1_385' title='bbox 768 3790 955 3884; x_wconf 76' lang='lat' dir='ltr'>Evangelii</span> <span class='ocrx_word' id='word_1_386' title='bbox 969 3796 1084 3884; x_wconf 75' lang='lat' dir='ltr'>negarit</span> <span class='ocrx_word' id='word_1_387' title='bbox 1101 3808 1296 3887; x_wconf 89' lang='lat' dir='ltr'>peccatum,</span> <span class='ocrx_word' id='word_1_388' title='bbox 1343 3799 1444 3870; x_wconf 87' lang='lat' dir='ltr'>addit</span> <span class='ocrx_word' id='word_1_389' title='bbox 1467 3800 1614 3870; x_wconf 89' lang='lat' dir='ltr'>alteram</span> <span class='ocrx_word' id='word_1_390' title='bbox 1640 3800 1921 3891; x_wconf 84' lang='lat' dir='ltr'>propositionem</span> <span class='ocrx_word' id='word_1_391' title='bbox 1944 3824 2007 3872; x_wconf 91' lang='lat' dir='ltr'>seu</span> <span class='ocrx_word' id='word_1_392' title='bbox 2026 3804 2329 3875; x_wconf 87' lang='lat' dir='ltr'>consolationem:</span> 
     </span>
     <span class='ocr_line' id='line_1_32' title="bbox 313 3894 2332 3993; baseline 0.006 -29"><span class='ocrx_word' id='word_1_393' title='bbox 313 3909 340 3966; x_wconf 88' lang='lat' dir='ltr'>et</span> <span class='ocrx_word' id='word_1_394' title='bbox 360 3910 482 3986; x_wconf 87' lang='lat' dir='ltr'>postea</span> <span class='ocrx_word' id='word_1_395' title='bbox 505 3896 607 3968; x_wconf 87' lang='lat' dir='ltr'>addit</span> <span class='ocrx_word' id='word_1_396' title='bbox 628 3894 930 3987; x_wconf 88' lang='lat' dir='ltr'>consolationem,</span> <span class='ocrx_word' id='word_1_397' title='bbox 956 3898 1122 3969; x_wconf 86' lang='lat' dir='ltr'>videlicet</span> <span class='ocrx_word' id='word_1_398' title='bbox 1143 3896 1296 3985; x_wconf 89' lang='lat' dir='ltr'>promis·</span> <span class='ocrx_word' id='word_1_399' title='bbox 1341 3900 1449 3973; x_wconf 90' lang='lat' dir='ltr'>Certo</span> <span class='ocrx_word' id='word_1_400' title='bbox 1472 3901 1666 3991; x_wconf 87' lang='lat' dir='ltr'>accipimus</span> <span class='ocrx_word' id='word_1_401' title='bbox 1693 3902 1938 3971; x_wconf 73' lang='lat' dir='ltr'>remissionem</span> <span class='ocrx_word' id='word_1_402' title='bbox 1972 3918 2194 3993; x_wconf 90' lang='lat' dir='ltr'>peccatorum</span> <span class='ocrx_word' id='word_1_403' title='bbox 2216 3918 2251 3977; x_wconf 89' lang='lat' dir='ltr'>et</span> <span class='ocrx_word' id='word_1_404' title='bbox 2275 3928 2332 3981; x_wconf 88' lang='lat' dir='ltr'>re·</span> 
     </span>
     <span class='ocr_line' id='line_1_33' title="bbox 313 3997 2331 4098; baseline 0.005 -31"><span class='ocrx_word' id='word_1_405' title='bbox 313 3997 439 4072; x_wconf 72' lang='lat' dir='ltr'>ionem</span> <span class='ocrx_word' id='word_1_406' title='bbox 454 3998 756 4069; x_wconf 85' lang='lat' dir='ltr'>reconciliationis</span> <span class='ocrx_word' id='word_1_407' title='bbox 769 3998 940 4083; x_wconf 83' lang='lat' dir='ltr'>gratuitae</span> <span class='ocrx_word' id='word_1_408' title='bbox 960 4015 1107 4091; x_wconf 89' lang='lat' dir='ltr'>propter</span> <span class='ocrx_word' id='word_1_409' title='bbox 1121 4000 1294 4069; x_wconf 88' lang='lat' dir='ltr'>mediato·</span> <span class='ocrx_word' id='word_1_410' title='bbox 1342 4003 1641 4085; x_wconf 81' lang='lat' dir='ltr'>conciliationem,</span> <span class='ocrx_word' id='word_1_411' title='bbox 1667 4016 1701 4075; x_wconf 91' lang='lat' dir='ltr'>et</span> <span class='ocrx_word' id='word_1_412' title='bbox 1717 4017 1924 4093; x_wconf 85' lang='lat' dir='ltr'>reputamur</span> <span class='ocrx_word' id='word_1_413' title='bbox 1940 4004 2036 4089; x_wconf 82' lang='lat' dir='ltr'>iusti,</span> <span class='ocrx_word' id='word_1_414' title='bbox 2058 4006 2331 4098; x_wconf 78' lang='lat' dir='ltr'>propterlllium</span> 
     </span>
     <span class='ocr_line' id='line_1_34' title="bbox 313 4098 2332 4201; baseline 0.003 -30"><span class='ocrx_word' id='word_1_415' title='bbox 313 4122 391 4175; x_wconf 82' lang='lat' dir='ltr'>resa.</span> <span class='ocrx_word' id='word_1_416' title='bbox 443 4099 559 4174; x_wconf 82' lang='lat' dir='ltr'>Sicin</span> <span class='ocrx_word' id='word_1_417' title='bbox 577 4098 1293 4190; x_wconf 82' lang='lat' dir='ltr'>ParadisnipsefiliusDeieoncionatur.</span> <span class='ocrx_word' id='word_1_418' title='bbox 1341 4103 1427 4191; x_wconf 80' lang='lat' dir='ltr'>Dei,</span> <span class='ocrx_word' id='word_1_419' title='bbox 1452 4106 1580 4197; x_wconf 80' lang='lat' dir='ltr'>gratis,</span> <span class='ocrx_word' id='word_1_420' title='bbox 1613 4106 1693 4177; x_wconf 86' lang='lat' dir='ltr'>tide.</span> <span class='ocrx_word' id='word_1_421' title='bbox 1755 4102 1811 4176; x_wconf 80' lang='lat' dir='ltr'>Ad</span> <span class='ocrx_word' id='word_1_422' title='bbox 1840 4101 1932 4176; x_wconf 84' lang='lat' dir='ltr'>Itane</span> <span class='ocrx_word' id='word_1_423' title='bbox 1950 4111 2142 4178; x_wconf 85' lang='lat' dir='ltr'>secundam</span> <span class='ocrx_word' id='word_1_424' title='bbox 2166 4110 2332 4201; x_wconf 79' lang='lat' dir='ltr'>proposi-</span> 
     </span>
     <span class='ocr_line' id='line_1_35' title="bbox 313 4200 2332 4305; baseline -0.003 -21"><span class='ocrx_word' id='word_1_425' title='bbox 313 4200 362 4273; x_wconf 61' lang='grc' dir='ltr'>δὴ</span> <span class='ocrx_word' id='word_1_426' title='bbox 382 4200 600 4293; x_wconf 62' lang='lat' dir='ltr'>Prophetae.</span> <span class='ocrx_word' id='word_1_427' title='bbox 624 4203 676 4273; x_wconf 72' lang='lat'>⁵3⁰</span> <span class='ocrx_word' id='word_1_428' title='bbox 692 4200 875 4292; x_wconf 66' lang='grc' dir='ltr'><strong>Βιιιῑῖδίι,</strong></span> <span class='ocrx_word' id='word_1_429' title='bbox 900 4204 951 4274; x_wconf 89' lang='lat' dir='ltr'>sic</span> <span class='ocrx_word' id='word_1_430' title='bbox 966 4204 1060 4276; x_wconf 81' lang='lat' dir='ltr'>filius</span> <span class='ocrx_word' id='word_1_431' title='bbox 1080 4203 1145 4275; x_wconf 91' lang='lat' dir='ltr'>Dei</span> <span class='ocrx_word' id='word_1_432' title='bbox 1168 4203 1293 4272; x_wconf 87' lang='lat' dir='ltr'>clami·</span> <span class='ocrx_word' id='word_1_433' title='bbox 1341 4210 1476 4279; x_wconf 90' lang='lat' dir='ltr'>tionem</span> <span class='ocrx_word' id='word_1_434' title='bbox 1494 4209 1533 4277; x_wconf 92' lang='lat' dir='ltr'>in</span> <span class='ocrx_word' id='word_1_435' title='bbox 1555 4209 1660 4279; x_wconf 90' lang='lat' dir='ltr'>tertio</span> <span class='ocrx_word' id='word_1_436' title='bbox 1675 4206 1800 4298; x_wconf 87' lang='lat' dir='ltr'>Gapile</span> <span class='ocrx_word' id='word_1_437' title='bbox 1821 4208 2024 4299; x_wconf 78' lang='lat' dir='ltr'>perveniet,</span> <span class='ocrx_word' id='word_1_438' title='bbox 2045 4232 2137 4305; x_wconf 82' lang='lat' dir='ltr'>qtaae</span> <span class='ocrx_word' id='word_1_439' title='bbox 2151 4212 2332 4302; x_wconf 85' lang='lat' dir='ltr'>principa-</span> 
     </span>
     <span class='ocr_line' id='line_1_36' title="bbox 313 4302 2333 4405; baseline 0.005 -32"><span class='ocrx_word' id='word_1_440' title='bbox 313 4317 374 4379; x_wconf 83' lang='lat' dir='ltr'>tat:</span> <span class='ocrx_word' id='word_1_441' title='bbox 414 4302 522 4393; x_wconf 79' lang='lat' dir='ltr'>Agite</span> <span class='ocrx_word' id='word_1_442' title='bbox 552 4306 829 4394; x_wconf 86' lang='lat' dir='ltr'>poenitentiam,</span> <span class='ocrx_word' id='word_1_443' title='bbox 869 4318 904 4375; x_wconf 92' lang='lat' dir='ltr'>et</span> <span class='ocrx_word' id='word_1_444' title='bbox 929 4306 1064 4376; x_wconf 88' lang='lat' dir='ltr'>credite</span> <span class='ocrx_word' id='word_1_445' title='bbox 1085 4303 1294 4396; x_wconf 83' lang='lat' dir='ltr'>Evangelio.</span> <span class='ocrx_word' id='word_1_446' title='bbox 1340 4310 1387 4380; x_wconf 91' lang='lat' dir='ltr'>lls</span> <span class='ocrx_word' id='word_1_447' title='bbox 1419 4323 1532 4383; x_wconf 86' lang='lat' dir='ltr'>status</span> <span class='ocrx_word' id='word_1_448' title='bbox 1563 4326 1617 4380; x_wconf 90' lang='lat' dir='ltr'>est</span> <span class='ocrx_word' id='word_1_449' title='bbox 1648 4310 1901 4400; x_wconf 89' lang='lat' dir='ltr'>disputationis</span> <span class='ocrx_word' id='word_1_450' title='bbox 1924 4310 1963 4381; x_wconf 89' lang='lat' dir='ltr'>in</span> <span class='ocrx_word' id='word_1_451' title='bbox 1986 4308 2053 4385; x_wconf 86' lang='lat' dir='ltr'>hae</span> <span class='ocrx_word' id='word_1_452' title='bbox 2074 4307 2333 4405; x_wconf 60' lang='lat' dir='ltr'>Epistola,15ut</span> 
     </span>
     <span class='ocr_line' id='line_1_37' title="bbox 313 4404 2181 4507; baseline 0.003 -28"><span class='ocrx_word' id='word_1_453' title='bbox 313 4406 365 4479; x_wconf 75' lang='lat' dir='ltr'>ste</span> <span class='ocrx_word' id='word_1_454' title='bbox 380 4405 564 4500; x_wconf 78' lang='lat' dir='ltr'>apostatis</span> <span class='ocrx_word' id='word_1_455' title='bbox 578 4404 756 4477; x_wconf 85' lang='lat' dir='ltr'>Dominus</span> <span class='ocrx_word' id='word_1_456' title='bbox 777 4408 950 4499; x_wconf 86' lang='lat' dir='ltr'>praecipit</span> <span class='ocrx_word' id='word_1_457' title='bbox 962 4411 1108 4479; x_wconf 90' lang='lat' dir='ltr'>docere:</span> <span class='ocrx_word' id='word_1_458' title='bbox 1146 4406 1294 4477; x_wconf 81' lang='lat' dir='ltr'>Praedi·</span> <span class='ocrx_word' id='word_1_459' title='bbox 1341 4436 1407 4483; x_wconf 89' lang='lat' dir='ltr'>suo</span> <span class='ocrx_word' id='word_1_460' title='bbox 1422 4412 1503 4482; x_wconf 91' lang='lat' dir='ltr'>Ioco</span> <span class='ocrx_word' id='word_1_461' title='bbox 1518 4412 1696 4507; x_wconf 88' lang='lat' dir='ltr'>copiosius</span> <span class='ocrx_word' id='word_1_462' title='bbox 1712 4413 1881 4483; x_wconf 75' lang='lat' dir='ltr'>dicemus</span> <span class='ocrx_word' id='word_1_463' title='bbox 2175 4432 2181 4443; x_wconf 90' lang='lat'>·</span> 
     </span>
     <span class='ocr_line' id='line_1_38' title="bbox 313 4508 1294 4610; baseline -0.004 -27"><span class='ocrx_word' id='word_1_464' title='bbox 313 4524 378 4583; x_wconf 81' lang='lat' dir='ltr'>ote</span> <span class='ocrx_word' id='word_1_465' title='bbox 402 4508 723 4610; x_wconf 83' lang='lat' dir='ltr'>poenitentiamin</span> <span class='ocrx_word' id='word_1_466' title='bbox 746 4510 893 4579; x_wconf 90' lang='lat' dir='ltr'>nomine</span> <span class='ocrx_word' id='word_1_467' title='bbox 912 4531 1012 4596; x_wconf 88' lang='lat' dir='ltr'>meo,</span> <span class='ocrx_word' id='word_1_468' title='bbox 1054 4522 1089 4582; x_wconf 87' lang='lat' dir='ltr'>et</span> <span class='ocrx_word' id='word_1_469' title='bbox 1112 4508 1294 4580; x_wconf 90' lang='lat' dir='ltr'>remissio·</span> 
     </span>
     <span class='ocr_line' id='line_1_39' title="bbox 313 4606 1294 4703; baseline 0.002 -22"><span class='ocrx_word' id='word_1_470' title='bbox 313 4636 384 4683; x_wconf 84' lang='lat' dir='ltr'>nesn</span> <span class='ocrx_word' id='word_1_471' title='bbox 407 4625 645 4702; x_wconf 85' lang='lat' dir='ltr'>peccatorum.</span> <span class='ocrx_word' id='word_1_472' title='bbox 719 4606 774 4681; x_wconf 85' lang='lat' dir='ltr'>tlc</span> <span class='ocrx_word' id='word_1_473' title='bbox 795 4612 1015 4682; x_wconf 84' lang='lat' dir='ltr'>discentibus</span> <span class='ocrx_word' id='word_1_474' title='bbox 1038 4615 1181 4703; x_wconf 90' lang='lat' dir='ltr'>prodest</span> <span class='ocrx_word' id='word_1_475' title='bbox 1206 4607 1294 4683; x_wconf 81' lang='lat' dir='ltr'>Itaee</span> 
     </span>
     <span class='ocr_line' id='line_1_40' title="bbox 313 4708 1293 4805; baseline -0.002 -20"><span class='ocrx_word' id='word_1_476' title='bbox 313 4712 552 4786; x_wconf 86' lang='lat' dir='ltr'>consideratio.</span> <span class='ocrx_word' id='word_1_477' title='bbox 602 4708 722 4803; x_wconf 84' lang='lat' dir='ltr'>Magis</span> <span class='ocrx_word' id='word_1_478' title='bbox 737 4713 832 4782; x_wconf 91' lang='lat' dir='ltr'>enim</span> <span class='ocrx_word' id='word_1_479' title='bbox 847 4714 887 4785; x_wconf 82' lang='lat' dir='ltr'>fit</span> <span class='ocrx_word' id='word_1_480' title='bbox 907 4714 1092 4805; x_wconf 87' lang='lat' dir='ltr'>perspicus</span> <span class='ocrx_word' id='word_1_481' title='bbox 1114 4715 1293 4796; x_wconf 79' lang='lat' dir='ltr'>doctrina,</span> 
     </span>
     <span class='ocr_line' id='line_1_41' title="bbox 312 4812 2331 4910; baseline 0.001 -22"><span class='ocrx_word' id='word_1_482' title='bbox 312 4840 382 4889; x_wconf 82' lang='lat' dir='ltr'>cnm</span> <span class='ocrx_word' id='word_1_483' title='bbox 404 4814 659 4903; x_wconf 73' lang='lat' dir='ltr'>intelligimus,</span> <span class='ocrx_word' id='word_1_484' title='bbox 697 4834 836 4907; x_wconf 85' lang='lat' dir='ltr'>semper</span> <span class='ocrx_word' id='word_1_485' title='bbox 867 4818 1017 4886; x_wconf 68' lang='lat' dir='ltr'>andem</span> <span class='ocrx_word' id='word_1_486' title='bbox 1043 4836 1165 4885; x_wconf 88' lang='lat' dir='ltr'>vocem</span> <span class='ocrx_word' id='word_1_487' title='bbox 1197 4828 1292 4885; x_wconf 88' lang='lat' dir='ltr'>recte</span> <span class='ocrx_word' id='word_1_488' title='bbox 1442 4814 1484 4888; x_wconf 90' lang='lat' dir='ltr'>Id</span> <span class='ocrx_word' id='word_1_489' title='bbox 1508 4829 1581 4901; x_wconf 91' lang='lat' dir='ltr'>est,</span> <span class='ocrx_word' id='word_1_490' title='bbox 1614 4842 1739 4891; x_wconf 87' lang='lat' dir='ltr'>omnes</span> <span class='ocrx_word' id='word_1_491' title='bbox 1773 4814 1938 4889; x_wconf 87' lang='lat' dir='ltr'>homines</span> <span class='ocrx_word' id='word_1_492' title='bbox 1964 4834 2166 4910; x_wconf 86' lang='lat' dir='ltr'>arguuntur</span> <span class='ocrx_word' id='word_1_493' title='bbox 2192 4819 2231 4889; x_wconf 92' lang='lat' dir='ltr'>in</span> <span class='ocrx_word' id='word_1_494' title='bbox 2263 4812 2331 4891; x_wconf 87' lang='lat' dir='ltr'>hac</span> 
     </span>
     <span class='ocr_line' id='line_1_42' title="bbox 310 4914 2331 5011; baseline 0 -23"><span class='ocrx_word' id='word_1_495' title='bbox 310 4920 468 4993; x_wconf 69' lang='lat' dir='ltr'>detentu</span> <span class='ocrx_word' id='word_1_496' title='bbox 485 4918 524 4987; x_wconf 92' lang='lat' dir='ltr'>in</span> <span class='ocrx_word' id='word_1_497' title='bbox 544 4914 702 4997; x_wconf 85' lang='lat' dir='ltr'>Ecclesia</span> <span class='ocrx_word' id='word_1_498' title='bbox 717 4938 856 4992; x_wconf 88' lang='lat' dir='ltr'>sonare.</span> <span class='ocrx_word' id='word_1_499' title='bbox 1341 4920 1573 5011; x_wconf 88' lang='lat' dir='ltr'>corruptione</span> <span class='ocrx_word' id='word_1_500' title='bbox 1594 4934 1757 4991; x_wconf 85' lang='lat' dir='ltr'>naturae.</span> <span class='ocrx_word' id='word_1_501' title='bbox 1821 4916 1900 4992; x_wconf 88' lang='lat' dir='ltr'>Etsi</span> <span class='ocrx_word' id='word_1_502' title='bbox 1929 4922 2025 4993; x_wconf 89' lang='lat' dir='ltr'>enim</span> <span class='ocrx_word' id='word_1_503' title='bbox 2053 4936 2189 4993; x_wconf 91' lang='lat' dir='ltr'>norunt</span> <span class='ocrx_word' id='word_1_504' title='bbox 2218 4922 2331 5011; x_wconf 80' lang='lat' dir='ltr'>legens</span> 
     </span>
    </p>

    <p class='ocr_par' dir='ltr' id='par_1_8' title="bbox 310 5015 2335 5933">
     <span class='ocr_line' id='line_1_43' title="bbox 401 5015 2332 5111; baseline -0.001 -17"><span class='ocrx_word' id='word_1_505' title='bbox 401 5019 453 5094; x_wconf 85' lang='lat' dir='ltr'>Ut</span> <span class='ocrx_word' id='word_1_506' title='bbox 475 5020 587 5109; x_wconf 91' lang='lat' dir='ltr'>igitur</span> <span class='ocrx_word' id='word_1_507' title='bbox 603 5017 645 5088; x_wconf 93' lang='lat' dir='ltr'>in</span> <span class='ocrx_word' id='word_1_508' title='bbox 659 5015 828 5089; x_wconf 84' lang='lat' dir='ltr'>Paradiso</span> <span class='ocrx_word' id='word_1_509' title='bbox 851 5018 1008 5111; x_wconf 86' lang='lat' dir='ltr'>primunt</span> <span class='ocrx_word' id='word_1_510' title='bbox 1031 5018 1198 5108; x_wconf 83' lang='lat' dir='ltr'>arguitur</span> <span class='ocrx_word' id='word_1_511' title='bbox 1208 5042 1293 5109; x_wconf 89' lang='lat' dir='ltr'>pec·</span> <span class='ocrx_word' id='word_1_512' title='bbox 1340 5018 1428 5105; x_wconf 87' lang='lat' dir='ltr'>Dei,</span> <span class='ocrx_word' id='word_1_513' title='bbox 1453 5033 1572 5091; x_wconf 90' lang='lat' dir='ltr'>tamen</span> <span class='ocrx_word' id='word_1_514' title='bbox 1590 5022 1758 5091; x_wconf 86' lang='lat' dir='ltr'>noticiam</span> <span class='ocrx_word' id='word_1_515' title='bbox 1775 5020 1814 5093; x_wconf 91' lang='lat' dir='ltr'>in</span> <span class='ocrx_word' id='word_1_516' title='bbox 1839 5024 2020 5095; x_wconf 79' lang='lat' dir='ltr'>iniustitia</span> <span class='ocrx_word' id='word_1_517' title='bbox 2043 5023 2218 5108; x_wconf 79' lang='lat' dir='ltr'>captivam</span> <span class='ocrx_word' id='word_1_518' title='bbox 2239 5024 2332 5094; x_wconf 89' lang='lat' dir='ltr'>deti-</span> 
     </span>
     <span class='ocr_line' id='line_1_44' title="bbox 310 5116 2331 5217; baseline -0.001 -20"><span class='ocrx_word' id='word_1_519' title='bbox 310 5137 436 5208; x_wconf 80' lang='lat' dir='ltr'>tatum,</span> <span class='ocrx_word' id='word_1_520' title='bbox 461 5137 497 5194; x_wconf 86' lang='lat' dir='ltr'>et</span> <span class='ocrx_word' id='word_1_521' title='bbox 512 5133 555 5192; x_wconf 87' lang='lat' dir='ltr'>nt</span> <span class='ocrx_word' id='word_1_522' title='bbox 573 5116 697 5191; x_wconf 82' lang='lat' dir='ltr'>Esaias</span> <span class='ocrx_word' id='word_1_523' title='bbox 715 5120 859 5194; x_wconf 87' lang='lat' dir='ltr'>orditur</span> <span class='ocrx_word' id='word_1_524' title='bbox 882 5145 902 5192; x_wconf 89' lang='lat' dir='ltr'>a</span> <span class='ocrx_word' id='word_1_525' title='bbox 925 5121 1052 5211; x_wconf 81' lang='lat' dir='ltr'>grandi</span> <span class='ocrx_word' id='word_1_526' title='bbox 1077 5136 1113 5193; x_wconf 89' lang='lat' dir='ltr'>et</span> <span class='ocrx_word' id='word_1_527' title='bbox 1137 5124 1290 5193; x_wconf 90' lang='lat' dir='ltr'>terribili</span> <span class='ocrx_word' id='word_1_528' title='bbox 1339 5135 1448 5205; x_wconf 91' lang='lat' dir='ltr'>nent,</span> <span class='ocrx_word' id='word_1_529' title='bbox 1475 5124 1600 5209; x_wconf 90' lang='lat' dir='ltr'>idest,</span> <span class='ocrx_word' id='word_1_530' title='bbox 1624 5148 1698 5193; x_wconf 90' lang='lat' dir='ltr'>non</span> <span class='ocrx_word' id='word_1_531' title='bbox 1715 5126 1961 5217; x_wconf 89' lang='lat' dir='ltr'>obtemperant</span> <span class='ocrx_word' id='word_1_532' title='bbox 1976 5126 2020 5199; x_wconf 91' lang='lat' dir='ltr'>ei.</span> <span class='ocrx_word' id='word_1_533' title='bbox 2066 5120 2181 5195; x_wconf 83' lang='lat' dir='ltr'>Breve</span> <span class='ocrx_word' id='word_1_534' title='bbox 2194 5122 2331 5197; x_wconf 81' lang='lat' dir='ltr'>dictum</span> 
     </span>
     <span class='ocr_line' id='line_1_45' title="bbox 310 5218 2333 5319; baseline 0 -21"><span class='ocrx_word' id='word_1_535' title='bbox 310 5226 465 5298; x_wconf 80' lang='lat' dir='ltr'>nordio:</span> <span class='ocrx_word' id='word_1_536' title='bbox 490 5218 625 5319; x_wconf 75' lang='lat' dir='ltr'>Audite</span> <span class='ocrx_word' id='word_1_537' title='bbox 648 5221 787 5291; x_wconf 88' lang='lat' dir='ltr'>coelom</span> <span class='ocrx_word' id='word_1_538' title='bbox 802 5234 836 5295; x_wconf 91' lang='lat' dir='ltr'>et</span> <span class='ocrx_word' id='word_1_539' title='bbox 852 5236 968 5305; x_wconf 86' lang='lat' dir='ltr'>terra,</span> <span class='ocrx_word' id='word_1_540' title='bbox 996 5220 1072 5293; x_wconf 85' lang='lat' dir='ltr'>Vae</span> <span class='ocrx_word' id='word_1_541' title='bbox 1088 5223 1292 5314; x_wconf 85' lang='lat' dir='ltr'>genti-pec-</span> <span class='ocrx_word' id='word_1_542' title='bbox 1339 5237 1412 5309; x_wconf 90' lang='lat' dir='ltr'>est,</span> <span class='ocrx_word' id='word_1_543' title='bbox 1443 5226 1506 5295; x_wconf 89' lang='lat' dir='ltr'>sed</span> <span class='ocrx_word' id='word_1_544' title='bbox 1532 5226 1788 5298; x_wconf 84' lang='lat' dir='ltr'>atrocissimam</span> <span class='ocrx_word' id='word_1_545' title='bbox 1812 5226 2070 5299; x_wconf 74' lang='lat' dir='ltr'>accinctionem</span> <span class='ocrx_word' id='word_1_546' title='bbox 2095 5226 2273 5312; x_wconf 83' lang='lat' dir='ltr'>continet,</span> <span class='ocrx_word' id='word_1_547' title='bbox 2298 5240 2333 5299; x_wconf 88' lang='lat' dir='ltr'>et</span> 
     </span>
     <span class='ocr_line' id='line_1_46' title="bbox 312 5323 2332 5418; baseline 0 -21"><span class='ocrx_word' id='word_1_548' title='bbox 312 5327 439 5412; x_wconf 67' lang='lat' dir='ltr'>ramici,</span> <span class='ocrx_word' id='word_1_549' title='bbox 465 5324 736 5417; x_wconf 83' lang='lat' dir='ltr'>dereliquerunt</span> <span class='ocrx_word' id='word_1_550' title='bbox 755 5324 972 5410; x_wconf 80' lang='lat' dir='ltr'>Dominum,</span> <span class='ocrx_word' id='word_1_551' title='bbox 996 5323 1292 5415; x_wconf 81' lang='lat' dir='ltr'>blasphemarunt</span> <span class='ocrx_word' id='word_1_552' title='bbox 1339 5328 1429 5397; x_wconf 86' lang='lat' dir='ltr'>duas</span> <span class='ocrx_word' id='word_1_553' title='bbox 1460 5338 1578 5417; x_wconf 89' lang='lat' dir='ltr'>partes</span> <span class='ocrx_word' id='word_1_554' title='bbox 1608 5328 1646 5397; x_wconf 91' lang='lat' dir='ltr'>in</span> <span class='ocrx_word' id='word_1_555' title='bbox 1673 5323 1819 5398; x_wconf 90' lang='lat' dir='ltr'>homine</span> <span class='ocrx_word' id='word_1_556' title='bbox 1849 5328 1989 5418; x_wconf 87' lang='lat' dir='ltr'>pingit:</span> <span class='ocrx_word' id='word_1_557' title='bbox 2029 5324 2190 5399; x_wconf 82' lang='lat' dir='ltr'>Notitias</span> <span class='ocrx_word' id='word_1_558' title='bbox 2218 5350 2332 5408; x_wconf 82' lang='lat' dir='ltr'>veras,</span> 
     </span>
     <span class='ocr_line' id='line_1_47' title="bbox 312 5422 2331 5523; baseline -0 -22"><span class='ocrx_word' id='word_1_559' title='bbox 312 5444 463 5501; x_wconf 77' lang='lat' dir='ltr'>anunm</span> <span class='ocrx_word' id='word_1_560' title='bbox 484 5424 594 5500; x_wconf 78' lang='lat' dir='ltr'>Israel</span> <span class='ocrx_word' id='word_1_561' title='bbox 615 5439 681 5498; x_wconf 78' lang='lat' dir='ltr'>etc.</span> <span class='ocrx_word' id='word_1_562' title='bbox 740 5422 792 5499; x_wconf 86' lang='lat' dir='ltr'>Ita</span> <span class='ocrx_word' id='word_1_563' title='bbox 820 5422 878 5497; x_wconf 83' lang='lat' dir='ltr'>Iaic</span> <span class='ocrx_word' id='word_1_564' title='bbox 898 5426 1058 5499; x_wconf 71' lang='lat' dir='ltr'>namatio</span> <span class='ocrx_word' id='word_1_565' title='bbox 1081 5428 1288 5499; x_wconf 88' lang='lat' dir='ltr'>incontura</span> <span class='ocrx_word' id='word_1_566' title='bbox 1338 5452 1431 5523; x_wconf 83' lang='lat' dir='ltr'>quae</span> <span class='ocrx_word' id='word_1_567' title='bbox 1442 5442 1527 5501; x_wconf 88' lang='lat' dir='ltr'>sunt</span> <span class='ocrx_word' id='word_1_568' title='bbox 1541 5428 1732 5517; x_wconf 86' lang='lat' dir='ltr'>sapientia,</span> <span class='ocrx_word' id='word_1_569' title='bbox 1756 5448 1955 5521; x_wconf 87' lang='lat' dir='ltr'>congruens</span> <span class='ocrx_word' id='word_1_570' title='bbox 1969 5454 2048 5501; x_wconf 89' lang='lat' dir='ltr'>cum</span> <span class='ocrx_word' id='word_1_571' title='bbox 2063 5430 2236 5521; x_wconf 85' lang='lat' dir='ltr'>saplentit</span> <span class='ocrx_word' id='word_1_572' title='bbox 2251 5426 2331 5509; x_wconf 86' lang='lat' dir='ltr'>Dei,</span> 
     </span>
     <span class='ocr_line' id='line_1_48' title="bbox 314 5526 2329 5623; baseline -0.001 -21"><span class='ocrx_word' id='word_1_573' title='bbox 314 5531 501 5603; x_wconf 85' lang='lat' dir='ltr'>tristissima</span> <span class='ocrx_word' id='word_1_574' title='bbox 520 5527 835 5599; x_wconf 82' lang='lat' dir='ltr'>condemnatione:</span> <span class='ocrx_word' id='word_1_575' title='bbox 867 5526 1066 5601; x_wconf 79' lang='lat' dir='ltr'>Revelstnr</span> <span class='ocrx_word' id='word_1_576' title='bbox 1085 5528 1138 5599; x_wconf 87' lang='lat' dir='ltr'>ira</span> <span class='ocrx_word' id='word_1_577' title='bbox 1157 5530 1227 5600; x_wconf 91' lang='lat' dir='ltr'>Dei</span> <span class='ocrx_word' id='word_1_578' title='bbox 1244 5527 1290 5600; x_wconf 86' lang='lat' dir='ltr'>de</span> <span class='ocrx_word' id='word_1_579' title='bbox 1336 5530 1503 5601; x_wconf 80' lang='lat' dir='ltr'>videlicet</span> <span class='ocrx_word' id='word_1_580' title='bbox 1527 5531 1614 5623; x_wconf 83' lang='lat' dir='ltr'>legis</span> <span class='ocrx_word' id='word_1_581' title='bbox 1637 5530 1779 5601; x_wconf 87' lang='lat' dir='ltr'>noticia.</span> <span class='ocrx_word' id='word_1_582' title='bbox 1845 5529 1985 5602; x_wconf 85' lang='lat' dir='ltr'>Delude</span> <span class='ocrx_word' id='word_1_583' title='bbox 2006 5554 2091 5601; x_wconf 81' lang='lat' dir='ltr'>vero</span> <span class='ocrx_word' id='word_1_584' title='bbox 2107 5528 2201 5602; x_wconf 84' lang='lat' dir='ltr'>banc</span> <span class='ocrx_word' id='word_1_585' title='bbox 2216 5531 2329 5623; x_wconf 87' lang='lat' dir='ltr'>ipsam</span> 
     </span>
     <span class='ocr_line' id='line_1_49' title="bbox 314 5626 2332 5728; baseline -0.002 -23"><span class='ocrx_word' id='word_1_586' title='bbox 314 5634 400 5706; x_wconf 86' lang='lat' dir='ltr'>coelo</span> <span class='ocrx_word' id='word_1_587' title='bbox 428 5654 539 5725; x_wconf 84' lang='lat' dir='ltr'>snper</span> <span class='ocrx_word' id='word_1_588' title='bbox 558 5650 704 5702; x_wconf 81' lang='lat' dir='ltr'>omnem</span> <span class='ocrx_word' id='word_1_589' title='bbox 732 5630 963 5721; x_wconf 85' lang='lat' dir='ltr'>impietatem.</span> <span class='ocrx_word' id='word_1_590' title='bbox 1036 5626 1147 5701; x_wconf 88' lang='lat' dir='ltr'>Initio</span> <span class='ocrx_word' id='word_1_591' title='bbox 1180 5632 1291 5721; x_wconf 82' lang='lat' dir='ltr'>igitur</span> <span class='ocrx_word' id='word_1_592' title='bbox 1338 5631 1499 5703; x_wconf 81' lang='lat' dir='ltr'>divinam</span> <span class='ocrx_word' id='word_1_593' title='bbox 1526 5633 1734 5724; x_wconf 89' lang='lat' dir='ltr'>sapientiam</span> <span class='ocrx_word' id='word_1_594' title='bbox 1761 5632 1878 5728; x_wconf 80' lang='lat' dir='ltr'>inquit</span> <span class='ocrx_word' id='word_1_595' title='bbox 1894 5654 2097 5725; x_wconf 86' lang='lat' dir='ltr'>oppressam</span> <span class='ocrx_word' id='word_1_596' title='bbox 2119 5654 2193 5703; x_wconf 89' lang='lat' dir='ltr'>esse</span> <span class='ocrx_word' id='word_1_597' title='bbox 2212 5628 2332 5705; x_wconf 82' lang='lat' dir='ltr'>horri-</span> 
     </span>
     <span class='ocr_line' id='line_1_50' title="bbox 313 5728 2332 5829; baseline -0.001 -24"><span class='ocrx_word' id='word_1_598' title='bbox 313 5736 416 5829; x_wconf 77' lang='lat' dir='ltr'>argnie</span> <span class='ocrx_word' id='word_1_599' title='bbox 430 5744 612 5827; x_wconf 65' lang='grc' dir='ltr'><strong>μιειιιιιιι</strong></span> <span class='ocrx_word' id='word_1_600' title='bbox 620 5779 633 5819; x_wconf 88' lang='grc'><strong>,</strong></span> <span class='ocrx_word' id='word_1_601' title='bbox 653 5744 697 5805; x_wconf 88' lang='grc' dir='ltr'>ιιι</span> <span class='ocrx_word' id='word_1_602' title='bbox 706 5731 747 5805; x_wconf 73' lang='lat' dir='ltr'>fit</span> <span class='ocrx_word' id='word_1_603' title='bbox 761 5730 802 5802; x_wconf 91' lang='lat' dir='ltr'>in</span> <span class='ocrx_word' id='word_1_604' title='bbox 819 5731 1085 5823; x_wconf 77' lang='lat' dir='ltr'>praedieatione</span> <span class='ocrx_word' id='word_1_605' title='bbox 1099 5735 1287 5826; x_wconf 89' lang='lat' dir='ltr'>poeniten-</span> <span class='ocrx_word' id='word_1_606' title='bbox 1336 5732 1403 5803; x_wconf 87' lang='lat' dir='ltr'>bili</span> <span class='ocrx_word' id='word_1_607' title='bbox 1420 5734 1642 5805; x_wconf 88' lang='lat' dir='ltr'>contumacia</span> <span class='ocrx_word' id='word_1_608' title='bbox 1657 5748 1806 5805; x_wconf 85' lang='lat' dir='ltr'>naturae</span> <span class='ocrx_word' id='word_1_609' title='bbox 1823 5728 2018 5821; x_wconf 73' lang='lat' dir='ltr'>hiemante,</span> <span class='ocrx_word' id='word_1_610' title='bbox 2043 5735 2080 5805; x_wconf 88' lang='lat' dir='ltr'>id</span> <span class='ocrx_word' id='word_1_611' title='bbox 2099 5748 2169 5819; x_wconf 89' lang='lat' dir='ltr'>cst,</span> <span class='ocrx_word' id='word_1_612' title='bbox 2194 5734 2332 5804; x_wconf 88' lang='lat' dir='ltr'>etiamsi</span> 
     </span>
     <span class='ocr_line' id='line_1_51' title="bbox 316 5833 2335 5933; baseline -0.004 -16"><span class='ocrx_word' id='word_1_613' title='bbox 316 5838 384 5917; x_wconf 70' lang='lat' dir='ltr'>ist.</span> <span class='ocrx_word' id='word_1_614' title='bbox 428 5833 977 5913; x_wconf 73' lang='lat' dir='ltr'>Poetumticeansotntmen.</span> <span class='ocrx_word' id='word_1_615' title='bbox 1336 5833 1460 5909; x_wconf 85' lang='lat' dir='ltr'>lucent</span> <span class='ocrx_word' id='word_1_616' title='bbox 1478 5835 1516 5905; x_wconf 93' lang='lat' dir='ltr'>in</span> <span class='ocrx_word' id='word_1_617' title='bbox 1532 5850 1633 5929; x_wconf 90' lang='lat' dir='ltr'>parte</span> <span class='ocrx_word' id='word_1_618' title='bbox 1643 5849 1877 5928; x_wconf 80' lang='lat' dir='ltr'>cognoscente</span> <span class='ocrx_word' id='word_1_619' title='bbox 1897 5836 2050 5913; x_wconf 83' lang='lat' dir='ltr'>noticiae</span> <span class='ocrx_word' id='word_1_620' title='bbox 2066 5837 2172 5929; x_wconf 80' lang='lat' dir='ltr'>Iegis,</span> <span class='ocrx_word' id='word_1_621' title='bbox 2201 5846 2236 5908; x_wconf 88' lang='lat' dir='ltr'>et</span> <span class='ocrx_word' id='word_1_622' title='bbox 2251 5835 2335 5933; x_wconf 77' lang='lat' dir='ltr'>qui·</span> 
     </span>
    </p>
   </div>
   <div class='ocr_carea' id='block_1_3' title="bbox 342 3341 1249 3450">
    <p class='ocr_par' dir='ltr' id='par_1_9' title="bbox 342 3341 1249 3450">
     <span class='ocr_line' id='line_1_52' title="bbox 342 3341 1249 3450; baseline 0.001 -28"><span class='ocrx_word' id='word_1_623' title='bbox 342 3341 547 3422; x_wconf 79' lang='lat' dir='ltr'>Reeelotur</span> <span class='ocrx_word' id='word_1_624' title='bbox 563 3346 623 3421; x_wconf 85' lang='lat' dir='ltr'>ira</span> <span class='ocrx_word' id='word_1_625' title='bbox 639 3344 721 3420; x_wconf 90' lang='lat' dir='ltr'>Dei</span> <span class='ocrx_word' id='word_1_626' title='bbox 734 3371 844 3450; x_wconf 79' lang='lat' dir='ltr'>snper</span> <span class='ocrx_word' id='word_1_627' title='bbox 858 3372 999 3423; x_wconf 88' lang='lat' dir='ltr'>omnem</span> <span class='ocrx_word' id='word_1_628' title='bbox 1013 3347 1249 3449; x_wconf 81' lang='lat' dir='ltr'>impietatem.</span> 
     </span>
    </p>
   </div>
   <div class='ocr_carea' id='block_1_4' title="bbox 1341 4574 2333 4760">
    <p class='ocr_par' dir='ltr' id='par_1_10' title="bbox 1341 4574 2333 4760">
     <span class='ocr_line' id='line_1_53' title="bbox 1341 4574 2333 4678; baseline -0.002 -27"><span class='ocrx_word' id='word_1_629' title='bbox 1341 4574 1463 4677; x_wconf 81' lang='lat' dir='ltr'>Super</span> <span class='ocrx_word' id='word_1_630' title='bbox 1477 4603 1617 4651; x_wconf 86' lang='lat' dir='ltr'>omnem</span> <span class='ocrx_word' id='word_1_631' title='bbox 1637 4577 1881 4678; x_wconf 79' lang='lat' dir='ltr'>impietatem,</span> <span class='ocrx_word' id='word_1_632' title='bbox 1909 4579 2095 4655; x_wconf 78' lang='lat' dir='ltr'>veritatem</span> <span class='ocrx_word' id='word_1_633' title='bbox 2120 4579 2160 4653; x_wconf 83' lang='lat' dir='ltr'>in</span> <span class='ocrx_word' id='word_1_634' title='bbox 2182 4578 2333 4653; x_wconf 82' lang='lat' dir='ltr'>iniusti-</span> 
     </span>
     <span class='ocr_line' id='line_1_54' title="bbox 1668 4676 2277 4760; baseline 0 -5"><span class='ocrx_word' id='word_1_635' title='bbox 1668 4683 1727 4755; x_wconf 82' lang='lat' dir='ltr'>eies</span> <span class='ocrx_word' id='word_1_636' title='bbox 1744 4676 1998 4760; x_wconf 80' lang='lat' dir='ltr'>detinentium.</span> <span class='ocrx_word' id='word_1_637' title='bbox 2274 4696 2277 4703; x_wconf 85' lang='lat'>&#39;</span> 
     </span>
    </p>
   </div>
   <div class='ocr_carea' id='block_1_5' title="bbox 0 0 2918 6950">
    <p class='ocr_par' dir='ltr' id='par_1_11' title="bbox 0 0 2918 6950">
     <span class='ocr_line' id='line_1_55' title="bbox 0 0 2918 6950; baseline 0 6"><span class='ocrx_word' id='word_1_638' title='bbox 0 0 2918 6950; x_wconf 95' lang='lat' dir='ltr'> </span> 
     </span>
    </p>
   </div>
  </div>
 </body>
</html>
