5825 6950
599 692 675 767 879
851 766 856 777 ,
1198 682 1324 761 unu.
1352 682 1470 763 Mill..
1496 681 1709 761 SCRIPTA
1728 682 2029 765 EXEGETICA.
2163 715 2180 779 ,·
2534 702 2593 775 880

599 868 749 951 seimus,
775 865 870 961 quod
896 862 935 933 in
960 818 1037 953 ipso
1059 882 1242 933 manemus
1263 859 1393 952 etipse
1418 860 1455 929 iu
1471 860 1591 951 nobis,
1641 875 1761 953 spectu
1783 874 1845 933 tuo
1868 859 1987 931 omnis
2011 858 2145 949 vivens.
2196 858 2325 935 Erlob
2341 861 2452 958 iuquit
2466 864 2593 959 Capu:

601 974 684 1067 quia
703 972 749 1040 de
764 968 891 1060 spiritu
909 986 974 1037 suo
990 965 1052 1036 dat
1072 964 1210 1035 nobie·
1241 956 1305 1034 Est
1326 963 1436 1053 igitur
1449 976 1592 1034 senten·
1640 962 1735 1033 Vere
1748 962 1839 1051 scio,
1865 965 1963 1057 quod
1984 986 2060 1034 non
2080 964 2126 1036 sit
2150 958 2261 1035 ὴοωο
2276 964 2388 1037 iustos
2402 992 2510 1041 coram
2523 970 2594 1047 Deo.

600 1076 649 1145 tio
669 1068 939 1169 propositionis:
965 1064 1218 1137 Asseveramns
1234 1061 1417 1137 bominem
1435 1068 1593 1158 accipere
1640 1062 1718 1136 Hae
1737 1066 1943 1159 perspicuae
1965 1066 2202 1143 confessiones
2224 1091 2300 1137 non
2321 1067 2370 1139 sic
2392 1094 2593 1166 corrumpar.

599 1175 846 1246 remissionem
886 1181 1128 1263 peccatorum,
1166 1168 1516 1254 reconciliationem,
1557 1184 1593 1240 et
1641 1172 1817 1239 daesuut.
1867 1165 1951 1237 Non
1969 1162 2146 1241 esthemo
2170 1170 2285 1240 iustus
2306 1194 2423 1242 coram
2437 1171 2595 1249 Deorere·

599 1274 873 1369 imputationem
889 1270 1066 1353 iusticiae,
1084 1258 1358 1363 propteffilium
1374 1267 1441 1343 Dei
1457 1270 1592 1341 media·
1643 1270 1793 1357 moniis,
1816 1270 1877 1339 sed
1895 1284 1947 1339 est
1962 1270 2094 1355 iustus,
2119 1272 2203 1367 quia
2219 1266 2324 1345 babet
2341 1275 2516 1364 perlectam
2529 1281 2595 1349 obe-

600 1396 714 1452 torem
735 1401 797 1469 per
814 1373 1092 1445 misericordiam
1114 1372 1239 1461 gratis,
1272 1397 1344 1443 non
1371 1388 1516 1466 propter
1540 1373 1591 1442 le·
1642 1372 1814 1444 dientiam
1837 1371 2007 1469 decalogi..
2070 1371 2112 1443 ln
2136 1374 2196 1446 tali
2209 1374 2462 1471 imaginatione
2475 1383 2597 1450 manile-

602 1506 700 1573 gem,
728 1504 788 1550 sen
808 1492 948 1551 nostras
971 1475 1141 1558 virtutes,
1177 1499 1239 1545 seu
1261 1499 1379 1573 opera.
1430 1474 1480 1546 Et
1502 1472 1593 1545 banc
1642 1490 1735 1547 alum
1758 1488 1847 1545 esset
1870 1475 2120 1548 mendacium·
2160 1472 2308 1547 Necesse
2336 1490 2387 1548 est
2408 1479 2496 1547 enim
2517 1484 2597 1553 lateri

539 1608 543 1615 ·
601 1580 881 1655 misericordiam
914 1578 1026 1669 accipi
1054 1590 1193 1671 oportet
1219 1577 1308 1649 fider
1345 1573 1435 1649 banc
1455 1578 1592 1667 simpli·
1643 1600 1766 1648 omnes
1782 1573 2064 1659 hontineenslos
2085 1578 2126 1648 in
2148 1572 2597 1669 bacmturseinmooditie

603 1681 907 1757 cemsententiam
932 1704 1014 1751 cnm
1036 1681 1144 1751 verba
1162 1678 1265 1751 Pauli
1290 1680 1457 1771 gignant,
1480 1680 1593 1751 simus
1643 1704 1719 1751 uon
1750 1674 1881 1749 habere
1911 1702 1949 1749 se
1970 1682 2158 1770 perfectam
2189 1680 2430 1751 obedientiam
2459 1686 2597 1775 decalogi.

603 1786 770 1879 discipuli
784 1782 960 1855 sermonis
977 1782 1111 1865 divini,
1135 1794 1170 1855 et
1193 1781 1409 1854 retineamus
1432 1782 1592 1855 nativum
1644 1778 1813 1853 Ostendit
1834 1781 1944 1871 igilur
1964 1780 2219 1873 Evangelium,
2252 1784 2479 1853 mediatorem
2500 1804 2531 1858 ct
2547 1790 2597 1857 mi·

603 1890 823 1965 intellectum
840 1886 1043 1959 verborum.
1643 1884 1892 1964 sericordiam,
1917 1905 1958 1954 ac
1971 1886 2134 1956 adfirmat
2150 1880 2313 1955 homines
2337 1886 2445 1957 iustos
2462 1910 2544 1973 esse,
2571 1890 2597 1959 id

522 2068 525 2075 ,
706 1986 807 2063 Nihil
823 1988 998 2077 siguificat
1013 1982 1195 2059 monacbis
1209 1988 1278 2059 lide
1297 1988 1491 2075 iustificari,
1509 1987 1591 2081 qnia
1644 2003 1716 2075 est,
1748 1982 1919 2057 habentes
1952 1986 2195 2058 remissionem
2229 2002 2466 2077 peccatorum,
2495 2004 2525 2060 et
2544 1992 2600 2079 pla-

605 2098 711 2169 bdem
738 2092 943 2181 intelligunt
965 2104 1102 2164 tantum
1131 2091 1318 2178 noticiam,
1350 2091 1467 2186 qualis
1485 2105 1536 2163 est
1558 2103 1593 2161 et
1644 2082 1774 2161 centes
1792 2088 1868 2159 Deo
1898 2100 2042 2179 propter
2075 2090 2305 2171 mediatorem
2340 2111 2404 2180 per
2433 2090 2600 2164 misericor·

606 2201 647 2269 in
679 2194 843 2269 diabolis.
908 2192 1106 2284 Adliogunt
1146 2193 1254 2285 igitur
1294 2190 1387 2265 banc
1422 2195 1594 2291 synecdo·
1645 2194 1761 2281 diam,
1788 2189 1926 2275 Gratis,
1951 2192 2039 2278 lide,
2064 2191 2100 2262 id
2127 2206 2197 2276 est,
2218 2190 2347 2264 fiducia
2370 2189 2599 2263 miserirordiae

605 2297 716 2383 chen,
750 2298 819 2369 ude
844 2295 1092 2381 iustificamur,
1118 2296 1252 2367 scilicet
1275 2298 1444 2380 formata,
1469 2298 1594 2369 dicunt
1645 2296 1887 2389 acquiescente
1904 2292 1943 2363 in
1958 2291 2034 2365 Deo
2051 2309 2196 2387 propter
2217 2294 2459 2366 mediatorem.
2506 2292 2600 2389 ltaque

605 2401 804 2475 doctrinam
822 2397 964 2470 initium
983 2421 1074 2483 esse,
1099 2400 1160 2469 sed
1184 2414 1303 2490 postea
1320 2395 1501 2470 bominem
1520 2418 1595 2469 esse
1646 2405 1816 2469 adversus
1837 2397 2075 2487 corruptelam
2098 2393 2379 2481 monachorum,
2411 2396 2471 2491 qui
2492 2410 2600 2469 tantun

605 2508 738 2579 iustum
764 2501 973 2585 dilectione,
1005 2502 1137 2581 idest,
1170 2502 1372 2573 obedientia
1394 2525 1501 2596 quam
1525 2498 1595 2591 legi
1645 2498 1864 2573 ceremonias
1887 2500 2102 2587 excludunt,
2136 2500 2351 2593 opponenda
2377 2510 2429 2569 est
2458 2500 2600 2590 particula

606 2618 771 2701 praestat.
831 2604 917 2673 Ideo
945 2604 1083 2687 addunt
1110 2600 1224 2673 Paulo
1252 2598 1345 2675 banc
1374 2603 1596 2697 particulam,
1647 2602 1789 2683 Gratis,
1821 2624 1912 2694 quae
1944 2615 2093 2673 testatur
2114 2626 2180 2679 nec
2204 2600 2355 2673 moralia
2376 2625 2481 2694 opera
2504 2602 2601 2671 mereri

606 2712 675 2783 fide
698 2704 808 2779 bomo
833 2704 1063 2791 iustificetur,
1087 2704 1224 2776 scilicet
1244 2705 1394 2777 formata
1418 2726 1480 2798 per
1503 2706 1595 2775 dile·
1646 2704 1888 2777 remissionem
1910 2718 2153 2794 peccatorum:
2185 2724 2281 2779 nom·
2305 2704 2537 2776 reconciliatio
2555 2729 2600 2774 oe·

607 2814 773 2883 ctionem.
815 2804 862 2879 Et
878 2802 946 2875 boc
960 2807 1098 2877 somnio
1116 2808 1297 2880 declarant
1310 2809 1596 2901 appellationem.
1647 2831 1716 2903 que
1732 2807 1903 2897 gratuita,
1927 2830 2044 2901 neque
2057 2821 2150 2879 certa
2167 2807 2397 2887 nobismet,
2423 2806 2453 2876 si
2467 2808 2601 2899 penderet

607 2914 759 2986 Utrum
795 2912 912 2977 anima
938 2911 1079 3001 corpori
1109 2909 1313 2981 infunditur
1342 2912 1432 2982 vivit
1454 2933 1596 3001 corpus,
1647 2937 1688 2981 ex
1703 2908 1907 2979 conditione
1931 2908 2067 3002 impleti
2089 2910 2260 2999 decalogi.
2313 2906 2437 2998 Quare
2457 2924 2491 2980 et
2512 2923 2598 3000 postea

607 3009 1596 3112 sicdicuntnoticiamlierivivam,cumacceditreliqua
1646 3012 1764 3106 inquit
1788 3010 1938 3082 Paulus:
1974 3011 2060 3084 ldeo
2081 3036 2124 3085 ex
2145 3011 2215 3083 lide
2230 3011 2367 3105 gratis,
2405 3025 2445 3084 ut
2469 3011 2596 3083 sitfirna

607 3114 823 3191 obedientia.
875 3110 972 3185 Haec
994 3114 1200 3202 imaginatio
1232 3120 1377 3207 prorsus
1396 3113 1596 3207 corruptela
1647 3116 1844 3209 promissio.
2434 3186 2438 3191 .

607 3236 678 3293 est:
706 3240 786 3289 nam
812 3217 898 3287 lides
919 3240 993 3286 non
1011 3217 1142 3287 dicitur
1161 3218 1241 3287 viva
1266 3232 1413 3312 propter
1434 3218 1596 3289 dilectio-
1749 3215 1890 3288 Deinde
1905 3232 1940 3291 et
1953 3241 2114 3311 expressa
2136 3216 2313 3291 confessio
2331 3240 2406 3289 non
2423 3215 2548 3309 impleti
2558 3216 2600 3285 dr·

606 3344 724 3395 nem·
753 3314 819 3397 Est
839 3318 935 3389 enim
961 3334 1078 3390 motus
1099 3319 1261 3405 divinus,
1295 3346 1368 3415 quo
1390 3343 1451 3393 cor
1474 3345 1514 3391 ex
1533 3345 1596 3410 pa·
1647 3321 1760 3409 calogi
1782 3338 1986 3411 opponatur
2009 3323 2230 3416 corruptelae
2252 3318 2524 3393 monachorum:
2544 3316 2601 3387 Nou

608 3425 757 3498 roribus
784 3422 972 3505 liberatur,
1011 3438 1045 3495 et
1067 3422 1258 3515 acquiescit
1288 3424 1324 3496 in
1351 3422 1445 3506 Deo,
1478 3423 1598 3514 agnita
1648 3423 1896 3497 iustificabitur
1910 3426 1948 3495 in
1965 3443 2153 3518 conspectu
2171 3448 2233 3498 tuo
2255 3423 2379 3504 omnis
2402 3424 2527 3496 vivens.
2549 3416 2602 3490 llar

610 3524 853 3598 misericordia
881 3539 1021 3615 propter
1043 3526 1292 3614 mediatorem,
1326 3527 1456 3598 desinit
1478 3528 1599 3615 lugere
1647 3527 1869 3599 confessione
1884 3529 2017 3620 posita,
2044 3531 2270 3604 manifestum
2294 3543 2349 3600 eat
2373 3523 2600 3596 reconciliatio

608 3628 748 3714 Deum,
780 3641 815 3698 et
836 3627 963 3698 clamat
985 3625 1089 3698 Abba
1110 3625 1235 3714 Pater,
1261 3654 1326 3700 nec
1347 3629 1473 3720 accipit
1490 3628 1598 3699 vitam
1648 3630 1827 3724 nero1dari
1852 3648 1998 3722 propter
2021 3634 2271 3714 mediatorem,
2303 3653 2382 3700 non
2406 3641 2539 3722 propter
2555 3649 2602 3694 nu·

609 3760 628 3804 a
655 3733 862 3814 dilectione,
895 3754 987 3822 quae
1009 3730 1189 3822 seqtritur,
1222 3733 1283 3802 sed
1306 3745 1357 3802 est
1378 3754 1481 3802 causa
1506 3730 1599 3801 dile·
1648 3747 1737 3806 strae
1753 3732 2105 3828 virtutes‚·etaceipi
2129 3758 2206 3805 earn
2229 3733 2311 3804 lide.
2364 3729 2461 3800 Haec
2480 3742 2526 3800 est
2546 3749 2602 3797 sen·

611 3836 751 3907 ctionis.
803 3832 887 3902 ldeo
911 3832 1006 3902 enim
1032 3832 1195 3921 diligitur
1211 3831 1325 3918 Deus,
1351 3835 1435 3927 quia
1459 3833 1598 3903 miseri·
1650 3835 1758 3909 tentia
1776 3829 1985 3906 Exclusivae
2009 3838 2048 3906 in
2065 3837 2198 3907 nostris
2213 3829 2385 3906 Ecclesiis
2408 3833 2525 3918 etiam,
2545 3849 2603 3900 cun

610 3937 730 4010 cordia
761 3949 907 4028 propter
936 3933 1050 4006 filium
1080 3936 1250 4024 promissa
1286 3937 1403 4026 agnita
1434 3949 1503 4020 est,
1537 3935 1601 4030 qui
1649 3938 1801 4009 dicimus
1818 3933 2000 4009 bominem
2018 3938 2200 4010 iustificari
2215 3934 2289 4005 sola
2306 3935 2389 4006 fide.

612 4063 684 4130 pro¹
710 4038 814 4108 nobis
838 4061 964 4121 orans,
998 4036 1133 4132 inquit:
1164 4036 1220 4110 Sit
1239 4038 1457 4112 dilectiotua
1481 4038 1602 4121 ineis,
1750 4038 1821 4109 Hic
1843 4055 1878 4112 et
1897 4044 2098 4135 corruptela
2123 4036 2339 4113 Osiandrics
2373 4037 2544 4110 refutanda
2562 4045 2605 4112 eal,

612 4164 681 4236 qua
695 4145 752 4208 me
765 4138 896 4228 diligis.
1651 4167 1741 4236 quae
1758 4157 1808 4214 est
1825 4143 1953 4213 similis
1966 4139 2210 4239 synecdochae
2232 4135 2507 4225 monachorum,
2529 4135 2605 4208 iusti·

717 4236 888 4312 Monacbi
917 4239 1141 4312 Exclusivam
1171 4243 1248 4314 sine
1276 4244 1444 4336 operibus
1468 4243 1518 4315 sie
1546 4267 1601 4314 re·
1651 4247 1797 4315 licamur
1813 4243 1881 4314 tide
1896 4248 2155 4338 praeparatise,
2180 4258 2220 4317 ut
2243 4243 2275 4312 si
2295 4243 2408 4314 dicas:
2436 4239 2547 4312 Motus
2564 4261 2604 4308 ce

611 4341 851 4419 strinxerunt:
893 4341 981 4418 Sine
1017 4345 1204 4436 operibus,
1246 4347 1410 4419 videlicet
1444 4370 1601 4417 ceremo·
1652 4347 1790 4431 lelacit,
1823 4348 1954 4419 scilicet
1984 4346 2244 4441 praeparatior,
2282 4347 2344 4418 sed
2375 4360 2491 4438 postea
2516 4341 2604 4412 calore

614 4449 773 4522 uialibus
792 4460 827 4518 et
842 4447 1042 4518 forensibus
1059 4445 1182 4519 Moisi.
1233 4444 1282 4521 Et
1297 4450 1429 4524 interea
1447 4449 1603 4519 retinent
1652 4471 1773 4519 sumus
1797 4449 1915 4522 calidi.
1958 4450 2215 4524 Siccontendit
2237 4441 2604 4532 onerandamlide

613 4553 707 4626 lianc
731 4549 1028 4643 propositionem,
1068 4573 1173 4640 opera
1206 4550 1352 4622 moralia
1383 4553 1512 4622 mereri
1546 4575 1599 4620 re·
1651 4551 1902 4633 iustificamur,
1928 4555 2056 4638 idest,
2083 4555 2170 4626 fides
2192 4565 2380 4646 praeparat
2402 4571 2485 4636 uos,
2507 4558 2605 4638 otoo

613 4656 839 4737 missionem,
864 4646 1046 4720 hominem
1072 4651 1203 4724 iustum
1231 4678 1303 4724 esse
1327 4669 1472 4745 propter
1494 4677 1601 4741 opera
1651 4667 1722 4724 stea
1737 4653 1858 4724 aliare
1879 4658 1990 4725 sinsus·
2013 4657 2114 4742 iusti,
2139 4656 2272 4728 scilicet
2293 4653 2459 4726 novitate.
2507 4647 2604 4737 Quan-

613 4755 761 4826 moralia
778 4775 897 4822 euram
910 4750 1001 4826 Deo.
1040 4749 1138 4822 Haec
1156 4769 1229 4830 tuta
1253 4757 1453 4848 corruptela
1478 4779 1602 4826 mona·
1652 4779 1759 4850 quam
1775 4769 1892 4829 aulem
1908 4762 2047 4833 novitas
2064 4761 2245 4850 sequitur,
2269 4771 2307 4827 et
2329 4774 2450 4828 verum
2473 4766 2534 4842 est,
2557 4746 2604 4819 bu

614 4859 763 4930 chorum
794 4853 985 4924 reiicienda
1013 4867 1083 4940 est,
1116 4868 1151 4927 et
1181 4871 1384 4928 constanter
1412 4853 1499 4928 haec
1520 4881 1602 4928 vera
1651 4857 1785 4928 minem
1814 4860 1888 4930 lieri
1919 4862 2092 4952 templum
2115 4859 2182 4932 Dei
2213 4873 2249 4930 et
2275 4853 2435 4931 habitare
2457 4853 2559 4924 Deum
2576 4851 2602 4917 in

614 4957 788 5030 sententia
804 4954 987 5026 retinenda
1003 4970 1071 5040 cst,
1098 4981 1203 5049 quam
1228 4960 1330 5032 toties
1347 4960 1479 5032 Paulus
1502 4985 1603 5052 repe·
1651 4961 1831 5030 conversis
1850 4986 1914 5034 seu
1942 4964 2092 5049 renatis,
2123 4976 2241 5034 tamen
2268 4959 2450 5033 retinenda
2471 4969 2518 5026 est
2540 4949 2604 5024 brec

615 5063 675 5146 tit,
699 5083 779 5130 cum
796 5056 910 5130 retitur
931 5059 1125 5146 exclusiva,
1152 5057 1290 5132 Gratis:
1319 5061 1500 5147 videlicet,
1535 5057 1602 5132 bo·
1651 5061 1865 5150 consolatio,
1897 5069 1992 5159 quod
2024 5067 2185 5136 conversi
2217 5087 2280 5139 seu
2308 5061 2421 5133 renati
2448 5058 2514 5130 siut
2539 5055 2603 5127 iusti

615 5163 731 5234 mines
752 5185 817 5232 nec
846 5159 974 5230 mereri
1002 5162 1245 5232 remissionem
1271 5177 1494 5255 peccatorum
1518 5188 1601 5256 pro·
1651 5164 1858 5254 lidegratis,
1884 5184 2029 5261 propter
2051 5167 2290 5240 obedientiam
2312 5162 2526 5243 mediatoris,
2548 5182 2602 5230 non

514 5261 535 5328 ζ
617 5265 705 5357 priis
722 5263 890 5356 operibus
906 5262 1103 5334 moralibus
1118 5265 1290 5348 arataliis',
1311 5289 1509 5336 neccaram
1525 5262 1602 5335 Deo
1652 5281 1798 5358 propter
1813 5285 2017 5362 sequentem
2034 5271 2228 5342 novitatem
2244 5282 2306 5339 aut
2322 5266 2493 5338 iusticiam
2509 5285 2601 5334 euen-

616 5370 729 5440 iustos
742 5390 818 5438 esse
832 5381 976 5458 propter
996 5366 1090 5436 bona
1115 5390 1219 5460 opera
1246 5368 1413 5448 moralia,
1436 5391 1498 5438 seu
1517 5391 1603 5461 pro·
1651 5369 1788 5454 tialem,
1813 5372 1875 5442 aed
1893 5389 2039 5465 propter
2060 5372 2302 5443 mediatorem.
2354 5368 2455 5453 Hanc
2469 5366 2600 5436 consola·

618 5485 696 5565 pler
710 5470 857 5540 virtutes
873 5468 1055 5560 proprias,
1081 5493 1196 5562 neque
1219 5481 1301 5540 ante
1322 5470 1604 5554 renovationem,
1651 5469 1786 5540 fiunem
1811 5473 1961 5548 retineri
1978 5499 2118 5547 necesse
2142 5488 2193 5547 est
2218 5476 2256 5544 in
2287 5467 2355 5544 boc
2372 5475 2477 5546 dicto:
2509 5469 2601 5541 iustus

617 5595 733 5666 neque
746 5583 826 5664 post
842 5569 1107 5640 renovationem
1126 5569 1165 5640 in
1181 5565 1247 5641 hae
1272 5571 1360 5656 vita,
1387 5595 1451 5643 nec
1471 5565 1604 5644 babere
1652 5572 1720 5644 lide
1734 5595 1798 5645 sua
1811 5575 1918 5650 vivet.

615 5677 655 5746 io
677 5671 743 5746 bac
764 5673 836 5744 vita
857 5669 1027 5761 integram
1052 5672 1289 5744 obedientiam
1303 5675 1476 5765 decalogi.
1517 5671 1602 5744 ideo
1755 5672 1964 5749 intueamur
1993 5700 2117 5748 vertam
2147 5702 2295 5770 agonem
2332 5674 2549 5751 conscientiae
2572 5673 2599 5738 iu

617 5775 879 5869 supradictum
905 5788 977 5844 est:
1014 5771 1129 5846 Totus
1157 5779 1312 5848 mundus
1340 5799 1420 5848 rens
1444 5777 1492 5848 sit
1511 5772 1603 5848 Deo.
1652 5781 1902 5864 conversione,
1924 5791 1957 5850 et
1981 5779 2147 5876 deinceps
2171 5785 2211 5854 in
2235 5784 2483 5872 magoaldus,
2506 5793 2535 5848 et
2554 5799 2599 5844 co·

616 5879 663 5950 Et
688 5880 725 5947 in
750 5874 893 5950 Psalmo
912 5874 1059 5951 dicitur:
1084 5874 1167 5950 Nun
1190 5877 1438 5956 iustificabitur
1463 5880 1602 5952 incon·
1652 5882 1802 5972 gitcmus
1825 5906 1916 5977 quae
1940 5881 1989 5954 sit
2013 5907 2093 5956 sera
2122 5887 2329 5962 consolatio.
2387 5885 2451 5956 llic
2475 5877 2600 5954 certissi-
