5825 6950
342 675 427 757 stt.
534 673 635 756 xtu
684 681 723 756 n
747 672 1117 770 commentust
1141 675 1194 754 tn
1218 671 1380 752 nutet.
1405 667 1555 758 stunt
1582 668 1651 750 An
1676 669 1938 754 nonestus,
1995 671 2098 754 cat».
2113 659 2189 759 tx.
2305 679 2381 756 suc

340 847 471 927 Deum
517 851 588 934 Sed
606 845 699 930 haec
709 850 956 946 intempestiua
980 847 1225 944 interpretatio
1247 845 1333 920 reii-
1382 846 1571 942 pupulum.
1605 844 1664 927 llli
1679 860 1823 922 econtra
1837 847 2388 954 obiicielsaut‚dpostulnt·pau·,

341 953 469 1026 cienda
499 969 564 1031 est.
628 953 678 1029 Et
702 969 842 1035 constat
871 969 1012 1029 sanctos
1035 976 1139 1048 posse
1165 950 1260 1036 labi,
1297 963 1334 1024 et
1381 973 1443 1022 cus
1462 950 1637 1044 quosdam
1664 950 1854 1024 seditiosos
1886 943 2050 1026 homiues
2074 977 2177 1046 esse,
2215 955 2377 1049 quinon

341 1056 504 1127 amittere
516 1055 692 1148 Spiritum
710 1071 892 1143 structum,
910 1071 951 1129 et
974 1058 1079 1128 fidem
1105 1079 1147 1127 ac
1168 1053 1334 1127 dilectiu-
1381 1052 1455 1126 siut
1474 1054 1641 1147 pupulus.
1691 1051 1742 1133 Ut
1757 1054 1867 1142 igitur
1887 1054 2001 1129 diluat
2026 1051 2096 1132 huc
2114 1072 2377 1147 argumentum,

289 1154 297 1317 Ι
342 1179 436 1232 uero.
487 1157 590 1230 Sicut
615 1161 788 1242 Davidem
809 1153 982 1256 propheta
999 1155 1141 1234 Nathan
1162 1158 1334 1230 condem·
1381 1178 1523 1226 necesse
1538 1171 1590 1226 est
1605 1148 1717 1226 Paulo
1733 1156 1915 1249 disputare
1934 1157 1978 1228 de
1999 1153 2068 1231 huc
2090 1159 2259 1230 scandalo
2284 1183 2381 1250 pauo¹

290 1330 295 1353 ,
343 1273 404 1330 nat
418 1277 567 1352 propter
583 1262 812 1338 adulterium.
1381 1258 1574 1345 citatis,'et
1590 1259 1791 1330 discernere
1808 1282 1852 1346 po
1879 1257 1978 1334 ulum
1988 1258 2056 1334 Dei
2074 1263 2120 1336 ult
2136 1261 2374 1357 eu,quititu-

445 1362 569 1452 Quare
595 1365 706 1454 igitur
734 1365 823 1435 dicit
854 1365 1081 1436 dilectionem
1109 1361 1176 1436 Dei
1206 1386 1332 1455 perpe·
1381 1361 1454 1429 lutn
1471 1373 1583 1444 tenet,
1609 1374 1731 1454 estque
1744 1360 1843 1430 utilis
1856 1282 1944 1432 ltuec
1958 1363 2132 1438 doctrina.

344 1476 439 1533 tuam
463 1465 563 1547 esse?¹
586 1463 818 1556 Respondeo:
845 1466 895 1541 Ut
918 1468 1106 1562 promissio
1129 1466 1330 1554 evangelica
1485 1459 1666 1534 Omnibus
1696 1463 1870 1534 aetatibus
1891 1464 1964 1534 duo
1989 1479 2072 1538 sunt
2095 1465 2274 1538 Ecclesiae
2290 1490 2374 1537 cur·

343 1580 392 1635 est
412 1583 586 1660 perpetua
605 1583 641 1642 et
659 1583 755 1656 rata,
787 1573 848 1640 sed
874 1571 942 1657 ita,
973 1585 1014 1642 ut
1036 1569 1194 1664 requirat
1213 1568 1331 1653 fidem,
1379 1587 1487 1654 pora,
1514 1565 1791 1644 alterumverae
1813 1562 2012 1652 Ecclesiae,
2045 1568 2195 1642 alterum
2217 1569 2371 1658 gerentis

342 1668 388 1738 ita
412 1661 619 1741 lricl’aulns
641 1673 868 1743 credentibus
889 1673 1069 1768 loquitur,
1096 1671 1196 1764 quasi
1220 1671 1330 1740 dicat:
1379 1665 1545 1751 titulum,
1585 1691 1677 1762 quse
1704 1681 1821 1738 tamen
1849 1671 2073 1764 persequitur
2104 1694 2223 1743 veram
2246 1665 2371 1740 Eccle-

283 1854 288 1867 .
340 1767 536 1864 Tantisper
563 1775 649 1843 dum
680 1773 821 1863 credis,
863 1775 949 1846 dnm
977 1778 1022 1846 de
1053 1773 1123 1844 tide
1145 1786 1331 1858 sustentas,
1378 1767 1479 1840 siam.
1536 1764 1586 1842 Et
1608 1792 1736 1866 magor
1757 1784 1809 1841 est
1830 1771 2021 1858 autoritas,
2064 1795 2190 1863 rnsgsta
2211 1773 2372 1866 potentia

283 1878 288 1915 ²
337 1873 576 1946 certissimum
596 1887 667 1958 est,
693 1889 806 1948 ratam
826 1900 901 1948 esse
918 1875 1144 1948 dilectionem
1162 1874 1231 1946 Dei
1249 1898 1330 1965 erga
1379 1870 1478 1944 illius
1499 1872 1654 1963 percutis
1678 1872 1834 1946 titulum.
1889 1870 1973 1942 ldeo
1996 1899 2040 1946 ne
2064 1876 2288 1966 decipiantur
2312 1873 2370 1944 in-

282 1966 283 1973 '
337 1989 384 2046 te.
453 1971 520 2047 Est
547 1977 656 2070 igitur
689 1979 882 2051 sententia:
916 1970 1026 2050 Haud
1045 1979 1154 2050 dubie
1175 1974 1336 2064 dilectio‚'
1380 1972 1493 2057 firmi,
1521 1998 1660 2047 necesse
1683 1973 1894 2066 estmuniri
1912 1975 2127 2066 pioscontra
2146 1972 2371 2049 haucexter·

337 2099 406 2168 qna
423 2071 525 2148 Deus
539 2103 605 2152 nos
628 2081 765 2173 diligit,
791 2104 930 2176 semper
948 2096 1036 2168 rata,
1061 2083 1161 2152 firma
1188 2095 1221 2153 et
1237 2094 1330 2151 certa
1379 2099 1463 2146 uam
1486 2079 1658 2168 speciem,
1691 2091 1732 2148 ut
1752 2101 1843 2171 quae
1866 2076 1914 2150 sit
1943 2101 2025 2150 vera
2050 2075 2228 2172 Ecclesia,
2265 2101 2370 2150 verus

336 2193 386 2250 est
406 2181 580 2253 credenti.
631 2179 730 2254 Haec
753 2195 805 2258 est
826 2183 968 2276 propria
982 2182 1170 2274 Evangelii
1193 2183 1330 2270 concio,
1377 2178 1533 2270 pupulus
1547 2177 1614 2250 Dei
1628 2180 1709 2275 quis
1726 2177 1790 2264 sit,
1814 2176 2027 2270 intelligant.

336 2293 500 2372 utsupra
517 2285 651 2357 dictum
668 2298 732 2357 est.
778 2282 863 2357 ldeo
879 2281 1226 2360 Paulutlticiufioe
1243 2311 1329 2359 cou·
1483 2280 1536 2360 ltu
1564 2307 1661 2356 nunc
1693 2299 1836 2376 quoque
1864 2295 2175 2371 argumentantur:
2208 2282 2368 2364 Ecclesia

283 2446 288 2455 .
339 2382 526 2456 solutionis
541 2385 735 2477 amplificat
751 2412 840 2465 earn.
1378 2405 1454 2454 nou
1476 2397 1591 2475 potest
1619 2407 1755 2464 emere,
1786 2381 2021 2474 congregatio
2044 2387 2310 2480 episcoporum,
2333 2411 2369 2472 et

438 2481 517 2556 Atti
533 2492 758 2564 detorserunt
782 2491 827 2563 ad
852 2490 1187 2586 praedestatiouem,
1206 2491 1268 2563 sed
1287 2517 1329 2564 eo
1377 2491 1621 2572 uctrdoltlms
1662 2499 1698 2558 el
1725 2490 1929 2572 sequacium
1959 2499 2011 2560 est
2048 2485 2230 2575 Ecclesia,
2267 2493 2367 2588 Ergo

343 2589 529 2661 decurrere
553 2591 593 2660 in
617 2587 684 2662 ltoc
708 2593 787 2664 luco
808 2617 882 2664 non
906 2609 959 2668 est
982 2619 1083 2687 opus.
1150 2593 1330 2689 Loquitur
1378 2584 1466 2660 brec
1489 2589 1715 2681 congregatio
1747 2612 1820 2658 nun
1846 2600 1961 2678 potest
1990 2611 2123 2666 errare:
2184 2591 2368 2670 Minorem

343 2691 432 2760 enirn
448 2693 495 2762 de
509 2707 631 2766 nostra
646 2694 807 2769 victoria.
839 2691 888 2769 ΕΙ
903 2697 1079 2771 vincimus
1094 2698 1245 2770 revelata
1261 2698 1330 2768 mi-
1380 2693 1552 2784 probant,
1578 2694 1661 2784 quia
1677 2685 1714 2760 hi
1730 2689 1797 2760 soli
1815 2704 1868 2762 tut
1883 2690 2011 2761 seculis
2026 2693 2174 2766 fuerunt
2196 2696 2234 2768 in
2259 2699 2370 2772 mini·

344 2793 531 2891 sericordia
547 2809 582 2866 et
601 2796 794 2869 dilectione
811 2797 849 2868 in
866 2801 996 2881 verbo,
1021 2824 1101 2871 curn
1128 2795 1221 2872 hanc
1242 2825 1329 2872 cun·
1376 2794 1486 2864 tlerlo
1501 2794 1624 2875 verbi,
1654 2788 1789 2865 lls'tbenl
1813 2806 1954 2885 pallum
1977 2796 2135 2890 exemplu
2156 2809 2242 2888 clu,
2270 2797 2368 2894 Ergo

345 2895 547 2967 solationem
562 2900 784 2990 'opponimus
804 2901 1002 2974 terroribus
1025 2903 1158 2995 peccati
1182 2917 1218 2974 et
1232 2928 1329 2976 mor·
1377 2893 1646 2972 suntlllulesia.

346 2995 393 3068 tis.
443 2995 569 3089 Quare
590 3001 739 3092 simplex
755 3017 790 3074 et
807 3002 913 3096 plana
933 3005 1109 3076 sententia
1125 3005 1213 3092 erit',
1240 3005 1270 3076 si
1284 2995 1329 3076 tle
1480 2996 1551 3072 Hie
1566 3021 1706 3072 necesse
1722 3012 1775 3072 est
1796 2999 2001 3083 ostendere,
2025 3001 2122 3095 quud
2140 3003 2277 3080 ellumti
2296 3007 2368 3081 siut

347 3099 565 3172 credentibus
580 3101 812 3194 intelligatur.
865 3101 915 3175 Hi
931 3121 1086 3178 statuere
1099 3108 1230 3181 debent
1247 3132 1329 3182 vere
1377 3101 1417 3172 3¹¹
1438 3103 1519 3176 ¹⁰³⁰
1539 3101 1748 3188 ministeriis
1785 3115 1903 3174 llfflffl
1925 3103 1955 3171 ’ἱ
1979 3103 2108 3176 dllfflll
2130 3105 2259 3197 impia,
2292 3128 2366 3184 ¹³⁰³

349 3217 373 3273 et
385 3219 480 3276 certo
495 3227 533 3276 se
552 3205 655 3298 diligi
672 3230 691 3279 a
707 3203 785 3279 Deo
801 3221 949 3302 propter
961 3205 1157 3284 Christum.
1377 3199 1532 3281 habeam
1547 3204 1787 3277 ministerium
1806 3199 2011 3294 Evangelii,
2029 3228 2095 3276 nec
2109 3207 2179 3278 siut
2196 3205 2367 3286 Ecclesia.

1376 3305 1460 3378 Non
1490 3321 1545 3378 est
1575 3321 1693 3378 autern
1727 3308 1803 3378 leve
1831 3307 2059 3402 scandalum,
2101 3303 2239 3380 detrahi
2270 3307 2367 3388 hooc

294 3475 302 3698 ι
707 3452 953 3569 Carutlx·
1375 3404 2368 3607 tltldtl?'ttztttltff‘lt‘lllltffllfl‘:3:1⁶1

433 3602 589 3676 Prorsus
608 3628 703 3677 nova
722 3608 919 3700 disputatio
939 3608 1158 3700 instituitur,
1191 3610 1231 3681 in
1254 3634 1325 3707 qua
1375 3616 1524 3688 cerrime
1539 3616 1719 3703 ordinato,
1744 3630 1780 3688 et
1794 3613 1947 3686 conferri
1964 3609 2061 3687 huuc
2076 3630 2262 3707 augustum
2280 3622 2367 3691 titu-

297 3703 304 3768 l
348 3708 472 3777 tametsi
487 3708 687 3778 doetrim
710 3711 758 3779 de
776 3711 1025 3792 iustificatione
1043 3712 1175 3785 alicubi
1197 3714 1326 3807 repetit
1374 3717 1505 3791 lumin
1528 3741 1659 3810 pnucos
1678 3718 1836 3789 abiectos
1855 3728 1889 3789 et
1908 3716 2148 3803 calamitosos,
2170 3720 2365 3815 etquidem

346 3807 587 3896 uiotenerit,
609 3824 728 3881 tamen
748 3813 940 3885 dumalias
959 3812 1127 3887 rusteiias'
1143 3816 1324 3910 principe-
1374 3821 1439 3915 qni
1451 3822 1641 3894 videantur
1653 3820 1820 3893 seditiose
1843 3818 2053 3893 tumultuari
2076 3821 2243 3893 adversus
2260 3825 2367 3895 ordi.

347 3908 418 3983 liter
428 3925 576 3997 tractu,
602 3911 785 3996 videlieet,
812 3912 1061 4005 Qnir'sitvere
1074 3918 1323 4010 populusllei‚
1374 3924 1511 3995 nariam
1535 3924 1686 3994 formant
1708 3918 1898 3995 Ecclesiae.
1964 3916 2235 3995 floc'scentlalo
2260 3926 2367 3997 multi

293 4039 298 4108 ⁵
346 4012 1323 4197 tamult‘tl‘ldalcll‘sstlllltt·
1373 4026 1675 4203 imilla*
1689 4020 1944 4200 tlt'lttlts.
1968 4040 2014 4195 is
2032 4020 2367 4203 letttffl‘lt

291 4189 294 4202 ,
426 4167 440 4192 ο
962 4176 974 4208 ,
1303 4166 1321 4187 ·
1418 4152 1460 4203 00
1516 4152 1604 4199 00911
1633 4154 1688 4199 1-5
1775 4196 1780 4204 ,
1868 4154 1878 4193 Ι
2222 4182 2233 4215 ,
2293 4155 2314 4199 ll

345 4212 467 4291 libitas
486 4219 771 4307 promissiones,
805 4246 916 4317 quare
940 4227 1205 4301 contendebant
1226 4250 1322 4299 non·
1373 4255 1455 4306 seta
1469 4228 1634 4318 ,Ecaten
1655 4230 1719 4316 sit.
1752 4227 2028 4322 unaquaelibet
2056 4155 2361 4315 multitudo,qsed

344 4322 418 4395 duro
434 4320 641 4413 apparuisse
654 4316 850 4417 Christum.
954 4384 960 4394 .
1373 4331 1475 4407 electi
1501 4347 1537 4406 et
1564 4333 1678 4409 vocati
1701 4330 1746 4408 nd
1771 4328 2027 4421 Euangelium,
2059 4329 2252 4400 retinentes
2281 4356 2364 4403 ver·

432 4422 498 4497 sie
515 4424 611 4497 enin
632 4427 989 4527 argumentebputur:
1015 4426 1194 4523 Populum
1213 4457 1320 4526 opor·
1373 4436 1459 4506 bum
1481 4431 1567 4517 Dei,
1606 4450 1640 4507 ct
1662 4446 1926 4527 propugnantes
1954 4432 2122 4501 adversus
2152 4432 2362 4524 sapientiam

343 4537 386 4599 tet
398 4526 569 4622 consequi
594 4526 865 4619 promissiones,
889 4554 971 4604 curn
995 4534 1133 4606 renent
1145 4530 1322 4628 Christus,
1373 4551 1408 4610 et
1428 4537 1623 4632 potentiam
1646 4535 1786 4613 mnudi.

344 4629 486 4719 puptrlus
512 4622 607 4699 nihil
630 4644 683 4700 est
702 4644 931 4723 consecutus,
950 4630 1323 4727 &ropromissionis
1473 4638 1573 4713 llaec
1596 4652 1650 4711 est
1668 4638 1805 4711 occatio
1822 4632 1995 4709 Paulinae
2016 4631 2270 4725 disputationis
2293 4631 2362 4709 huc

345 4734 603 4825 nondumsuut
628 4726 826 4819 exhibitae,
865 4758 932 4826 nec
961 4738 1128 4827 sppanrit
1145 4734 1322 4820 Christus.
1373 4742 1465 4815 loco.
1513 4740 1605 4816 Nam
1621 4738 1743 4815 ludaei
1758 4734 1844 4811 ltaec
1857 4740 1930 4809 duo
1944 4746 2151 4827 argumenta
2165 4736 2359 4827 agitabant,

346 4830 514 4905 lliuorenr
532 4833 748 4923 probabant,
772 4836 856 4931 quia
878 4838 1032 4931 populus
1051 4839 1225 4929 significet
1244 4867 1320 4914 non
1372 4868 1409 4917 se
1430 4868 1511 4917 esse
1526 4844 1700 4937 populum
1721 4840 1813 4927 Dei,
1849 4836 1943 4929 Ergo
1965 4838 2035 4908 nisi
2066 4836 2172 4928 ipsis,
2206 4833 2275 4911 hoc
2299 4854 2362 4929 est,

344 4958 461 5025 paucos
485 4937 680 5029 qtsosdaru,
702 4950 878 5033 ‚tanquam
900 4941 1113 5018 seditionem
1136 4944 1318 5020 concitans
1371 4947 1437 5020 toti
1456 4946 1619 5021 lrttlaitae
1634 4945 1785 5036 politiae
1793 4943 1920 5013 melius
1936 4952 2045 5024 esset,
2069 4940 2234 5011 nondum
2259 4936 2359 5016 ethis

345 5050 403 5125 tes,
430 5040 493 5109 secl
515 5036 689 5126 significat
707 5036 911 5135 Principes,
933 5040 1162 5140 Sacerdotes,
1185 5049 1322 5135 duston
1372 5050 1465 5119 ltitas
1492 5070 1565 5119 esse
1594 5046 1857 5137 promissiones·
1926 5040 2038 5127 ltem,
2068 5040 2153 5135 quia
2184 5042 2253 5131 ipsi
2286 5043 2359 5121 sint

344 5137 465 5221 luno&
488 5153 523 5211 et
538 5140 826 5224 florentissimam
843 5156 977 5235 partem
991 5146 1117 5237 pupuli
1139 5147 1178 5221 in
1201 5149 1320 5243 quali·
1369 5174 1490 5223 semen
1531 5144 1725 5230 Abrahae,
1765 5170 1839 5220 non
1874 5144 2051 5239 pertineat
2086 5144 2274 5237 promissio
2310 5148 2356 5215 ad

345 5242 395 5314 let
414 5240 572 5333 Reipub.
630 5238 684 5314 Ac
714 5243 752 5315 in
781 5242 925 5337 Repuls.
954 5244 1099 5321 ludrica
1121 5246 1319 5343 Principes.
1371 5250 1517 5325 Gentes.

346 5340 561 5439 δκεῑόοίςδ,
582 5357 617 5415 01
637 5345 828 5439 praecipu·
849 5371 935 5439 pars,
950 5349 1073 5442 populi
1097 5375 1172 5424 nou
1187 5356 1319 5425 sentie-
1472 5352 1542 5427 Hic
1563 5349 1696 5426 Paulus
1720 5350 1871 5445 opponit
1894 5348 2107 5423 contrariam
2129 5347 2356 5431 seutentiam,

347 5443 442 5520 latse
457 5446 586 5532 onelios
607 5438 758 5534 habere,
782 5449 856 5524 imo
872 5450 985 5543 magis
999 5451 1181 5547 magisque
1191 5459 1319 5530 ruebat
1370 5458 1554 5541 videlicet,
1586 5458 1683 5549 quod
1705 5455 1857 5547 pupulus
1877 5448 1946 5525 Dei
1971 5453 2016 5528 sit
2037 5453 2209 5546 quaedam
2231 5450 2356 5523 multi-

348 5560 408 5619 tota
429 5545 592 5639 Respuit.
619 5542 739 5639 ,Ergo
760 5573 987 5645 nequaquem
1009 5552 1217 5642 inslieslsant
1237 5581 1318 5629 sea
1369 5562 1457 5633 tudo
1491 5558 1601 5631 electa
1635 5581 1700 5649 per
1729 5555 2033 5639 misericerdiam,
2076 5566 2111 5627 et
2139 5565 2262 5623 vocata
2292 5575 2356 5642 per

350 5644 635 5750 Christuadiutus
648 5676 736 5739 esse.
784 5650 1091 5745 klpcorppsuento
1108 5660 1212 5743 valde
1233 5684 1317 5736 moa
1367 5657 1618 5749 Evangeliutn,
1631 5674 1665 5731 et
1680 5658 1892 5731 nnoifieata
1907 5654 2156 5748 perspiritum
2169 5665 2352 5726 unctum:

351 5752 510 5825 rebantur
532 5751 698 5849 inirpti⁸¹
715 5777 801 5842 uam
822 5758 920 5852 quud
935 5753 1106 5852 Apostoli
1123 5763 1318 5845 meroda-
1368 5787 1435 5833 nee
1455 5764 1517 5845 fiat
1532 5762 1686 5854 populus
1699 5758 1769 5834 Dei
1783 5780 1846 5851 per
1861 5758 2147 5851 propagationem
2162 5755 2357 5837 carnalem,

352 5852 439 5945 lant,
461 5848 729 5950 ealsibitas,este
749 5856 1024 5953 promissiones,
1048 5858 1222 5962 adratum
1241 5886 1317 5948 essu
1367 5880 1401 5941 et
1426 5867 1551 5943 cultus.
1566 5863 1666 5957 lepis.
1723 5860 1824 5937 Haec
1847 5873 1901 6001 :st
1920 5881 2056 5934 summe
2080 5856 2294 5944 sententiae,
2317 5870 2353 5929 et
