5825 6950
324 680 410 761 too
630 678 733 757 x111.
787 682 824 756 l.
857 669 1336 753 ANNOTATIONESilN
1362 670 1520 752 EPIST.
1544 672 1697 751 PAULI
1722 672 1791 749 AD
1818 674 2082 766 ROMANOS.
2293 698 2368 774 466

433 852 563 929 Postea
592 852 697 925 venit
714 852 792 939 lex,
829 852 919 923 tunc
940 850 1131 925 animast.
1149 874 1233 922 vers
1256 849 1326 937 les,
1359 848 1576 941 -et'ipolitica
1598 870 1716 942 opera.
1758 845 1864 924 'Haec
1888 854 1980 942 dixi,
2007 872 2047 931 ut
2068 851 2272 953 diligentius
2297 874 2362 945 ob-

322 973 408 1029 enan
426 980 504 1029 uon
520 957 560 1029 iu
575 954 773 1047 parietibus
785 954 1005 1047 nupta-est,
1030 956 1094 1025 sed
1113 954 1200 1025 cum
1220 975 1325 1026 aecu-
1361 961 1493 1023 -servet
1515 954 1646 1034 lector,
1684 950 1775 1047 quid
1801 954 1936 1027 Paulm
1957 974 2057 1031 vocet
2079 964 2211 1057 legem,
2247 986 2281 1042 et
2302 998 2365 1045 cur

321 1074 398 1147 set,
426 1084 509 1133 eum
531 1070 651 1134 terret.
1074 1111 1078 1119 .
1371 1056 1467 1126 dicat
1493 1078 1567 1127 esse
1587 1056 1820 1147 spiritualem.
1880 1058 2002 1155 Neque
2023 1088 2090 1136 nos
2110 1093 2206 1140 nrauc
2232 1069 2363 1165 Orige-

428 1160 504 1233 Hie
524 1176 707 1254 peccatum
738 1158 887 1246 revisit,
927 1156 964 1228 id
993 1170 1064 1242 est,
1098 1170 1140 1229 nt
1168 1158 1245 1228 eidi
1265 1180 1323 1229 me
1373 1158 1432 1227 nie
1448 1158 1759 1253 interpretationes
1775 1160 1881 1252 primi
1897 1164 2110 1255 refellimus,
2136 1174 2195 1242 sed
2218 1179 2362 1251 maximi

321 1263 538 1337 damnaria
557 1259 747 1355 lembis
767 1262 884 1354 eoepit
907 1272 1035 1333 natura
1058 1259 1163 1331 irasci
1184 1261 1318 1333 iudicio
1373 1260 1442 1330 viri
1465 1260 1503 1329 in
1521 1256 1676 1331 Ecclesia
1700 1264 1810 1333 veteri
1836 1267 2095 1342 damnaverunt
2121 1275 2197 1343 eius
2221 1280 2361 1369 scripta.

322 1364 393 1442 Dei
416 1380 484 1439 eae,
1370 1360 1434 1433 Sic
1447 1361 1557 1432 einim
1573 1363 1699 1435 scribit
1714 1366 1759 1433 de
1777 1389 1819 1434 eo
1838 1362 2079 1463 Epiphanius:
2111 1372 2175 1447 καὶ
2197 1373 2267 1451 ὅσα
2291 1378 2362 1474 μὲν

430 1466 622 1541 Conclusio
644 1464 902 1541 musletioms.
953 1462 1028 1535 Lex
1045 1478 1100 1535 est
1111 1465 1226 1550 hona,
1257 1465 1319 1535 sed
1371 1463 1410 1537 de
1431 1460 1706 1559 προσομιλιάις,
1732 1462 1796 1539 καὶ
1808 1462 1872 1539 (isui
1890 1473 1968 1541 suiv
1981 1472 2190 1567 προοιμίων
2213 1482 2262 1562 ele
2281 1482 2360 1581 ἢθη

319 1572 464 1665 peccati
484 1583 520 1643 et
542 1570 685 1644 vitiatae
704 1582 854 1641 naturae
882 1566 985 1659 culpa
1011 1578 1083 1647 est,
1120 1570 1218 1659 quod
1244 1590 1320 1637 uon
1369 1590 1411 1638 rs
1428 1563 1493 1637 καὶ
1507 1566 1558 1648 εἷς
1572 1561 1702 1663 φύσεις
1715 1562 1823 1655 ζώων
1837 1596 1878 1641 τε
1893 1568 1956 1642 καὶ
1972 1578 2050 1647 τῶν
2065 1575 2189 1653 ἄλλων
2204 1582 2355 1679 εἴρηται,

320 1675 517 1759 iustificat,
537 1686 677 1773 tautum
693 1685 819 1754 terret,
851 1684 887 1741 et
907 1669 1116 1753 confundit,
1142 1683 1176 1740 et
1198 1669 1320 1742 incitat
1371 1665 1485 1760 μέσος
1499 1660 1720 1766 φερόμενος,
1747 1665 1921 1755 πολλάκις
1940 1672 2120 1772 χαρίεντα
2141 1678 2357 1783 διηγήσατο,

318 1780 370 1847 ad
394 1776 672 1868 desperandum.
743 1772 791 1847 Et
813 1768 883 1843 hoc
900 1773 983 1843 ideo
1004 1772 1063 1857 lit,
1094 1783 1136 1841 ut
1161 1772 1319 1864 conspici
1369 1766 1442 1843 ὅσα
1455 1765 1497 1843 δὲ
1513 1773 1564 1853 sic
1574 1768 1749 1871 δόγματα
1765 1768 2006 1874 ἐδογμάτισε,
2029 1777 2188 1879 καὶπερὶ
2202 1785 2359 1875 πίστεως

317 1877 464 1970 peccati
482 1876 670 1970 turpitudo
689 1900 731 1947 ac
751 1876 963 1966 magnitudo
984 1873 1116 1966 possit,
1139 1887 1182 1946 ut
1196 1874 1318 1945 videa·
1367 1868 1434 1947 eoi
1453 1869 1624 1968 μείζονος
1646 1872 1826 1971 θεωρίας,
1858 1882 1936 1951 τῶν
1956 1875 2111 1955 πάντων
2134 1884 2358 1966 ἀτοπώτατα

316 2004 428 2065 mus,
467 1980 573 2053 nohis
599 1980 670 2050 alia
693 1977 833 2049 iusticia
855 1998 948 2069 opus
968 1998 1062 2059 esse,
1103 2000 1210 2071 quam
1231 1976 1319 2069 legis
1368 1979 1446 2050 τῶν
1467 1973 1540 2067 πρὸ
1562 1974 1701 2062 αὐτοῦ,
1729 1974 1793 2051 καὶ
1810 1979 1891 2071 μετ’
1913 1978 2029 2055 αὐτὸν
2054 1982 2270 2081 εὑρίσκεται.

314 2084 480 2157 iustiti„
1060 2138 1064 2143 .
1473 2076 1550 2171 Ego
1566 2094 1682 2151 autem
1699 2104 1776 2153 sum
1789 2083 1941 2153 carnalis
1957 2092 2180 2162 venundatus
2196 2094 2262 2165 sub
2276 2122 2358 2189 pec·

428 2180 642 2277 Occupatio.
702 2179 896 2271 Quomodo
918 2193 1025 2271 auget
1048 2180 1104 2251 lcx'
1127 2193 1318 2271 peceatum,
1368 2194 1508 2274 catum,
1531 2183 1569 2253 id
1586 2196 1657 2268 est,
1680 2184 1916 2275 mancipium,
1943 2210 2005 2259 seu
2026 2193 2186 2281 captivus
2208 2203 2354 2288 peccati.

319 2310 405 2361 cum
423 2288 605 2372 codreeet,
630 2308 711 2355 cum
731 2283 839 2357 multi
859 2282 930 2374 legi
951 2285 1236 2375 obtemperantes
1251 2278 1318 2353 ho-
1368 2280 1466 2354 Haec
1483 2298 1534 2354 est
1548 2284 1692 2356 collatio
1713 2300 1853 2355 nostrae
1869 2302 2015 2360 naturae
2030 2316 2110 2362 cum
2135 2294 2222 2385 lege.
2279 2299 2353 2373 Lex

324 2405 425 2463 neste
453 2388 591 2462 vivant.
658 2386 886 2479 'l'empestiva
908 2385 1095 2477 occupatio
1113 2397 1183 2470 est,
1211 2398 1247 2455 et
1271 2388 1317 2454 ad
1368 2398 1422 2457 est
1440 2386 1652 2480 spiritualis,
1687 2390 1837 2483 requirit
1870 2405 1985 2462 motus
2007 2393 2225 2485 spirituales,
2259 2407 2378 2476 uoti-·

328 2490 423 2563 hauc
431 2491 714 2584 disputationem
727 2502 821 2560 recte
835 2488 1105 2578 intelligendam
1127 2486 1230 2557 valde
1252 2510 1316 2556 ne-
1368 2488 1459 2559 ciam
1488 2486 1581 2576 Dei,
1616 2490 1782 2561 fiduciam
1814 2514 1895 2583 erga
1925 2490 2065 2587 Deum,
2104 2499 2357 2594 obedientiam,

336 2594 493 2667 cemma·
538 2592 629 2680 Les,
651 2592 785 2685 iuquit,
802 2589 999 2683 spiritualis
1014 2603 1083 2675 est,
1108 2589 1236 2675 idest,
1261 2590 1317 2659 les
1367 2591 1575 2683 patientiam
1605 2592 1643 2661 in
1667 2594 1932 2665 afflictionibus.
2003 2594 2052 2669 At
2080 2615 2207 2673 natura
2236 2622 2356 2683 nostre

327 2694 394 2769 Dei
415 2721 493 2767 oon
516 2709 569 2769 cst
587 2694 733 2788 politica
754 2708 914 2775 tautum,
936 2694 1027 2763 sicut
1048 2692 1230 2763 somniant
1251 2689 1317 2763 ho-
1368 2694 1521 2765 carualis
1544 2708 1615 2781 est,
1641 2696 1796 2765 carnalia
1814 2710 1951 2768 tantum
1976 2698 2193 2793 intelligens,
2218 2720 2356 2785 tautum

325 2801 461 2885 mines,
492 2802 554 2869 sed
579 2796 731 2893 requirit
749 2794 917 2881 allectus,
948 2810 984 2868 et
1004 2795 1138 2865 iudicat
1160 2792 1317 2865 affectus.
1368 2809 1543 2888 appetens
1566 2798 1740 2883 earnalia,
1765 2812 1997 2870 contemnens
2022 2800 2153 2888 Deum,
2185 2810 2269 2879 odio
2294 2808 2357 2883 ba-

323 2901 497 2973 Politicae
513 2899 601 2991 legis
618 2899 707 2971 ioris
729 2910 911 2982 coercent,
934 2910 969 2969 et
992 2892 1049 2967 his
1066 2896 1209 2981 satisfit,
1234 2919 1315 2967 eum
1367 2898 1455 2969 heus
1471 2899 1643 2971 iudicium
1657 2897 1742 2985 Dei,
1768 2922 1940 2993 quaerens
1966 2906 2138 2993 praesidia
2160 2910 2253 2982 vitae
2275 2938 2355 2985 car-

321 3004 488 3077 civiliter'
504 3003 656 3086 vivitur,
689 3024 771 3071 cum
795 2996 943 3071 honesta
972 3021 1078 3090 opera
1100 3000 1141 3068 iu
1164 2999 1315 3091 speciem
1367 3001 1484 3083 nulia,
1508 3002 1687 3073 collocans
1703 3002 1868 3073 fiduciam
1890 3004 1929 3072 in
1948 3008 2101 3098 propriis
2118 3010 2274 3102 viribus,
2299 3019 2356 3089 iu-

324 3108 430 3179 nunc
474 3102 546 3177 seu
560 3105 628 3195 legi
646 3104 714 3175 Dei
729 3125 805 3173 non
817 3102 944 3173 satislit
961 3122 1025 3193 per
1039 3115 1183 3171 esterna
1197 3123 1316 3190 opera.
1367 3103 1487 3187 sticia,
1512 3104 1702 3194 sapientia,
1727 3106 1765 3175 in
1781 3104 1922 3196 opibus.

322 3208 399 3280 Lex
424 3208 522 3279 euim
549 3206 702 3301 requirit
728 3204 898 3276 notitiem
919 3201 1008 3283 Dei,
1048 3204 1214 3273 timorem
1236 3200 1316 3287 Dei,
1470 3200 1513 3274 ln
1531 3206 1667 3299 reliqua
1684 3221 1784 3306 parte
1797 3208 2011 3278 narrationis
2028 3208 2196 3285 describit
2209 3213 2353 3303 Paulus,

323 3308 739 3398 fiduciamergaDeum,
763 3309 1000 3389 cordacem,
1023 3305 1176 3374 amantia
1194 3306 1315 3395 prosi·
1366 3308 1547 3399 quomodo
1571 3309 1764 3377 etiamnum
1785 3310 1939 3381 decertet
1962 3334 2042 3380 cum
2065 3328 2214 3405 peccato.
2268 3318 2357 3391 Vult

324 3415 386 3486 usi.
439 3411 522 3484 Nou
542 3410 712 3485 satisfacit
733 3409 810 3500 lege
831 3406 900 3479 Dei
916 3404 1137 3498 Pomponius
1162 3406 1316 3496 Atticus,
1366 3409 1463 3478 euim
1490 3412 1701 3497 ostendere,
1739 3412 1841 3505 quod·
1862 3424 2043 3504 peccatum
2073 3414 2122 3485 ita
2147 3411 2288 3490 haereat
2316 3420 2356 3491 iu

325 3532 388 3588 aut
408 3509 619 3586 Pharisaeus
646 3513 707 3583 ille
729 3513 770 3581 in
793 3512 908 3596 Luca,
934 3510 1073 3580 tametsi
1096 3509 1185 3601 legis
1208 3533 1314 3601 opera
1366 3524 1493 3581 natura
1515 3513 1673 3600 carnali,
1711 3526 1753 3585 ut
1783 3535 1847 3584 uec
1869 3517 1984 3586 renati
2013 3519 2122 3588 semel
2150 3524 2355 3594 uuiversum

329 3621 519 3710 diligenter
551 3617 744 3708 perficiant.
807 3611 924 3686 Corda
958 3612 1054 3682 enim
1088 3626 1174 3684 suut
1206 3635 1315 3682 vacua
1365 3627 1511 3689 esuum.

330 3735 425 3792 metu
446 3718 536 3803 Dei,
561 3717 688 3790 fiducia
714 3713 949 3805 argolicum,
974 3737 1095 3784 amore
1114 3710 1185 3784 Dei
1209 3727 1243 3785 et
1266 3714 1314 3783 si·

327 3823 475 3894 milibus
497 3820 696 3892 aseensus.
1495 3811 2219 3943 Depraiioeeleffectapraliac.

427 3917 605 4014 Origenes
622 3919 773 3992 ridicule
787 3919 942 4009 exponit.
992 3915 1068 3988 Lex
1081 3932 1132 3991 est
1146 3918 1316 4012 spiritua-

331 4029 394 4112 lis,
417 4027 548 4111 idest,
573 4023 779 4114 allegorica,
801 4045 881 4090 cnm
904 4018 1038 4090 Paulus
1059 4043 1164 4112 supra
1189 4018 1317 4090 ealle-
1715 3981 1853 4092 caput
1889 3987 2010 4072 Vffl·

330 4131 455 4219 calogo
495 4127 654 4226 posuerit
695 4123 922 4215 exemplum:
963 4122 1047 4193 Non
1080 4123 1316 4214 concupisces.
1469 4128 1650 4202 Hactenus
1675 4131 1720 4201 de
1743 4130 1832 4222 legis
1855 4133 1981 4205 ellectu
2003 4135 2113 4222 dixit,
2139 4149 2174 4210 et
2192 4141 2357 4226 ostendit,

329 4228 428 4304 Mihi
454 4231 596 4300 Videtur
618 4227 722 4301 ”lde
740 4225 1001 4296 fflssdfflmad
1019 4225 1316 4330 pmlfittliitlem.
1371 4233 1469 4327 quod
1504 4234 1560 4302 lex
1596 4255 1669 4303 non
1704 4233 1888 4320 iustificet,
1927 4250 2065 4306 tantum
2099 4241 2358 4329 perterrefaciat

327 4337 355 4404 si
372 4357 439 4426 per
452 4331 680 4404 collationem
692 4338 906 4421 exponatur.
956 4325 1031 4396 Lex
1045 4339 1097 4397 est
1109 4326 1318 4418 spiritualis,
1368 4335 1621 4420 conscientias,
1646 4347 1681 4404 et
1695 4336 1811 4427 pariat
1834 4338 1957 4406 odium
1971 4335 2057 4420 Dei,
2085 4355 2119 4410 et
2143 4343 2359 4433 desperatio-

329 4439 366 4507 id
388 4448 465 4520 est,
501 4443 655 4504 nonest
681 4443 820 4504 tautum
844 4428 1010 4520 politica,
1048 4428 1195 4519 spiritus
1220 4429 1316 4497 enim
1369 4459 1462 4509 nem.
1516 4433 1604 4506 Item
1627 4437 1782 4507 ostendit
1808 4440 1989 4530 quomodo
2013 4455 2190 4531 peccatum
2217 4438 2359 4516 hamat

329 4535 782 4630 ⁸5w550112ff‘U⁰⁵‚⁸ffl
803 4530 1160 4622 ¹¹²⁰i¹¹⁸⁸Pffii¹1³le⁸‚
1185 4531 1247 4625 qui
1271 4532 1321 4600 ad
1369 4539 1408 4606 iu
1426 4550 1566 4607 natura.
1618 4534 1722 4608 Nunc
1738 4541 1782 4608 de
1797 4540 1928 4628 gratiae
1944 4541 1980 4608 vi
1996 4541 2166 4633 loquitur.

329 4640 449 4714 Deum
472 4640 646 4710 feruntur.
696 4635 770 4706 Sed
792 4628 969 4723 Origenes
989 4645 1026 4704 et
1046 4632 1123 4704 eius
1144 4647 1319 4704 amatores
1470 4637 1687 4731 Propositio:
1724 4637 1833 4710 Nulla
1865 4643 2111 4714 condemnatio
2135 4640 2207 4730 his,
2234 4645 2357 4738 quiin

327 4769 413 4816 cum
430 4741 584 4812 audiunt
600 4738 688 4827 legis
707 4735 927 4808 mentione·
945 4735 1043 4820 lieri,
1068 4729 1164 4804 nihil
1183 4735 1319 4807 intelli·
1369 4736 1514 4813 Christo
1541 4741 1636 4825 lesu,
1675 4765 1749 4812 nou
1776 4745 1970 4812 secundum
1993 4767 2134 4814 caruem
2159 4747 2354 4832 ambulant,

326 4861 442 4938 grint,
466 4843 535 4913 uisi
552 4841 706 4940 politica.
757 4836 848 4909 Cum
864 4837 1066 4936 disputant,
1085 4834 1217 4907 Utrum
1239 4860 1320 4928 pos·
1370 4845 1430 4912 sed
1446 4845 1640 4914 secundum
1656 4843 1831 4936 spiritum.
1882 4843 1966 4913 Dixi
1983 4867 2088 4938 supra
2109 4851 2257 4937 gratiam
2280 4851 2352 4918 duo
2501 4881 2506 4886 ·

327 4948 440 5020 sibile
462 4945 509 5017 sit
533 4955 682 5016 naturae
700 4940 840 5011 visibus
863 4940 977 5029 legem
1007 4940 1142 5029 lacere,
1182 4950 1320 5010 tantum
1372 4945 1577 5035 complecti,
1608 4947 1852 5017 remissionem
1885 4961 2124 5038 peccatomm,
2162 4973 2225 5019 seu
2255 4951 2355 5020 savo.

329 5047 517 5122 somniant
530 5045 654 5141 quaeri
669 5045 714 5114 de
729 5042 845 5128 furto,
869 5044 916 5135 de
930 5042 1048 5122 caede,
1072 5042 1119 5110 de
1131 5041 1320 5112 adulterio.
1371 5070 1448 5116 rem
1470 5045 1555 5134 Dei,
1594 5060 1629 5117 et
1656 5048 1884 5118 donacionem
1909 5047 2063 5140 spirim,
2092 5051 2216 5125 „neq
2289 5050 2358 5122 fflc

328 5153 479 5226 Prinne
499 5143 952 5239 “buheflunquwvenil
970 5144 1010 5214 in
1029 5156 1197 5218 mantem
1248 5143 1319 5215 Sed
1373 5150 1482 5239 igitur
1504 5149 1689 5238 coniungit
1710 5145 1796 5219 haec
1818 5151 1890 5219 duo
1915 5147 2058 5224 Paulus.
2117 5150 2279 5224 Primum
2303 5154 2352 5224 uit

327 5257 447 5328 tector
465 5249 688 5326 Christianus
717 5247 822 5334 sciat,
863 5245 1014 5317 Paulum
1036 5267 1113 5316 nou
1142 5245 1323 5337 disputare
1375 5275 1449 5320 nou
1472 5273 1546 5321 esse
1566 5251 1911 5326 condemnationem.
1969 5251 2050 5324 Non
2075 5255 2179 5339 dicit,
2211 5269 2360 5326 nonest

330 5355 394 5430 hic
411 5357 457 5426 de
467 5353 606 5448 politia.
647 5350 732 5422 Alia
747 5372 805 5422 res
820 5349 955 5442 agitur,
980 5348 1146 5418 videlicet
1158 5351 1203 5417 de
1218 5349 1323 5418 iusti·
1375 5366 1582 5445 peccatum,
1625 5353 1797 5444 significat
1826 5355 1921 5420 enim
1959 5357 2078 5427 adesse
2111 5370 2290 5448 peccatum
2321 5357 2359 5425 iu

329 5463 387 5532 eia
409 5480 532 5528 coram
554 5453 643 5527 Deo.
709 5451 763 5524 De
783 5455 899 5544 prima
922 5451 1044 5521 tabula
1064 5451 1252 5543 praecipua
1273 5465 1325 5520 est
1375 5455 1521 5540 sanctis,
1553 5455 1612 5524 sed
1643 5455 1773 5526 remitti
1802 5469 1947 5545 propter
1972 5457 2076 5525 fidem
2109 5459 2145 5526 in
2168 5453 2360 5530 Christum.

332 5561 520 5657 quaestio,
545 5571 580 5628 et
601 5560 648 5626 de
670 5555 829 5624 motibus
843 5553 962 5624 cordis
978 5574 1060 5642 erga
1074 5555 1200 5626 Deum.
1250 5548 1325 5622 Pu·
1377 5554 1562 5640 Secundo,
1589 5556 1627 5625 id
1650 5569 1827 5648 peccatum
1844 5557 1947 5626 etiam
1966 5559 2059 5627 vinci
2077 5557 2214 5651 Spiritu
2229 5572 2360 5644 sancto,

334 5669 419 5736 deat
447 5656 630 5743 homiues,
666 5658 728 5751 qui
751 5651 948 5726 Christiani
982 5655 1055 5724 dici
1083 5653 1238 5738 volunt,
1276 5653 1327 5722 sic
1377 5657 1439 5751 qui
1461 5660 1617 5728 donatur
1633 5657 1868 5730 credentibus.

337 5763 504 5838 (ibii'isti
527 5761 706 5850 ἆθῑθΙθδῖτ
729 5770 772 5829 ὓῑ
792 5779 872 5827 ⁸⁰¹⁰
893 5757 940 5826 de
963 5753 1185 5826 ἷωῑὶθὶἃῦθῑ
1203 5755 1328 5847 dilw-
1483 5757 1655 5856 Sequitur
1674 5781 1737 5830 seu
1758 5760 1870 5844 ratio,
1894 5781 1956 5828 seu
1978 5762 2145 5854 expolitio
2171 5759 2362 5855 propsitio·

337 5881 435 5950 taut,
469 5859 565 5934 nihil
588 5863 790 5955 requirant,
831 5857 903 5928 uisi
935 5857 1128 5930 secundam
1158 5859 1329 5946 tabulam,
1379 5861 1455 5951 nis,
1482 5863 1527 5934 de
1546 5861 1672 5936 ellectu
1688 5860 1842 5956 Spiritus
1857 5865 1980 5938 sancti.

387 5969 578 6042 Maean..
607 5969 712 6034 Orsa.
736 5966 818 6031 i'os.
846 5963 924 6030 XV.
1838 5962 1890 6033 30
