5825 6950
323 656 398 733 898
591 659 694 737 xltl.
747 665 784 741 δ.
816 656 1116 741 ENARRATIO
1143 656 1858 745 ttelst.PAUL1.AnROMANOs‚
1908 660 2015 741 CAP.
2041 664 2106 739 IV.
2286 668 2362 743 894

324 832 438 903 mines
464 830 573 924 gratis
594 850 739 927 propter
762 838 995 911 mediatorem
1028 835 1163 914 hebere
1188 840 1314 913 remis·
1366 838 1483 910 reiicit
1499 838 1682 923 debitum,
1699 836 1748 909 ita
1762 836 1916 911 sciamus
1931 837 2031 911 reiici
2046 838 2214 913 meritum
2230 842 2357 913 remis·

325 935 482 1021 sionem,
509 948 544 1009 et
559 959 634 1009 esse
656 954 816 1033 acceptos
831 938 929 1023 Deo,
955 966 1030 1016 non
1045 958 1191 1037 propter
1204 942 1314 1015 ullius
1364 942 1478 1013 sionis
1493 954 1716 1033 pcccatorum
1730 954 1764 1011 ct
1781 940 1875 1013 vitae
1891 954 2066 1016 aeternae.

325 1038 440 1129 operis
464 1037 672 1129 dignitatem
699 1044 737 1113 in
762 1044 885 1129 uobis,
910 1045 985 1118 sive
1001 1047 1063 1122 fiat
1080 1044 1210 1119 nostris
1224 1046 1313 1116 viri·
1464 1042 1665 1115 Consilium
1692 1040 1797 1115 Pauli
1825 1042 2016 1132 diligenter
2051 1041 2354 1116 considerandum

325 1140 407 1225 bus,
424 1140 499 1211 sive
514 1138 593 1213 Deo
608 1160 773 1217 movente
789 1148 908 1219 corda.
944 1148 1086 1222 Sontet
1100 1144 1186 1221 haec
1203 1170 1312 1240 opera
1364 1160 1426 1227 est.
1464 1145 1550 1218 ldeo
1564 1147 1648 1218 citat
1660 1146 1795 1218 dictum
1809 1145 1849 1217 in
1867 1143 2000 1217 Genesi
2022 1147 2067 1217 de
2082 1146 2170 1229 lide,
2195 1144 2279 1241 quia
2297 1148 2351 1217 ibi
2489 1230 2493 1237 Ι

324 1238 435 1312 aDeo
457 1241 498 1313 in
518 1246 625 1316 nubis
650 1269 815 1335 accensa,
844 1250 989 1324 dilectio
1009 1247 1097 1333 Dei,
1130 1251 1311 1343 patientia,
1363 1273 1523 1341 expresse
1541 1263 1579 1321 et
1592 1248 1669 1319 sine
1688 1248 1895 1323 conditione
1913 1248 1953 1319 fit
1978 1248 2209 1330 asseveratio,
2234 1264 2269 1323 et
2291 1273 2349 1320 re-

325 1344 476 1419 castitas.
527 1345 629 1420 Sicut
642 1363 760 1422 autem
778 1374 853 1422 nun
870 1348 1041 1425 babemus
1063 1356 1310 1424 remissionem
1362 1353 1502 1424 velatur
1516 1373 1680 1444 expresso
1697 1351 1921 1437 testimonio,
1946 1353 2041 1445 quod
2058 1353 2206 1422 credens
2221 1352 2269 1425 sit
2288 1350 2347 1421 iu-

323 1460 466 1540 propter
482 1442 571 1521 haec
592 1474 718 1544 opera,
744 1453 792 1523 ita
817 1477 885 1525 nec
907 1470 1053 1549 propter
1074 1457 1198 1543 iidem,
1221 1480 1310 1550 qua·
1361 1472 1444 1525 stus.
1504 1453 1585 1526 Hoc
1604 1454 1758 1546 opponit
1777 1452 1866 1544 legi,
1892 1453 2003 1546 quasi,
2022 1453 2132 1525 dicat:
2159 1450 2347 1547 Nusquam

322 1562 425 1619 tenus
451 1562 505 1621 est
527 1552 702 1644 qualitas,
734 1576 797 1626 seu
819 1579 910 1649 opus
930 1559 969 1628 in
991 1558 1112 1645 uobis,
1144 1563 1205 1630 sed
1224 1558 1309 1652 quia
1360 1557 1509 1646 legimus
1524 1554 1755 1650 pronunciari
1771 1556 1927 1651 aliquem
1949 1555 2103 1637 iustum,
2128 1554 2211 1649 quia
2234 1556 2349 1648 legem

320 1650 385 1720 fide
401 1654 630 1743 agnoscimus
645 1658 896 1745 mediatorem,
916 1675 950 1733 et
970 1660 1137 1732 beneficia
1154 1663 1229 1735 eius
1244 1665 1308 1733 ad·
1359 1659 1542 1755 implevit,
1567 1661 1628 1729 ced
1644 1658 1699 1728 lex
1723 1681 1864 1749 semper
1882 1670 2021 1729 accusat
2042 1654 2226 1744 homiues,
2249 1655 2346 1746 Ergo

316 1752 445 1845 plicari
459 1754 567 1827 nobis
587 1772 728 1850 oportet
752 1760 839 1847 lide,
865 1762 1016 1854 cogitata
1037 1788 1124 1836 voce
1142 1759 1308 1854 Evange·
1358 1785 1432 1831 uon
1447 1784 1570 1832 sumus
1584 1762 1661 1850 lege
1683 1760 1777 1831 iusti.
1828 1758 2031 1835 Retinenda
2055 1774 2107 1830 est
2128 1760 2237 1848 igitur
2260 1755 2346 1831 haec

318 1854 368 1929 lii.
423 1852 639 1951 Respondeo
657 1860 766 1951 igitur
787 1864 835 1933 ad
851 1868 1042 1954 maiorem,
1066 1866 1159 1939 sicut
1180 1867 1308 1939 usitate
1358 1858 1556 1935 consolatio
1570 1858 1738 1935 Abrabae
1753 1863 1868 1949 dicta,
1894 1864 1990 1956 quod
2006 1862 2053 1932 sit
2071 1863 2184 1933 iustus
2199 1864 2278 1936 fide.

313 1956 488 2029 dicimus:
507 1961 597 2033 Fide
610 1963 855 2041 iustificamur.
1459 1965 1711 2039 Commoratur
1735 1976 1853 2036 autem
1880 1963 2015 2036 Paulus
2044 1964 2084 2035 in
2106 1964 2345 2037 declaratione

413 2060 517 2133 Haec
542 2066 740 2158 propositio
756 2068 965 2143 correlative
990 2069 1221 2163 intelligenda
1240 2084 1304 2162 est,
1357 2068 1621 2163 imputationis,
1645 2082 1686 2139 ut
1707 2068 1870 2139 ostendat
1893 2066 2081 2159 gratuitam
2104 2088 2197 2153 esse,
2221 2081 2256 2137 et
2269 2091 2346 2139 esse

309 2161 417 2255 quasi
433 2162 594 2253 dicatur,
618 2166 689 2238 Per
705 2170 986 2243 mirericordiam
1011 2188 1156 2266 pmpter
1171 2174 1305 2245 media·
1357 2196 1434 2242 earn
1458 2171 1703 2243 remissionem
1737 2184 1980 2263 peccaturum,
2020 2182 2055 2239 et
2082 2169 2346 2242 reconciliatio·

309 2278 429 2335 torem
453 2266 705 2355 iustificamur,
738 2296 843 2365 quern
871 2289 989 2347 tamen
1012 2275 1082 2346 lide
1106 2278 1247 2365 agnosci
1270 2288 1305 2346 et
1356 2297 1459 2356 uem,
1505 2298 1568 2345 seu
1604 2272 1882 2364 acceptationem
1920 2283 2065 2361 propter
2099 2271 2344 2345 mediatorem.

307 2366 487 2458 adplicari
510 2372 617 2442 nobis
640 2374 717 2445 eius
749 2377 916 2446 beneficia
938 2376 1009 2447 fide
1033 2392 1182 2468 oportet.
1239 2376 1306 2450 Est
1355 2377 1531 2468 Adiungit
1550 2376 1662 2465 igitur
1687 2376 1781 2447 dicta
1797 2372 1949 2446 Psalmi:
1980 2371 2083 2445 Beati
2107 2395 2260 2467 quorum
2287 2398 2346 2445 rc-

308 2490 392 2556 etgo
410 2474 588 2546 sententia
612 2476 651 2545 in
678 2478 829 2548 maiore:
856 2477 1008 2570 Propter
1027 2476 1209 2553 Christum
1237 2476 1303 2551 ba·
1356 2481 1483 2549 missae
1504 2493 1591 2549 aunt
1614 2477 1821 2571 iniquitates
1835 2489 1899 2548 etc.
1950 2473 2082 2549 Beatus
2098 2475 2171 2563 vir,
2195 2476 2345 2549 coinon

305 2570 434 2645 bemns
457 2574 704 2649 remissionem
725 2594 759 2651 et
776 2603 900 2652 sumus
924 2582 1029 2668 iusti,
1053 2582 1179 2670 idest,
1203 2606 1303 2654 acce-
1355 2582 1546 2673 imputavit
1560 2577 1741 2651 Dominus
1756 2592 1936 2670 peccatum
1952 2594 2017 2655 etc.
2241 2586 2245 2597 '

307 2673 367 2763 pti.
422 2673 507 2747 Non
532 2678 645 2770 igitur
661 2683 823 2772 sequitur
846 2684 1046 2768 conclusio,
1086 2688 1185 2779 quod
1218 2708 1302 2775 pro-
1455 2682 1599 2756 Recitat
1620 2680 1755 2753 Paulus
1776 2685 2006 2761 antecedens,
2033 2684 2096 2752 sed
2120 2681 2179 2753 liet
2202 2705 2344 2753 accom-

306 2789 384 2865 pter
397 2798 509 2868 opera
526 2783 636 2853 simus
652 2783 750 2855 iusti.
802 2783 863 2857 Sic
879 2809 960 2857 cum
977 2788 1017 2855 in
1028 2783 1133 2858 Esaia
1150 2788 1300 2861 dicitur:
1355 2786 1512 2859 modstio
1529 2784 1639 2875 magis
1656 2784 1861 2880 perspicua,
1886 2808 1968 2855 cum
1986 2806 2206 2879 consequens
2218 2787 2345 2857 atteri·

307 2875 450 2949 Noticia
473 2885 568 2953 servi
587 2884 656 2955 mei
682 2885 791 2972 iusti,
813 2887 1018 2959 iustificabit
1042 2891 1192 2962 multos:
1226 2912 1299 2961 non
1352 2901 1432 2975 tur,
1463 2888 1645 2958 videlicet:
1679 2885 1771 2959 (ium
1792 2910 1898 2957 nemo
1919 2886 2023 2957 aliter
2043 2886 2091 2958 sit
2123 2890 2266 2973 beatus,
2303 2889 2343 2957 id

308 2978 547 3071 intelligatur,
581 2990 766 3059 credentes
800 3005 944 3083 propter
980 2991 1200 3082 dignitatem
1219 2993 1300 3063 fidei
1353 3006 1423 3077 est,
1448 2992 1563 3062 iustus
1586 2986 1827 3081 seuacceptus
1841 2985 1937 3073 Deo,
1961 2987 2034 3058 nisi
2057 3003 2195 3081 peccata
2217 2991 2344 3060 remit-

308 3082 464 3171 placcrc,
496 3090 557 3157 sed
588 3089 670 3159 ideo
701 3090 751 3161 sie
783 3092 943 3186 loquitur
975 3090 1173 3187 Propheta,
1217 3095 1300 3188 qnia
1352 3107 1496 3179 tantur,
1529 3105 1691 3183 tegantur
1718 3104 1754 3161 ct
1777 3114 1852 3161 uon
1881 3092 2123 3181 imputentur,
2156 3092 2343 3163 manifeste

308 3187 451 3271 agnosci
469 3190 705 3264 mediatorem
728 3206 763 3264 et
783 3192 852 3266 lide
873 3194 1046 3285 adplicari
1067 3197 1143 3267 eius
1165 3197 1300 3266 benefi-
1352 3196 1533 3289 sequitur,
1559 3194 1740 3265 nemiuem
1761 3194 1801 3263 in
1826 3188 1892 3263 bac
1920 3191 2111 3285 depravata
2134 3206 2261 3265 natura
2283 3218 2342 3265 sa-

307 3286 354 3355 cia
383 3300 542 3379 oportet.
598 3296 715 3368 Antea
738 3296 833 3367 enim
869 3296 1023 3370 discreta
1065 3297 1196 3370 Livore
1222 3298 1299 3371 eius
1352 3299 1513 3369 tislacere
1538 3296 1628 3387 legi,
1658 3298 1840 3367 neminem
1862 3295 1938 3385 lege
1958 3296 2092 3368 iustum
2117 3318 2210 3380 esse,
2240 3298 2343 3368 etin

314 3390 419 3460 anati
442 3413 578 3469 sumus.
1350 3400 1521 3471 omnibus
1543 3392 1689 3469 haerere
1710 3410 1870 3491 peccata,
1901 3398 1985 3492 quia
2008 3412 2153 3490 propter
2167 3398 2341 3470 mediato-

405 3491 678 3571 Haecbreviter
698 3500 908 3590 dictasunt,
934 3515 974 3574 ut
996 3502 1207 3574 vocabulum
1237 3501 1300 3575 lti-
1351 3525 1424 3574 rem
1453 3502 1689 3573 remittuntur
1716 3500 1886 3572 credensi.
1953 3499 2011 3574 Sit
2038 3515 2156 3572 autem
2179 3499 2343 3575 Psalmus

315 3593 385 3680 des,
407 3617 471 3666 seu
488 3601 655 3684 credidit,
676 3605 722 3675 sit
740 3607 976 3702 perspicuum.
1018 3604 1123 3676 Nunc
1139 3629 1297 3701 sequun·
1351 3604 1524 3677 illetotus
1540 3605 1767 3688 notissimus,
1790 3603 1875 3697 quia
1891 3604 2090 3674 doctrinam
2109 3606 2343 3678 necessariam

315 3707 363 3764 tur
377 3713 514 3771 caetera
531 3705 719 3790 vocabula,
747 3702 922 3799 imputata
942 3721 993 3778 est
1011 3707 1042 3776 ei
1061 3708 1216 3779 iusticia:
1247 3709 1297 3778 sic
1350 3721 1384 3776 et
1413 3707 1656 3778 dulcissimam
1691 3706 1970 3776 consolationem
1999 3708 2171 3782 eontinet.
2248 3707 2340 3782 Cum

315 3797 398 3867 enim
417 3799 571 3874 Hebraei
588 3805 730 3898 legunt,
756 3809 793 3880 id
812 3831 881 3892 est,
902 3806 1064 3899 Cogitata
1081 3833 1142 3882 sen
1158 3811 1296 3880 decreta
1349 3809 1444 3878 enim
1460 3807 1652 3879 didicimus
1675 3824 1711 3882 et
1735 3831 1778 3878 ex
1796 3831 1839 3878 eo
1857 3806 2017 3894 Psalmo,
2042 3822 2077 3880 et
2092 3832 2134 3879 er
2156 3804 2224 3880 bac
2246 3812 2342 3882 inte·

315 3915 355 3972 est
372 3895 474 3988 hnic,
504 3906 568 4000 qui
597 3923 700 3980 antea
730 3935 812 3982 reus
850 3927 946 4000 erat,
980 3911 1138 3998 iusticia,
1170 3913 1207 3981 id
1231 3926 1297 3998 est,
1348 3933 1409 4001 gra
1432 3909 1537 3981 Pauli
1558 3911 1740 3997 doctrina,
1770 3912 1869 4004 quod
1896 3905 1965 3982 hoc
1994 3913 2102 3982 modo
2126 3925 2263 3982 tautum
2303 3929 2340 3984 et

317 4007 467 4076 omissio
484 4023 728 4099 peccaturum,
754 4027 788 4084 ct
802 4014 993 4102 acceptatio
1011 4014 1133 4084 divina
1160 4029 1193 4086 et
1211 4010 1296 4086 bae·
1350 4037 1423 4083 non
1438 4013 1542 4084 aliter
1560 4009 1670 4084 homo
1685 4011 1748 4086 fiat
1765 4013 1897 4100 iustus,
1922 4013 2050 4101 idest,
2071 4028 2232 4106 acceptus
2247 4014 2339 4100 Deo,

317 4108 437 4176 reditas
453 4123 616 4185 aeternae
631 4115 724 4186 vitae
737 4131 772 4188 et
783 4116 963 4201 iusticias,
985 4139 1066 4186 cum
1082 4117 1195 4188 credit
1212 4140 1296 4208 pro-
1348 4117 1566 4187 cum-credit
1580 4117 1649 4186 sibi
1673 4115 1805 4187 remitti
1837 4131 1976 4206 peccata
1998 4131 2142 4207 propter
2164 4119 2341 4189 mediato-

319 4207 479 4286 uissioui.
531 4209 585 4285 Ac
603 4217 688 4288 citat
703 4216 835 4290 Paulus
852 4214 920 4288 boc
937 4217 1095 4300 dictum,
1122 4219 1204 4313 quia
1221 4219 1295 4310 pri·
1347 4241 1440 4302 rem,
1465 4220 1594 4308 gratis,
1619 4233 1655 4288 ct
1677 4220 1771 4312 quod
1796 4217 1994 4290 relitDeus
2006 4213 2213 4290 bancsuam
2231 4221 2340 4290 mise·

319 4331 402 4378 num
426 4335 589 4405 expresse
611 4319 719 4400 dicit,
750 4317 944 4408 Quomodo
966 4315 1105 4390 bomini
1125 4321 1295 4390 decerna·
1348 4320 1541 4390 ricordiam
1557 4321 1720 4412 agnosci,
1746 4335 1782 4392 et
1800 4320 1960 4411 conspici
1984 4321 2154 4392 beneficia
2178 4321 2262 4407 lilii,
2288 4325 2339 4394 si-

320 4423 365 4480 tur
377 4413 514 4486 iusticia
528 4418 605 4490 aine
620 4423 839 4494 conditione.
893 4419 935 4490 ln
953 4423 1028 4512 lege
1044 4421 1140 4492 euim
1155 4435 1293 4493 tantum
1347 4435 1407 4492 cut
1420 4421 1568 4508 clamat,
1589 4417 1813 4493 Oseulamini
1837 4421 1972 4508 filium,
2004 4419 2104 4493 Beati
2127 4445 2250 4494 omnes
2274 4425 2339 4518 qui

319 4515 561 4590 conditionales
581 4523 840 4614 propositiones
863 4536 962 4594 sunt:
998 4521 1212 4594 Maledictus
1229 4524 1294 4617 qui
1346 4523 1533 4594 confidunt
1546 4524 1586 4593 iu
1604 4547 1663 4596 eo:
1687 4523 1906 4616 amplissima
1920 4524 2117 4594 consolatio
2132 4525 2237 4595 nobis
2253 4551 2338 4618 pru-

320 4637 377 4683 uon
394 4633 515 4692 manet
535 4621 574 4692 in
597 4626 767 4695 omnibus
790 4639 854 4696 etc.
915 4623 1030 4695 Addit
1050 4623 1294 4716 igiturdccla-
1346 4625 1513 4716 punitur,
1546 4650 1638 4721 quae
1658 4639 1831 4696 sustentat
1854 4649 1920 4695 uos
1944 4627 1983 4694 in
2007 4625 2256 4712 conversione,
2292 4653 2364 4698 ne-

319 4718 496 4806 rationem,
529 4729 624 4817 quod
650 4728 837 4819 imputatio
860 4726 907 4799 sit
930 4725 1102 4816 gratuita,
1129 4727 1293 4798 videlicet
1345 4749 1548 4817 mergamur
1562 4728 1600 4796 in
1618 4729 1900 4820 desperationem
1918 4744 1953 4799 et
1967 4729 2132 4814 esitium,
2158 4729 2220 4800 sed
2237 4753 2337 4802 acce·

318 4823 399 4912 quod
420 4817 518 4893 Deus
539 4819 636 4898 hunc
661 4832 863 4900 credentem
885 4831 1015 4918 cogitet
1037 4849 1099 4900 sen
1124 4831 1292 4900 decernat
1343 4829 1471 4900 damus
1486 4831 1531 4898 ad
1550 4828 1667 4900 Deum
1686 4825 1751 4900 bac
1768 4829 1850 4897 lide.

317 4943 376 4992 csse
389 4923 522 4995 iustum
539 4948 603 4999 sua
625 4931 889 5022 misericordia,
918 4929 1156 5023 etiamsinon
1181 4932 1289 5002 estin
1448 4928 1629 5002 vocabula
1653 4931 1694 5000 in
1727 4929 1869 5002 Psalmo
1899 4945 1981 5002 sunt
2009 4931 2205 5023 perspicua.
2254 4934 2337 5009 Pri-

317 5051 350 5092 eo
369 5025 527 5118 impletio
550 5029 656 5121 legis,
679 5056 787 5126 quam
812 5029 909 5104 Deus
929 5035 1143 5123 adprobaret
1165 5055 1204 5103 ex
1225 5035 1290 5104 de-
1343 5054 1440 5102 mum
1467 5033 1675 5104 nominatur
1697 5032 1860 5104 remissio
1882 5047 2126 5125 peccatorum,
2168 5055 2334 5126 quaeest

318 5125 398 5208 bito,
424 5129 455 5198 si
478 5133 633 5219 adauct,
658 5133 779 5228 inquit
802 5135 927 5225 igitrm:
961 5133 1100 5206 Merces
1120 5135 1227 5206 datur
1247 5158 1289 5207 ex
1341 5135 1505 5206 desinere
1530 5134 1636 5204 irasci
1655 5134 1827 5227 peccatis,
1856 5158 1918 5205 seu
1941 5136 2140 5226 praeteritis
2154 5161 2218 5210 seu
2230 5164 2335 5230 prae-

318 5229 442 5315 debito‚
483 5231 615 5317 idest,
655 5232 729 5308 Ubi
766 5251 820 5308 est
850 5237 967 5330 reipsa
1001 5235 1090 5327 legis
1114 5236 1288 5328 impletio,
1339 5237 1512 5307 sentibus.
1548 5235 1687 5308 Deinde
1700 5235 1770 5324 tegi
1786 5251 1926 5328 peccata
1942 5251 1997 5306 cst
2011 5237 2244 5310 mediatorem
2258 5268 2335 5316 esse

320 5325 414 5412 ⁰²⁰⁸,
435 5335 679 5427 quiescentis,
703 5339 877 5430 approbat
899 5361 976 5408 eam
999 5359 1120 5410 exsua
1138 5339 1287 5412 iusticia.
1340 5337 1607 5423 umbraculum,
1635 5360 1680 5406 ne
1703 5336 1909 5409 effundatur
1930 5339 1969 5408 in
1994 5363 2061 5409 nos
2083 5340 2135 5408 ira
2153 5338 2230 5416 Dei.
2281 5343 2332 5416 Et

401 5431 470 5506 Hic
492 5437 631 5512 discant
654 5441 813 5510 iuniores
828 5440 999 5512 vocabula
1017 5435 1139 5511 Debiti
1154 5455 1189 5512 et
1206 5437 1286 5511 Me-
1338 5441 1483 5531 proprie
1498 5439 1648 5511 dicitnr:
1673 5437 1762 5530 Tegi
1779 5453 1986 5531 peceatum,
2010 5443 2110 5534 quod
2129 5438 2249 5514 adhuc
2264 5451 2332 5516 ad·

321 5533 366 5604 riti
387 5535 592 5613 correlative
629 5563 714 5616 esse.
787 5536 877 5614 cum
905 5533 1073 5612 monachi
1099 5541 1284 5612 dixerunt:
1337 5554 1389 5612 est
1413 5542 1451 5610 in
1476 5542 1620 5613 renatis.
1680 5536 1758 5611 Etsi
1782 5542 1877 5611 enim
1900 5555 1952 5612 est
1973 5556 2177 5634 peccatum,
2217 5559 2251 5615 et
2273 5549 2330 5616 di-

322 5633 480 5708 l'ontritus
497 5632 603 5715 babet
628 5646 754 5714 merita
775 5647 819 5713 de
842 5643 1042 5731 condigno,
1069 5637 1137 5714 boc
1160 5641 1283 5714 volus·
1334 5665 1444 5729 gnum
1469 5656 1611 5714 aeterua
1637 5665 1768 5735 poena,
1801 5655 1921 5714 tamen
1949 5644 2102 5734 tegimur
2123 5669 2187 5736 per
2211 5647 2325 5719 lilium

321 5756 401 5824 runt,
426 5735 518 5811 hanc
534 5745 775 5817 obedientiam
788 5767 863 5814 esse
883 5744 1078 5823 iusticiam,
1105 5764 1211 5838 quam
1227 5767 1283 5815 re-
1337 5743 1430 5828 Dei,
1454 5745 1550 5817 sicut
1569 5745 1717 5817 dicitur:
1743 5740 1827 5815 Non
1853 5745 1937 5816 estis
1958 5747 2026 5816 sub
2048 5745 2146 5836 lege,
2172 5749 2232 5818 sed
2255 5755 2325 5822 sub

320 5840 402 5932 eipiat
422 5841 519 5916 Deus
539 5869 580 5918 ea
603 5849 724 5921 debito
745 5861 813 5922 etc.
866 5843 915 5920 Ut
937 5845 1048 5940 igitur
1068 5839 1126 5918 hic
1149 5842 1283 5920 Paulus
1335 5847 1459 5942 gratia.
1508 5842 1558 5920 Et
1573 5870 1778 5944 quanquam
1799 5846 1971 5939 intelligit
1984 5845 2148 5920 Psalmus
2163 5849 2233 5941 tegi
2249 5876 2330 5945 pec-
