5825 6950
362 728 389 806 ι
1050 664 1053 671 ’
1226 715 1533 798 saturano,
2131 678 2138 696 '
2377 729 2406 804 a
2517 753 2524 767 ι
2664 715 2665 722 ‘

361 898 584 982 bitationem,
614 896 770 990 ideoque
791 897 896 966 tidem
922 919 996 966 esse
1020 893 1188 966 lidnciam
1208 892 1351 965 miseri·
1402 889 1498 961 Nam'
1521 915 1612 984 opus
1639 903 1692 963 est
1717 887 1849 964 scholis
1872 897 1955 966 sede
1977 893 2098 990 alique
2128 896 2333 984 doctrinae,
2367 909 2404 969 et

368 1021 515 1103 cordiae,
539 1028 753 1089 statuentem
768 1039 836 1086 uos
850 1041 870 1087 a
886 1016 967 1086 Deo
982 1015 1113 1108 recipi,
1138 1037 1179 1085 ac
1193 1012 1350 1106 praecipi
1401 991 1564 1083 Psalmus
1587 1007 1647 1082 46.
1671 1011 1806 1107 inquit:
1847 1009 1963 1086 Deum
1986 1014 2090 1086 valde
2120 1017 2286 1103 maltari,
2318 1039 2402 1088 cnm

368 1139 454 1215 hanc
465 1136 628 1209 fiduciam
650 1135 690 1204 in
712 1133 771 1204 bis
793 1135 912 1208 dictis:
947 1131 1038 1205 Fide
1061 1127 1260 1218 iustificati,
1286 1156 1348 1225 pa·
1401 1125 1587 1223 Principes
1597 1133 1815 1226 populomm
1832 1145 2094 1225 congregantur
2108 1159 2188 1206 cnm
2198 1135 2273 1208 Deo
2284 1133 2402 1208 Abra-

374 1287 442 1335 cem
457 1253 625 1330 babemus
652 1257 748 1348 apud
769 1253 902 1330 Deum.
962 1252 1006 1324 ln
1028 1248 1087 1323 his
1110 1267 1146 1324 et
1172 1253 1349 1323 similibus
1399 1246 1505 1331 ham,
1532 1251 1617 1344 quia
1640 1251 1744 1321 multi
1768 1253 1927 1345 exemplo
1944 1268 2151 1342 moventur,
2182 1267 2216 1327 et
2237 1254 2402 1328 doctrina

384 1377 659 1473 disputationibus
673 1398 731 1446 res
744 1375 902 1447 ostendit
921 1399 1047 1444 vocem
1070 1373 1122 1465 pii
1146 1371 1349 1462 interpretis
1401 1370 1589 1461 propagari
1610 1370 1750 1441 facilius
1765 1384 1898 1464 potest,
1925 1388 1958 1443 et
1974 1371 2109 1444 maiore
2124 1375 2310 1448 severitate
2325 1375 2401 1468 regi

250 1558 251 1581 .
391 1491 565 1568 iulcclesia
579 1516 658 1563 non
674 1492 838 1564 inutilem
853 1515 939 1565 esse.
989 1489 1081 1575 Sed,
1106 1504 1147 1562 ut
1161 1489 1246 1574 dixi,
1273 1511 1346 1556 non
1400 1487 1604 1578 disciplina.
1665 1485 1807 1561 Deinde
1833 1486 1931 1562 hunc
1952 1492 2114 1566 animum
2137 1495 2205 1568 tibi
2226 1496 2401 1586 gratulor,

393 1614 665 1705 sitinterpretatio
686 1613 795 1682 ludus
817 1611 1065 1702 ingeniorum,
1097 1632 1222 1678 verum
1243 1608 1290 1677 sit
1306 1630 1346 1675 ex
1400 1609 1498 1700 qnod
1520 1607 1670 1694 gloriam
1686 1609 1761 1680 Dei
1784 1634 1932 1692 ornare,
1965 1626 1999 1681 et
2022 1613 2215 1684 multarum
2239 1615 2400 1706 gentium

390 1733 517 1804 lontibus
529 1749 661 1813 sumta,
688 1745 723 1803 et
738 1746 911 1821 congruat
931 1734 974 1803 sd
988 1728 1173 1826 symbols,
1197 1740 1232 1798 et
1244 1749 1350 1800 mens
1399 1726 1508 1802 satiei
1523 1727 1710 1801 aarum
1725 1731 1856 1815 studes,
1882 1755 1922 1799 ac
1939 1754 2066 1822 precor
2080 1731 2197 1805 Deum
2215 1749 2399 1807 aeternum

387 1852 556 1944 interpretis
583 1852 657 1944 pii,
704 1851 893 1942 diligenter
926 1863 961 1921 et
991 1850 1112 1919 dextre
1134 1845 1347 1921 coenemus
1398 1843 1541 1920 Patrem
1558 1847 1710 1920 Domini
1734 1850 1851 1920 nostri
1867 1846 2111 1939 lesuChristi,
2136 1867 2176 1925 ut
2194 1869 2229 1927 te
2244 1868 2342 1948 regat
2358 1841 2399 1926 ac

385 1969 461 2038 dicta
477 1969 612 2057 divina,
646 1983 683 2040 et
706 1969 974 2064 antiquitatem,
1006 1966 1124 2038 aDeo
1147 1948 1348 2036 adiuvatur.
1399 1978 1525 2036 servet.
1563 1959 1614 2036 Et
1631 1991 1712 2037 cum
1728 1965 1864 2039 Paulus
1882 1992 1963 2039 vere
1980 1971 2091 2043 dicat:
2117 1970 2234 2044 Deum
2250 1975 2400 2058 efficere,

387 2085 538 2160 Praeterea
557 2087 680 2160 sintin
695 2085 854 2160 Ecclesia
878 2088 985 2159 etiam
1007 2087 1143 2158 iudices
1169 2098 1203 2157 et
1224 2106 1347 2155 censo-
1398 2098 1439 2156 ut
1456 2097 1495 2155 ,et
1512 2085 1664 2157 velimus
1688 2101 1723 2158 et
1745 2088 1966 2183 perficiamus
1989 2091 2144 2163 salutare
2168 2095 2401 2183 ermriculum,

387 2229 436 2277 res
453 2207 759 2304 interpretationis,
792 2222 833 2282 ut
852 2205 986 2280 Paulus
1006 2207 1143 2301 iuquit:
1175 2203 1347 2279 Sedentes
1399 2201 1574 2300 uc'aliqua
1594 2205 1665 2298 ipsi
1687 2221 1786 2299 grata
1800 2207 1907 2294 liant,
1935 2223 1974 2281 tn
1989 2234 2152 2305 qnoque,
2179 2236 2260 2285 cum
2274 2237 2400 2295 accen-

388 2322 522 2399 iudicmt.
896 2397 901 2406 ,
1078 2422 1080 2429 Ι
1398 2323 1492 2392 derit
1507 2321 1604 2394 Deus
1621 2324 1738 2396 lucem
1752 2327 1793 2395 in
1811 2341 1954 2419 pectore
1971 2342 2046 2415 tuo,
2072 2341 2170 2420 petes
2187 2343 2221 2403 et
2238 2321 2400 2426 expects
2507 2415 2510 2422 ¹

468 2441 551 2513 llaec
566 2444 744 2536 praelatus
759 2467 859 2529 snm,
892 2456 932 2515 ut
947 2445 1017 2513 mei
1032 2442 1142 2514 studii
1157 2455 1190 2514 et
1204 2442 1346 2512 consilii
1398 2441 1456 2509 bis
1479 2443 1650 2514 auxilium
1676 2443 1861 2536 deinceps,
1901 2459 1941 2517 ut
1963 2461 2023 2519 tua
2051 2441 2261 2540 gubernatio
2286 2453 2400 2538 fausta

250 2572 251 2595 ³
395 2562 524 2632 udonem
551 2565 723 2634 omnibns
752 2565 948 2635 ostendam.
1006 2559 1158 2634 Etiamsi
1184 2562 1347 2632 ridemur
1400 2560 1464 2648 sit,
1498 2574 1534 2633 et
1552 2561 1636 2634 felix
1661 2563 1729 2634 tibi
1752 2578 1788 2635 et
1810 2561 2011 2654 Ecclesiae,
2046 2581 2080 2639 et
2103 2571 2148 2638 ad
2170 2564 2269 2642 hunc
2291 2571 2400 2644 finem

382 2676 551 2768 abstheis,
591 2696 712 2754 tamen
740 2707 863 2756 omnes
892 2684 933 2752 in
956 2677 1116 2756 Ecclesia
1138 2681 1210 2754 Dei
1233 2681 1346 2751 sciant
1400 2695 1480 2754 tuos
1495 2681 1635 2754 labores
1650 2683 1800 2776 dirigas,
1827 2688 1922 2782 quod
1942 2688 2097 2760 etmulti
2114 2691 2166 2782 pii
2191 2693 2400 2768 ardentibus

375 2800 549 2872 mesano
569 2802 837 2890 cognoscendos
863 2821 937 2873 esse
958 2797 1090 2872 Libros
1112 2793 1346 2892 Pmpheticos
1398 2799 1491 2872 votis
1517 2824 1581 2892 pro
1604 2815 1651 2874 tel
1664 2817 1805 2896 petunt.
1855 2799 2034 2878 Provehet
2058 2821 2179 2907 autem
2202 2807 2300 2886 Deus
2320 2813 2401 2904 pios

371 2913 639 3009 stdpostolieos.
691 2918 831 2996 Deinde
853 2945 934 2992 cum
955 2943 1054 2990 nunc
1075 2919 1221 3013 quidem
1245 2931 1346 3010 parte
1398 2933 1568 3007 conatus,
1594 2936 1632 2992 ut
1652 2922 1771 3016 aliqua
1786 2923 1857 3014 ipsi
1870 2938 1969 3016 grata
1992 2927 2092 2999 hant.
2143 2928 2263 3001 Nimis
2285 2933 2400 3002 multa

363 3035 470 3132 aliqua
492 3038 684 3109 ministerii
698 3037 906 3130 Evangeliei
927 3041 1074 3130 iungar,
1101 3062 1157 3109 res
1177 3039 1271 3129 cogit
1287 3040 1345 3108 in·
1397 3040 1438 3108 in
1475 3052 1549 3110 tota
1584 3063 1713 3131 genere
1757 3037 1916 3114 humano
1950 3045 2042 3118 liunt
2076 3050 2334 3121 contumeliosa
2358 3051 2400 3120 in
2536 3130 2538 3134 ¹

361 3159 489 3228 terdum
528 3158 878 3251 interpretationem,
920 3174 981 3230 aut
1013 3164 1107 3230 ce‘rtc
1140 3181 1346 3228 commone·
1398 3155 1528 3230 Deum.
1585 3155 1773 3252 Epicurei,
1807 3160 2104 3252 Mahomctistae,
2139 3183 2175 3239 et
2202 3169 2309 3242 multi
2335 3167 2399 3243 alii
2664 3147 2665 3154 ἵ

359 3276 539 3348 factionem
558 3279 717 3373 aliquam
731 3278 862 3350 addere
881 3278 1052 3350 brevibus
1070 3275 1173 3348 dictis
1197 3278 1236 3345 in
1260 3303 1344 3346 nar·
1398 3289 1568 3371 tanquam
1591 3281 1690 3351 coelo
1713 3281 1848 3352 bellum
1870 3281 2080 3370 inferentes,
2106 3311 2181 3356 non
2205 3289 2322 3358 solum
2340 3287 2399 3362 iu·

250 3376 251 3413 5
355 3399 488 3468 nbone
501 3398 634 3495 aliqua.
1396 3408 1495 3489 grata
1511 3396 1594 3468 Deo
1609 3395 1763 3488 iaciunt,
1788 3401 1850 3472 sed
1866 3404 1973 3475 etiam
1986 3405 2221 3479 audacissime
2237 3408 2342 3482 falsas
2364 3376 2398 3481 e'c

452 3515 630 3594 Profiteor
659 3533 778 3591 autem
817 3533 892 3593 toto
920 3502 1066 3612 pectore
1089 3542 1147 3591 me
1178 3517 1344 3610 amplecti
1396 3528 1505 3589 tetros
1529 3518 1720 3609 opiniones
1742 3524 1788 3591 de
1807 3523 1889 3595 Deo
1912 3524 2132 3611 defendunt,
2157 3540 2190 3601 et
2212 3529 2396 3602 saevitiam

357 3640 548 3709 doctrinam
571 3638 828 3735 Symbolorum
848 3639 1049 3731 Apostolici
1072 3653 1107 3710 et
1127 3636 1274 3719 Niceni‚
1309 3652 1342 3709 et
1396 3637 1437 3707 in
1450 3658 1513 3707 eos
1526 3652 1707 3721 exercent,
1734 3641 1798 3734 qui
1816 3638 1932 3713 Deum
1950 3666 2033 3714 vere
2049 3646 2254 3739 celebrant,
2282 3644 2397 3719 Dein-

356 3782 559 3831 consensum
579 3754 787 3831 Catholicae
806 3758 984 3832 Ecclesiae
1008 3755 1094 3844 Dei,
1128 3782 1233 3852 quem
1262 3760 1343 3852 qui·
1396 3755 1462 3841 de,
1496 3778 1602 3849 mam
1636 3757 1742 3829 multi
1771 3760 2021 3847 ambitionem,
2053 3762 2244 3848 libidines,
2277 3764 2397 3834 avari-

250 3893 251 3962 l
356 3876 428 3947 dem
449 3894 485 3950 et
504 3876 685 3951 Ecclesiae
705 3875 833 3951 harum
855 3876 1151 3966 Academiarum,
1176 3876 1344 3951 Witem-
1395 3872 1482 3941 tiam
1507 3896 1609 3943 suam
1634 3872 1710 3945 Deo
1733 3876 1962 3949 anteferunt?
2011 3875 2061 3947 Hi
2080 3904 2159 3950 cum
2179 3880 2395 3953 omnesDeo

353 3998 529 4091 bergensis
545 4015 580 4070 et
592 3996 759 4093 Lipsicae
774 4014 992 4094 sequuntur,
1020 4021 1106 4094 quas
1122 3998 1226 4070 etiam
1248 3998 1344 4069 iudi·
1395 3988 1533 4079 ingrata
1551 3992 1712 4101 faciant,
1728 3994 1806 4063 vult
1821 4007 1940 4066 tamen
1958 3989 2055 4066 Deus
2078 3996 2239 4092 aliquam'
2257 4013 2394 4091 partem

353 4140 406 4187 m
419 4141 493 4188 egge
508 4142 674 4189 neopum
687 4117 903 4211 scriptorum
922 4116 1016 4190 volo,
1395 4106 1535 4197 generis
1556 4102 1727 4195 humani,
1751 4110 1899 4199 Scilltei,
1926 4108 2118 4185 Ecclesiam
2139 4130 2236 4207 gillia
2258 4116 2329 4211 ipsi
2340 4122 2395 4187 fd·

446 4235 557 4327 Quod
588 4251 708 4309 aurem
737 4233 831 4307 hane
862 4261 977 4307 meam
1012 4238 1274 4307 enarrationem
1303 4236 1344 4305 in
1394 4250 1495 4310 cere,
1520 4250 1611 4321 quae
1628 4226 1794 4301 videlicet
1809 4255 1891 4303 eum
1907 4247 2001 4305 recte
2025 4233 2188 4321 invocat,
2214 4250 2315 4325 curat
2332 4261 2395 4307 ve-

356 4352 522 4426 lobannis
536 4350 775 4446 Evsngelinm
797 4354 852 4425 tui
873 4354 1031 4425 nominis
1052 4355 1212 4446 ampicio
1232 4354 1343 4436 edidi,
1394 4368 1471 4418 ram
1491 4347 1691 4420 doctrinam
1714 4352 1922 4443 propagari,
1948 4366 1983 4423 et
1997 4348 2145 4427 honeste
2166 4355 2395 4447 disciplinam

356 4469 637 4572 lnecpraeeipns
652 4496 757 4545 cause
771 4486 843 4559 est,
868 4488 910 4545 nt
932 4496 1015 4543 eum
1037 4464 1203 4542 ostendas
1224 4488 1258 4544 te
1278 4494 1342 4542 ve-
1393 4467 1503 4557 regit,
1530 4490 1602 4562 quo
1617 4468 1657 4536 in
1672 4485 1843 4555 numero,
1870 4486 1910 4544 ut
1923 4494 2066 4565 semper
2079 4475 2147 4558 sis,
2172 4488 2207 4544 et
2225 4475 2394 4547 salutaria

359 4616 423 4663 ran
447 4592 520 4664 Dei
546 4592 810 4665 invocationem
841 4593 1011 4663 omnibus
1038 4594 1147 4663 rebus
1175 4588 1342 4663 humanis
1394 4601 1429 4659 et
1451 4600 1550 4678 grata
1577 4586 1655 4659 Deo
1679 4612 1820 4683 semper
1841 4615 1942 4683 agas,
1980 4594 2088 4664 iaciat
2109 4606 2273 4665 aeternus
2288 4592 2395 4666 Pater

349 4716 542 4801 anteferre,
576 4728 612 4787 et
634 4736 754 4784 amare
773 4708 972 4785 Ecclesiam
994 4712 1081 4803 Dei,
1114 4710 1270 4805 primum
1301 4710 1340 4780 in
1392 4706 1544 4779 Domini
1566 4710 1682 4781 nostri
1699 4707 1790 4781 lesu
1811 4706 1958 4787 Christi.
2013 4710 2128 4785 Datae
2145 4710 2395 4806 Witebergae,

347 4829 415 4907 hoc
433 4835 582 4931 publico
608 4833 739 4926 scripto
756 4833 831 4933 Deo
858 4834 988 4926 gratias
1010 4856 1130 4923 agam,
1161 4832 1257 4926 quod
1274 4830 1342 4901 ali-
1392 4852 1490 4900 anno
1518 4822 1630 4900 1546.
1653 4828 1712 4898 die
1741 4828 1801 4905 ts.
1826 4828 2032 4917 Februarii,
2072 4858 2144 4927 quo
2174 4847 2258 4905 ante
2278 4857 2393 4906 annos

345 4978 503 5051 qnorum
517 4951 729 5046 Principem
743 4968 885 5047 pectora
899 4955 945 5023 ad
961 4948 1148 5042 Evangelii
1166 4964 1201 5023 et
1216 4946 1338 5023 Eccle-
1395 4950 1494 5026 170⁸
1528 4950 1708 5023 Nicanore
1745 4951 1957 5045 interfecto,
2015 4971 2263 5050 recuperatum
2301 4969 2394 5028 tem-

343 5077 592 5147 siaearuorem
607 5074 736 5159 flectit,
762 5074 893 5143 deinde
909 5088 951 5145 nt
973 5074 1039 5144 tibi
1062 5096 1203 5168 qnoque
1225 5096 1339 5143 meam
1392 5074 1513 5165 plum,
1550 5084 1585 5143 et
1607 5072 1770 5143 restituta
1797 5066 1919 5143 schola
1950 5075 2135 5147 doctrinae
2162 5075 2324 5147 eoelestis
2352 5077 2394 5147 in

347 5196 606 5285 gratitudinem
622 5207 660 5265 et
672 5192 831 5264 studium
848 5178 1049 5266 ostendamJ
1393 5194 1484 5263 urbe
1501 5189 1734 5285 lerosolyms,
1760 5214 1833 5285 quo
1856 5192 2019 5285 exemplo
2043 5195 2314 5267 commonefacti
2330 5217 2393 5289 pe-

446 5312 527 5406 Ago
544 5314 664 5408 itaque
680 5313 808 5405 gratias
821 5310 898 5383 Deo
915 5326 1060 5384 aeterno
1075 5309 1172 5381 Patri
1187 5310 1341 5381 Domini
1393 5326 1512 5383 tamus
1535 5323 1570 5381 et
1590 5324 1812 5401 expectemus
1834 5335 1932 5383 nnnc
1952 5336 2134 5410 quoquea
2160 5315 2241 5387 Deo
2266 5312 2392 5391 Eccle-

343 5435 461 5507 nostri
477 5432 558 5505 lesu
576 5430 732 5519 Christi,
759 5436 854 5529 quod
876 5436 992 5504 lucem
1015 5430 1201 5523 Evangelii
1223 5429 1280 5501 sui
1302 5430 1341 5500 in
1395 5432 1488 5520 siae,
1514 5444 1547 5503 et
1562 5432 1641 5525 piae
1655 5430 1838 5503 doctrinae
1857 5431 2113 5515 defensionem.

343 5572 379 5631 te
394 5570 432 5629 et
448 5555 529 5627 aliis
554 5556 767 5651 quibusdam
782 5553 1013 5650 Principibus
1036 5552 1213 5639 accendit,
1240 5564 1275 5622 et
1291 5550 1342 5621 el·
1814 5576 1969 5661 grim-5·

345 5678 440 5759 scis,
473 5691 515 5749 nt
542 5675 685 5769 aliquae
713 5675 859 5767 politiae
887 5669 1043 5770 hospitia
1064 5672 1136 5744 sint
1157 5596 1373 5762 Ecclesiael

1201 5879 1529 5897 —oe——o-—oeun-
