5825 6950
526 637 600 716 ιιι
1111 609 1238 690 earn
1263 559 1382 686 una
1408 603 1950 690 smteranxaoarroa.

531 809 701 885 omnibns
713 795 936 892 temporibus
957 791 1047 862 solet
1064 785 1201 882 opponi
1216 781 1402 858 doctrinas
1408 779 1533 852 Evau-

534 913 640 1006 gelii,
675 906 766 976 sicut
797 914 901 970 nune·
916 892 1085 985 Episcopi
1116 900 1249 982 negant
1276 884 1532 957 discedendum

2635 448 2636 534 ι

2491 607 2568 690 ιιι

1677 781 1755 856 sea
1784 779 1850 858 bas
1877 781 2149 875 imaginationes
2185 803 2289 874 saepe
2318 781 2450 858 seiotat
2488 785 2582 857 scri-
2637 843 2638 882 ,

1573 899 1705 976 ptura,
1736 909 1827 982 quae
1848 885 1944 957 clare
1964 885 2118 957 affirmat
2140 909 2288 978 regnum
2312 883 2469 958 Moesiae
2499 909 2581 960 non
2637 885 2638 894 '

536 1037 612 1086 esse
628 1013 674 1082 ab
691 1029 746 1094 eo,
767 1002 864 1096 qnod
880 997 989 1067 semel
1005 993 1148 1086 publico
1162 1008 1337 1061 consensu
1351 998 1533 1076 receptum
1581 986 1743 1058 futurum
1782 1009 1856 1058 esse
1880 988 1999 1067 ‚talem
2035 989 2255 1058 mundanam
2279 989 2584 1076 dominationem,
2638 1053 2639 1070 ι

540 1129 613 1200 est,
639 1124 675 1182 et
688 1105 842 1194 allegant
855 1098 1111 1172 successionem
1136 1090 1372 1162 ordinariam.
1423 1085 1535 1158 Hune
1582 1113 1647 1160 nec
1670 1113 1860 1182 personam
1882 1089 1994 1183 ipsius
2016 1089 2173 1162 futuram
2198 1111 2272 1160 esse
2294 1089 2526 1181 conspicuam
2543 1090 2584 1162 in

541 1230 680 1290 coetum
705 1218 835 1278 vocant
854 1199 1070 1282 Ecclesiam,
1108 1193 1172 1288 qui
1195 1193 1385 1264 autoritate
1409 1211 1536 1282 perpe·
1583 1195 1739 1278 mundo,
1778 1192 1875 1262 iuxta
1905 1187 2103 1270 hominnm,
2122 1191 2412 1283 expectationem.
2478 1189 2584 1264 Haec
2639 1261 2640 1266 ,

541 1336 624 1391 tuae
639 1305 871 1384 successionis
887 1304 959 1372 iam
976 1299 1098 1370 multis
1122 1295 1252 1366 seculis
1273 1306 1375 1366 tanet
1397 1311 1536 1384 posses-
1584 1293 1662 1364 sine
1683 1295 1900 1366 obscuritate
1923 1294 2101 1385 praedicta
2122 1305 2222 1364 erant
2247 1293 2286 1361 in
2304 1287 2516 1382 Prophetis,
2544 1307 2586 1366 ut

545 1421 680 1492 sionem
705 1410 888 1481 doctrinae
924 1416 958 1472 et
987 1396 1274 1490 gubernationis,
1322 1391 1419 1466 hune
1448 1413 1537 1462 con·
1586 1420 1662 1486 cap,
1687 1393 1811 1466 Esaiae
1827 1391 1890 1468 53,
1912 1407 2081 1476 gemm„
2113 1395 2153 1464 3„
2173 1417 2245 1488 quo
2263 1393 2355 1466 clm
2374 1395 2513 1467 dicitur
2535 1397 2582 1466 de

545 1523 786 1594 tenduntnon
803 1529 903 1601 posse
920 1526 1059 1581 errare,
1093 1499 1219 1570 etsine
1235 1496 1460 1570 dubitatione
1477 1493 1539 1596 de:
1588 1495 1735 1568 Messio:
1783 1495 1865 1568 Non
1892 1510 1944 1568 est
1971 1495 2105 1587 species
2136 1495 2170 1567 ei
2197 1519 2314 1589 neque
2338 1496 2463 1578 decor,
2498 1519 2585 1568 cum

546 1623 728 1695 testandos
749 1619 822 1682 ess'a
844 1630 922 1691 eos,
957 1604 1022 1697 qui
1052 1597 1188 1672 abhoc
1210 1615 1313 1672 roetu
1342 1597 1541 1676 discedunt,
1589 1598 1825 1690 aspiceremus
1849 1622 1951 1683 enm,
1982 1621 2058 1668 nou
2079 1610 2155 1670 erat
2176 1597 2325 1690 species,
2357 1597 2585 1690 quaeplaea-

548 1727 599 1795 ita
633 1717 692 1790 hic
723 1712 983 1786 ratiocinantur
1005 1706 1052 1776 ab
1073 1703 1261 1798 autoritate
1294 1724 1437 1783 eorum,
1479 1693 1541 1789 qui
1590 1715 1662 1784 ree,
1686 1715 1751 1772 ege,
1802 1698 1923 1791 Qum
1945 1695 2249 1772 haecgestimonia
2265 1697 2587 1770 debebamludaei

550 1837 636 1897 sunt
652 1814 830 1912 praecipui
847 1813 885 1879 in
903 1807 1037 1902 populo
1052 1804 1139 1890 Dei,
1164 1818 1197 1876 at
1221 1815 1344 1874 tenent
1364 1801 1541 1892 guberna·
1590 1801 1832 1888 considerare,
1857 1825 1922 1872 nec
1938 1801 2068 1872 ex'suis
2082 1800 2399 1892 imaginationibus
2415 1815 2452 1872 et
2466 1816 2586 1873 exter·

550 1928 686 1998 tionem
711 1915 911 1987 institutam
941 1909 1128 1979 divinitus.
1189 1905 1311 1994 Quare
1331 1917 1455 1974 contra
1476 1895 1544 1968 ho·

550 2051 631 2099 rum
649 2019 875 2092 autoritatem
891 2027 926 2083 et
941 2011 1134 2100 iudicium,
1160 2032 1234 2078 non
1260 2029 1334 2077 esse
1349 2002 1544 2076 assentien-

555 2131 642 2200 dum
658 2121 842 2195 doetrinae
858 2115 971 2188 unius
986 2109 1143 2182 bominis
1166 2108 1295 2203 privati
1321 2121 1359 2180 et
1379 2104 1507 2198 ignoti.

657 2273 738 2346 Hoc
754 2285 824 2350 est,
849 2269 945 2362 quod
968 2264 1086 2335 aiunt:
1123 2261 1290 2356 Numquis
1312 2259 1354 2332 e'x
1376 2256 1547 2353 principi-

554 2384 622 2453 bus
639 2376 750 2449 credit
769 2375 808 2441 in
831 2372 969 2454 ipsum,
1002 2379 1063 2437 aut
1082 2391 1123 2436 ex
1139 2361 1365 2435 Pharisaeis?
1397 2359 1493 2451 Quia
1509 2360 1547 2426 in

556 2480 627 2553 hoe
651 2476 785 2571 populo
806 2468 1081 2542 Pharisaeorum
1105 2480 1181 2537 erat
1204 2466 1390 2560 praecipua
1412 2461 1548 2533 autori-

555 2599 632 2668 tas,
664 2594 833 2671 tanquam
857 2571 1112 2664 praestantium
1139 2568 1332 2662 sapientia,
1372 2563 1549 2647 doctrina,

558 2701 594 2756 et
611 2682 729 2754 studio
745 2674 948 2764 religionis,
979 2697 1019 2742 ac
1036 2672 1129 2742 inter
1154 2694 1213 2740 eos
1235 2669 1340 2740 multi
1364 2679 1550 2760 praeerant

558 2789 598 2858 in
613 2780 894 2876 gubernatione,
921 2799 963 2844 ex
984 2775 1108 2843 talium
1137 2771 1268 2842 iudicio
1290 2772 1470 2840 affirmant
1486 2791 1550 2858 po·

426 2925 431 2932 ·
558 2892 631 2960 tius
644 2883 870 2976 statuendum
889 2877 1021 2946 esseda
1040 2874 1219 2958 doctrina,
1245 2896 1350 2967 quam
1375 2871 1500 2943 stultae
1517 2881 1551 2938 et

560 2988 745 3082 imperitae
776 2977 1038 3060 multitudinis,
1080 3000 1170 3068 quae
1191 3000 1272 3044 eum
1295 2997 1369 3044 sese
1393 2984 1552 3064 opponat

561 3088 746 3162 autoritati
780 3082 984 3152 ordinariae
1013 3078 1213 3170 potestatis,
1248 3099 1369 3145 secure
1390 3095 1552 3166 pronun-

560 3192 656 3265 ciant
671 3194 747 3260 eam
762 3211 782 3256 a
798 3183 875 3255 Deo
899 3185 1104 3251 damnatam
1121 3191 1156 3249 et
1170 3178 1392 3248 maledictam
1411 3197 1494 3250 esse.

663 3337 828 3412 Alterum
855 3339 1102 3422 argumentum
1126 3353 1169 3400 ex
1183 3328 1385 3401 testimonio
1401 3328 1553 3418 scriptu·

1591 1928 1638 1975 na
1652 1905 1765 1997 specie
1778 1907 1827 1975 de
1842 1926 1992 1996 persona
2016 1902 2240 1988 ratiocinari,
2270 1903 2476 1994 praesertim
2500 1927 2584 1975 cum

1592 2009 1798 2078 accederent
1813 2005 2015 2078 testimonia
2030 2007 2074 2074 de
2096 2019 2273 2097 tempore,
2298 2005 2396 2098 quod
2419 2005 2491 2074 iarn
2519 2029 2585 2075 na·

1593 2122 1651 2178 tus
1674 2123 1763 2180 esset
1783 2104 1952 2193 Messias,
1984 2120 2021 2176 et
2042 2109 2087 2176 de
2110 2129 2261 2197 persona
2283 2107 2454 2178 miraenla
2475 2120 2585 2179 testa·

1594 2223 1730 2280 rentur.
1787 2206 1938 2280 Interim
1961 2208 2066 2279 etiam
2096 2211 2140 2278 de
2162 2207 2295 2278 lamilia
2322 2221 2357 2278 et
2378 2209 2457 2279 loro
2480 2209 2585 2278 facile

1596 2323 1733 2404 poterat
1754 2326 1932 2390 constare,
1967 2310 1997 2381 si
2018 2309 2214 2380 voluissent
2238 2309 2431 2402 inquirere.
2490 2308 2583 2382 Nam

1595 2425 1630 2484 et
1653 2413 1794 2504 publice
1815 2413 1980 2482 extabant
2003 2411 2158 2497 indices,
2189 2411 2252 2504 qui
2272 2410 2504 2481 continebant
2526 2435 2582 2482 se-

1596 2515 1686 2591 riem
1708 2530 1743 2587 at
1764 2515 2049 2585 nomenclaturae
2071 2512 2300 2607 personaru’m
2315 2513 2355 2582 in
2370 2513 2512 2602 singulis
2523 2513 2579 2584 la·

1597 2615 1723 2701 miliis,
1757 2629 1793 2688 et
1813 2628 1914 2687 erant
1934 2609 2051 2686 adhuc
2072 2615 2147 2685 vivi
2171 2627 2294 2700 testas,
2324 2616 2386 2707 qui
2407 2614 2577 2684 memine-

1598 2731 1678 2790 rant
1699 2712 1796 2788 hunc
1821 2716 1936 2788 lesum
1958 2730 2082 2787 natum
2104 2717 2143 2786 in
2159 2711 2387 2797 Bethlehem,
2411 2714 2478 2786 etsi
2502 2715 2581 2786 eiua

1598 2833 1760 2914 parentes
1772 2833 1806 2892 et
1821 2819 1984 2909 cognatio
2000 2841 2072 2888 non
2088 2813 2268 2890 habebant
2280 2819 2333 2887 ibi
2350 2816 2583 2892 domicilium.

1600 2921 1695 3010 Quia
1714 2945 1794 2992 cum
1819 2921 1972 3014 populus
1996 2920 2067 2989 iam
2088 2921 2196 3010 longo
2219 2933 2377 3012 tempore
2400 2940 2586 3011 oppressus

1600 3039 1690 3095 esset
1711 3023 1826 3092 aliena
1850 3022 2112 3102 dominatione,
2137 3023 2325 3113 posteritas
2340 3021 2496 3091 familiae
2509 3017 2584 3090 Da·

1600 3125 1711 3210 vidis,
1736 3149 1826 3217 quae
1842 3137 1986 3215 propter
2008 3125 2144 3212 regium
2168 3145 2320 3204 nomen,
2345 3123 2496 3192 maxima
2510 3133 2583 3192 eret

1601 3224 1756 3300 obnoxia
1773 3227 1946 3310 iniuriae,
1979 3242 2058 3298 cum
2084 3247 2259 3318 nusquam
2282 3225 2418 3296 essetei
2435 3225 2531 3294 locus
2545 3224 2585 3292 in
2649 3225 2650 3228 ’

1602 3323 1749 3414 tudaaa‘,
1776 3340 1892 3398 coacta
1916 3341 1965 3397 cst
1987 3329 2145 3396 secedere
2160 3328 2199 3395 in
2215 3327 2376 3398 ultimam
2400 3349 2498 3396 oram
2514 3323 2589 3395 Ga-

562 3470 644 3530 rae‚
687 3445 732 3513 da
757 3460 883 3529 genere
910 3448 945 3505 et
969 3434 1061 3503 loco‘
1076 3432 1187 3503 natali
1210 3429 1363 3502 Messias
1384 3443 1553 3513 sumtum,
1604 3431 1727 3515 lileae,
1752 3433 1811 3501 sed
1828 3443 1946 3501 tamen
1962 3430 2183 3521 praedictum
2199 3442 2233 3500 et
2248 3423 2316 3500 hor
2331 3440 2426 3520 erat,
2452 3449 2495 3497 eo
2512 3428 2589 3521 ipso

563 3548 677 3637 magis
691 3556 742 3613 est
759 3539 967 3629 speciosum.
1019 3532 1177 3604 Maxime
1198 3546 1344 3623 urgetur
1365 3534 1402 3601 in
1427 3528 1554 3600 hisal-
1604 3546 1763 3623 tempore
1774 3528 1957 3603 Christum
1975 3532 2299 3615 naseiturumesse,
2332 3552 2413 3599 rum
2434 3532 2590 3622 populus

565 3645 839 3725 sacrationibus,
877 3639 975 3732 quod
1008 3635 1182 3725 scriptura
1212 3646 1358 3705 testatur
1384 3631 1552 3701 Messiam
1604 3648 1638 3705 et
1654 3633 1748 3723 regia
1765 3633 1899 3703 familia
1922 3655 2087 3724 oppressa
2104 3647 2193 3703 esset
2210 3632 2302 3705 tristi
2318 3633 2487 3704 servitute
2501 3632 2592 3702 alie·

565 3750 800 3845 promissum,
827 3741 1004 3811 oriturum
1020 3759 1093 3806 esse
1109 3759 1150 3806 er
1166 3736 1263 3825 regio
1277 3756 1423 3823 genere,
1448 3734 1552 3805 etia·
1603 3758 1668 3805 nae
1694 3734 1969 3819 dominationis,
1995 3735 2085 3805 sicut
2109 3735 2148 3803 in
2172 3732 2304 3805 Genesi
2325 3734 2473 3805 dieitur:
2506 3732 2592 3803 Non

564 3853 665 3931 milia
687 3844 836 3922 Davidis
858 3844 898 3911 in
922 3832 1151 3921 Bethlehem,
1185 3860 1275 3929 quae
1297 3848 1371 3907 erat
1393 3836 1433 3905 in
1457 3835 1554 3905 tribu
1604 3837 1782 3907 auferetur
1813 3852 1989 3929 sceptrum
2018 3834 2170 3923 eluda,
2207 3836 2321 3907 donec
2349 3834 2470 3907 veniat
2492 3833 2593 3906 Mes·

504 3996 512 4011 .
566 3954 673 4033 luda,
698 3950 789 4019 sicut
805 3946 898 4017 clara
913 3944 962 4014 ait
977 3935 1159 4033 Michaeas
1173 3961 1246 4027 cap.
1260 3932 1313 4007 6.:
1336 3936 1391 4007 Ex
1406 3952 1440 4008 te
1455 3959 1554 4025 egre-
1605 3938 1694 4024 sias,
1719 3950 1783 4010 etc.

568 4057 687 4127 dietae
709 4054 780 4122 dux
802 4046 925 4137 populi
951 4043 1038 4128 mei,
1063 4054 1130 4110 etc.
1185 4038 1281 4109 Hinc
1304 4052 1555 4127 argumentare·
1706 4036 1802 4110 Haec
1816 4038 1909 4123 diri,
1932 4052 1971 4109 ut
1987 4036 2273 4123 considerentur,
2296 4050 2332 4109 at
2345 4038 2495 4109 refutari
2510 4062 2594 4131 pos-

568 4171 628 4229 tur
642 4166 764 4226 contra
779 4144 979 4227 Christum,
1005 4137 1112 4215 huius
1129 4141 1285 4211 doctoris
1299 4164 1363 4209 nec
1379 4139 1553 4209 familiam
1605 4142 1675 4213 sint
1698 4136 1764 4211 hae
1786 4140 2000 4223 calramniae,
2038 4140 2168 4231 quibus
2190 4141 2382 4213 adversarii
2405 4140 2595 4231 Evangelii

569 4282 644 4330 esse
658 4269 800 4336 notam,
832 4263 865 4319 et
887 4259 1051 4340 parentes
1072 4265 1147 4313 esse
1171 4243 1360 4324 obscuros,
1385 4256 1419 4313 et
1434 4256 1554 4312 ortum
1605 4264 1732 4331 magna
1753 4243 1868 4334 specie
1890 4236 2081 4311 detrahunt
2106 4242 2288 4312 doctrinae
2300 4238 2448 4313 Christi.
2500 4242 2596 4313 Nam

570 4385 644 4431 esse
659 4359 738 4427 loco
761 4352 931 4441 ignobili,
965 4345 1088 4438 procul
1110 4344 1234 4414 dissito
1256 4343 1293 4411 iu
1319 4358 1555 4413 extremante
1609 4347 1731 4413 eadem
1750 4358 1834 4415 sunt
1857 4343 2048 4413 certamina
2071 4345 2238 4414 omnibus
2260 4345 2450 4423 aetatibus,
2476 4358 2518 4417 ut
2533 4344 2597 4417 hic

569 4461 721 4530 finitima
744 4454 927 4543 gentibus,
961 4449 1057 4518 unde
1080 4468 1154 4515 non
1179 4443 1294 4513 solum
1311 4443 1460 4513 Messias
1483 4468 1555 4513 non

570 4564 618 4631 sit
631 4558 843 4651 sperandus,
870 4554 928 4621 sed
946 4573 991 4618 ne
1007 4548 1151 4641 quidem
1159 4541 1335 4635 Propheta
1351 4546 1481 4638 aliquis
1498 4568 1557 4615 ex·

573 4664 701 4743 titerit‚
725 4659 787 4729 sed
804 4652 871 4725 hoc
885 4662 1154 4742 argumentum,
1185 4648 1437 4737 etsipraetexit
1459 4645 1557 4717 testi-

574 4764 734 4834 moninm
750 4758 962 4847 scripturae,
987 4766 1106 4823 tamen
1129 4771 1256 4820 revera
1268 4748 1500 4819 ratiocinatur
1516 4771 1559 4817 er

573 4862 734 4935 humano
777 4856 935 4933 iudicio,
993 4876 1056 4921 seu
1090 4850 1345 4937 imaginatione
1386 4846 1557 4934 bumana,

575 4990 681 5061 quam
697 4958 874 5032 habebant
887 4953 1010 5041 Iudaei
1025 4956 1067 5022 de
1075 4946 1236 5029 Christo,
1261 4951 1434 5031 videlicet,
1463 4953 1558 5043 quod

575 5079 664 5140 esset
681 5061 866 5134 habiturus
881 5054 1071 5145 imperium
1085 5054 1321 5124 mundanum.
1359 5049 1444 5121 ldeo
1462 5052 1560 5141 cogi-

576 5184 654 5241 tant
678 5190 759 5235 essm
786 5158 1010 5251 proditurum
1035 5178 1077 5223 er
1097 5153 1317 5223 nobilissima
1342 5153 1494 5236 familia,
1526 5168 1560 5225 et

447 5266 453 5271 ⁸
575 5258 825 5358 regnaturum,
850 5270 987 5347 septum
1012 5269 1047 5326 el
1072 5253 1250 5325 munitum
1273 5254 1474 5336 agminibus
1495 5278 1560 5346 po·

1606 4446 1789 4536 disputant
1822 4443 1964 4530 Iudaei,
2002 4467 2048 4513 na
2082 4446 2319 4515 assentiantur
2340 4442 2501 4531 Christo,
2543 4448 2597 4518 ita

1611 4570 1748 4637 semper
1764 4543 1849 4617 haar
1864 4548 1936 4615 duo
1947 4536 2134 4617 *obiiciunt
2158 4546 2349 4638 sapientes,
2377 4548 2532 4639 primum
2548 4552 2597 4619 de

1608 4661 1778 4741 potestate
1802 4648 2002 4731 ordinaria,
2040 4642 2134 4716 hans
2156 4670 2229 4717 esse
2260 4648 2491 4734 audiendam,
2528 4674 2598 4721 nee

1608 4750 1888 4821 dissentiendum
1904 4750 1950 4819 ab
1964 4748 2039 4818 eius
2055 4749 2185 4819 iudicio
2202 4761 2235 4819 et
2250 4750 2449 4826 autoritate.
2482 4750 2598 4823 Dein-

1610 4854 1655 4921 de
1678 4850 1780 4923 aiunt
1800 4850 1920 4921 afferri
1940 4872 2070 4919 novam
2094 4850 2294 4923 doctrinam
2315 4852 2362 4922 ab
2385 4847 2598 4927 bominibus

1609 4954 1758 5043 ignotis,
1782 4952 1964 5037 obscuris,
1988 4952 2065 5021 sine
2080 4953 2301 5038 testimonio,
2331 4967 2395 5025 aut
2416 4958 2598 5047 approha-

1609 5056 1707 5126 tione
1737 5056 2026 5144 gubernatorum.
2091 5052 2182 5123 Nam
2218 5050 2373 5125 humana
2409 5058 2598 5147 sapientia,

1610 5158 1700 5226 sicut
1713 5159 1756 5225 de
1773 5178 1880 5245 regno
1888 5151 2020 5227 Christi
2036 5176 2097 5223 seu
2107 5151 2276 5240 Ecclesia,
2301 5156 2349 5227 ita
2368 5159 2413 5226 de
2427 5160 2593 5235 doctrina

1610 5282 1748 5349 semper
1771 5260 1893 5327 eodem
1921 5258 2028 5327 modo
2049 5257 2200 5343 indicat,
2233 5259 2372 5351 quaerit
2387 5254 2596 5349 Ecclesiam,

577 5384 715 5445 tentum
732 5381 764 5434 et
780 5362 978 5440 nobilium,
1003 5370 1037 5425 et
1050 5356 1114 5425 tali
1129 5357 1232 5439 loco,
1255 5355 1319 5425 ubi
1342 5369 1429 5424 esset
1442 5356 1561 5425 omni·
1610 5382 1701 5450 quae
1724 5356 1851 5429 habeat
1871 5358 2070 5428 testimonia
2094 5372 2128 5428 et
2151 5361 2475 5450 comprobationem
2493 5365 2597 5456 prin-

578 5478 646 5544 bus
670 5465 898 5555 conspicuus,
929 5472 1075 5528 ornatus
1105 5451 1243 5525 honore
1265 5469 1300 5526 et
1321 5456 1432 5545 gloria
1454 5458 1560 5545 regia.
1610 5460 1749 5549 cipum,
1774 5472 1980 5550 potentum,
2000 5460 2218 5551 sapientum,
2242 5475 2305 5532 etc.
2339 5458 2492 5549 Contra,
2516 5490 2596 5535 curn

576 5574 675 5646 Haec
706 5568 789 5664 quia
817 5586 892 5631 non
926 5558 1144 5629 conveniunt
1170 5558 1209 5625 in
1236 5581 1422 5648 personam
1455 5553 1561 5629 huius
1613 5562 1707 5630 videt
1719 5561 1881 5650 exiguum
1900 5573 2036 5630 coetum
2053 5562 2131 5630 sine
2156 5563 2345 5635 autoritate
2370 5576 2405 5633 et
2427 5568 2598 5655 potentia,

578 5672 753 5753 doctoris,
797 5666 878 5735 ideo
923 5656 1141 5733 confidenter
1177 5672 1308 5749 negant
1348 5654 1445 5730 hunc
1488 5682 1562 5731 esse
1612 5675 1826 5731 contemtum
1845 5674 1878 5731 et
1893 5675 2050 5752 spretum
2066 5664 2105 5733 in
2123 5664 2270 5748 mundo,
2296 5663 2504 5759 offenditur,
2530 5694 2595 5740 nec

576 5775 773 5851 Christum·
1611 5763 1745 5835 iudicat
1760 5757 1857 5833 hunt
1873 5784 1947 5841 etta
1963 5766 2136 5859 populum
2150 5764 2234 5853 Dei,
2257 5788 2368 5861 quare
2381 5790 2446 5839 nee
2460 5772 2595 5844 doctri-
