5825 6950
311 716 386 794 ιω
739 711 821 795 Xll.
871 708 1173 789 humberto
1197 707 1251 786 IN
1275 705 1458 790 EVANG.
1485 709 1698 790 lOANNlS.
1747 715 1853 796 CAP.
1878 718 1942 794 IV.
2281 729 2356 806 110

408 883 486 960 Sed
501 909 596 981 qnae
609 894 715 959 esusa'
729 901 794 973 est,
816 909 881 958 cur
895 887 1072 979 sapientes
1086 887 1207 958 minus
1221 907 1308 978 pcr-
1359 887 1404 957 ad
1426 888 1564 960 torrem
1587 881 1771 982 hydriam,
1807 889 1946 961 omissis
1970 915 2089 966 rerum
2112 897 2352 989 corporalium

311 989 459 1066 veniam
471 991 518 1060 ad
534 990 651 1060 lucem
668 985 880 1079 Evangelii?
904 988 1008 1060 Hanc
1023 1012 1098 1060 esse
1111 989 1201 1060 dicit
1211 986 1307 1058 Pau·
1358 990 1473 1072 curis,
1499 1013 1559 1061 seu
1584 990 1707 1062 relicto
1733 992 1844 1062 veteri
1860 993 1977 1084 lonte,
2004 991 2073 1068 hoc
2095 1011 2164 1085 est,
2187 1004 2351 1074 doctrina

310 1099 379 1168 bre:
404 1090 511 1181 Qnia
532 1085 692 1162 humana
711 1092 883 1181 rapientia
904 1092 973 1163 sibi
996 1093 1129 1184 placet,
1158 1105 1194 1162 et
1214 1090 1307 1161 ludit
1357 1093 1495 1183 priore,
1527 1093 1679 1184 suscepit
1710 1117 1845 1164 novum
1877 1095 2128 1176 ministerium.
2194 1100 2352 1174 Orditur

313 1194 545 1292 opinionibus
558 1195 605 1264 cle
617 1193 695 1266 Deo
713 1194 880 1265 infinitis:
909 1193 990 1265 ideo
1005 1195 1205 1288 plerunque
1219 1215 1306 1262 con·
1356 1207 1473 1265 autem
1490 1217 1511 1266 a
1526 1196 1717 1279 miraculo,
1742 1199 1838 1287 quod
1864 1217 1991 1268 arcana
2016 1201 2126 1292 ipsius
2149 1205 2351 1280 recitaverit

312 1298 437 1371 mnis
469 1296 626 1366 verbum
655 1295 741 1382 Dei,
778 1309 819 1368 ut
845 1295 880 1368 1.
902 1292 1067 1368 Corinth.
1094 1300 1127 1370 1.
1155 1293 1303 1365 dicitur:
1355 1291 1414 1365 hic
1430 1291 1557 1388 hospes
1572 1298 1730 1386 ignotus,
1753 1310 1789 1367 et
1810 1321 1887 1368 eam
1904 1302 1947 1369 ad
1970 1303 2225 1395 poenitentiam
2241 1331 2347 1378 voca·

314 1397 565 1474 Praedisamus
585 1393 768 1470 Christum
790 1398 1015 1480 crucifixum,
1042 1396 1182 1468 ludaeis
1202 1417 1305 1466 scan-
1355 1399 1467 1482 verit,
1492 1401 1584 1469 etde
1599 1423 1683 1468 vero
1700 1398 1797 1472 cultu
1813 1395 1880 1470 Dei
1907 1403 2087 1489 docuerit,
2113 1408 2157 1476 de
2175 1431 2248 1506 quo
2265 1431 2345 1478 sen-

320 1505 449 1584 alalum,
485 1497 638 1572 Graecis
656 1524 741 1571 vero
761 1501 963 1574 stultitiam.
1011 1497 1117 1571 Item:
1150 1497 1303 1568 Perdam
1355 1501 1506 1585 tentiae,
1532 1525 1622 1591 quae
1639 1501 1774 1572 suntin
1790 1515 1903 1590 textu,
1928 1500 2147 1579 hauddubie
2170 1511 2348 1604 copiosius

327 1602 523 1696 sapientiam
539 1604 752 1692 sapientum.
800 1603 850 1674 Et
864 1604 903 1675 2.
917 1595 1082 1677 Corinth.
1102 1602 1163 1672 tu.
1180 1597 1304 1672 horta·
1354 1618 1538 1674 enarratae
1552 1615 1647 1678 sunt.
1757 1617 1761 1623 “

327 1723 385 1785 tur,
422 1717 470 1775 nt
498 1704 721 1795 captivemus
748 1704 969 1775 intellectum
995 1707 1041 1774 ad
1060 1703 1301 1774 obedientiam

325 1805 461 1882 (bristo.
507 1803 593 1877 Non
607 1805 847 1878 existimemus
864 1802 951 1875 haec
966 1827 1040 1876 esse
1056 1806 1184 1876 frivola
1199 1827 1302 1896 prae-

322 1923 421 2002 cepta,
448 1908 517 1978 sed
540 1929 598 1978 res
618 1909 793 1991 ostendit,
818 1907 1043 1999 gravissimos
1064 1907 1185 1998 lapsus
1207 1929 1303 1977 sem-

319 2037 370 2107 per
391 2010 509 2081 inisse
537 2003 716 2083 hnmanae
745 2011 954 2100 sapientiae,
1002 2011 1060 2080 vel
1091 2009 1302 2087 doctrinam,
1429 2004 1511 2076 Hoc
1533 2007 1751 2102 colloquium
1769 2004 1900 2082 Christi
1922 2022 1957 2081 et
1977 2005 2234 2102 Apostolorum
2258 2017 2343 2087 sub·

320 2114 444 2184 velalia
467 2133 603 2202 magna
626 2112 768 2201 negotis
788 2111 981 2184 iudicantis
1000 2113 1081 2181 sine
1097 2113 1207 2182 verbo
1225 2109 1303 2182 Dei.
1353 2109 1544 2178 obscurum
1568 2121 1638 2195 est,
1674 2111 1733 2179 sed
1760 2112 1800 2181 in
1824 2135 1960 2182 summa
1986 2115 2157 2203 siguificat
2180 2113 2345 2190 Christus

318 2215 392 2288 Erat
406 2214 558 2310 sapiens
577 2213 768 2285 consilinm
789 2213 915 2313 populi
938 2210 1066 2298 lsrael,
1091 2212 1303 2306 postulantis
1353 2211 1454 2283 tectis
1471 2211 1587 2281 verbis
1605 2226 1675 2282 tres
1689 2214 1891 2284 sententias.
1935 2213 2055 2285 Prima
2071 2231 2122 2288 est
2137 2220 2181 2287 de
2197 2241 2262 2288 suo
2278 2223 2343 2290 do-

322 2341 440 2406 regem,
472 2317 543 2386 scd
565 2311 643 2386 Deo
663 2316 845 2409 displicuit
874 2313 960 2386 haec
986 2315 1177 2407 sapientia,
1218 2315 1302 2408 quia
1353 2317 1441 2388 lore.
1505 2311 1668 2384 Secunda
1689 2315 1734 2383 de
1753 2313 1960 2405 Prophetis,
1994 2330 2029 2387 et
2046 2319 2156 2388 veteri
2174 2317 2342 2395 Ecclesia.

328 2419 424 2490 voluit
438 2413 544 2488 bunc
567 2418 742 2508 populum
766 2417 841 2508 regi
862 2418 996 2502 verbo,
1027 2429 1302 2508 etexpectarea
1354 2415 1476 2486 Tertia
1493 2417 1539 2484 de
1558 2411 1750 2506 Apostolis.
1801 2416 1920 2487 Prima
1945 2421 2119 2492 sententis
2136 2424 2342 2492 desuodo-

333 2517 667 2593 moderatorem.
726 2515 814 2590 Erat
835 2520 978 2610 sapiens
998 2519 1186 2592 consilium
1205 2517 1302 2588 lero·
1353 2520 1448 2602 lore,
1474 2517 1711 2606 significatur:
1748 2517 1831 2609 quia
1854 2521 1918 2589 etsi
1941 2521 2062 2591 labore
2085 2523 2222 2592 itineris
2243 2525 2342 2594 ‹lela-

329 2623 432 2707 bosm,
455 2619 683 2692 instituentis
702 2621 915 2713 peculiarem
941 2622 1096 2708 cultum,
1122 2623 1301 2692 nedecem
1352 2622 1482 2711 tigatns
1504 2632 1596 2702 erat,
1633 2633 1670 2690 et
1697 2617 1816 2689 cibum
1839 2623 2069 2712 expetiverat,
2101 2637 2218 2694 tamen
2245 2649 2342 2696 nunc

324 2725 421 2795 trihus
435 2745 569 2793 rursus
589 2744 626 2792 se
649 2723 883 2813 adiungerent
904 2723 1040 2796 civitati
1057 2721 1302 2820 ierosolymae,
1352 2746 1427 2792 non
1441 2721 1576 2792 fruitur
1589 2722 1695 2792 allato
1716 2722 1816 2807 cibo,
1844 2746 1917 2792 non
1939 2725 2190 2817 superstitione
2212 2727 2342 2820 aliqua,

320 2821 469 2896 sedhinc
486 2824 628 2893 infinita
646 2819 898 2918 εἰδωλομανία
921 2838 999 2896 orta
1021 2839 1091 2911 est,
1116 2833 1150 2896 et
1164 2839 1302 2896 secutae
1353 2827 1416 2896 sed
1438 2824 1521 2918 quia
1545 2825 1685 2894 animus
1709 2846 1801 2891 nova
1825 2824 1945 2918 aliqua
1977 2828 2151 2898 moestitia
2173 2850 2234 2898 seu
2258 2853 2341 2900 cura

317 2951 440 3020 poenae
465 2938 506 2999 et
527 2923 704 2996 excidium
729 2927 837 2998 totius
860 2927 972 3019 regni.
1021 2926 1081 3000 Sic
1103 2941 1184 3020 post
1199 2923 1302 3019 Apo·
1351 2940 1545 3017 occupatus
1561 2940 1634 3009 est,
1658 2947 1749 3018 quae
1763 2925 1864 2996 affert
1880 2927 2021 2997 fastidia
2036 2929 2126 3012 cibi,
2151 2930 2207 2998 vel
2225 2932 2342 3021 potius

316 3031 432 3114 stolos,
473 3043 650 3122 qnantum
680 3023 878 3099 haeresium
903 3029 1041 3122 peperit
1068 3024 1223 3099 hermena
1244 3053 1301 3098 aa·
1352 3028 1902 3117 italanguelacitventriculum,
1924 3042 2030 3098 utne
2052 3033 2342 3123 qnidemadmit-

314 3129 467 3222 pientia?
508 3127 586 3200 Cnr
607 3153 703 3199 nnnc
726 3131 910 3200 manifesta
932 3131 1028 3200 idola
1047 3131 1301 3215 defenduntur,
1352 3145 1403 3202 tat
1423 3132 1560 3213 cibum,
1596 3125 1654 3197 lric
1683 3130 1835 3218 languor
1860 3131 2065 3202 notissimus
2088 3146 2139 3201 est
2164 3129 2238 3218 his,
2276 3133 2342 3227 qni

313 3233 372 3302 uisi
389 3245 543 3325 propter
555 3226 732 3301 humanae
754 3232 946 3322 sapientiae
966 3231 1147 3302 rationes?
1175 3235 1300 3322 dispo·
1352 3254 1449 3301 acres
1465 3230 1574 3298 animi
1598 3229 1740 3298 dolores
1761 3231 1930 3304 sentiunt.
1985 3229 2090 3302 Unde
2113 3246 2229 3303 autem
2251 3237 2342 3304 exti-

311 3347 380 3405 tant
401 3333 601 3404 salutarem
628 3355 701 3402 esse
722 3332 949 3404 concordiam
973 3329 1171 3417 Ecclesiae,
1204 3333 1301 3402 dele·
1352 3335 1395 3404 tit
1410 3328 1497 3402 haec
1519 3330 1634 3400 subita
1650 3331 1824 3400 moestitia
1842 3333 1879 3402 in
1897 3327 2066 3402 Christo?
2108 3332 2213 3404 Haud
2232 3336 2342 3406 dubie

311 3437 463 3509 monem
487 3437 535 3505 ab
555 3433 738 3504 ordinaria
769 3448 939 3528 potestate
969 3435 1113 3525 gignere
1143 3433 1300 3506 infinitas
1351 3432 1531 3507 exmultis
1546 3432 1658 3503 causis
1675 3436 1988 3522 concurrentibus,
2013 3437 2170 3525 cogitans
2192 3437 2341 3509 caecita-

311 3537 574 3632 dissipationes,
599 3536 792 3624 tumultus,
817 3536 924 3611 bella.
976 3536 1061 3609 Ideo
1078 3536 1202 3609 iubent
1226 3539 1301 3607 usi·
1350 3553 1421 3609 tem
1444 3536 1583 3604 vicinae
1603 3534 1718 3624 gentis
1741 3534 2003 3623 Samaritanae,
2037 3539 2188 3611 afficitur
2215 3540 2341 3609 dolore

310 3654 396 3712 tatus
417 3662 559 3709 errores
580 3638 668 3707 boni
692 3638 895 3723 consulere,
921 3662 1102 3724 excusare,
1126 3640 1301 3731 mitigare,
1351 3651 1497 3733 propter
1511 3638 1643 3729 ipsam,
1668 3648 1703 3706 et
1725 3638 1821 3726 cupit
1848 3639 1986 3731 aliquos
2012 3640 2182 3725 liberare,
2213 3664 2253 3711 ac
2274 3666 2339 3733 pru

1404 1747 1522 1824 Mens
1538 1749 1639 1824 cibus
1666 1745 1736 1836 est,
1778 1761 1817 1824 ul
1831 1753 1984 1855 sociam
2011 1755 2234 1832 volunlatem
2257 1763 2347 1858 eins,

1455 1853 1525 1954 qui
1535 1879 1590 1926 me
1603 1854 1715 1932 misit.

311 3758 374 3813 ete.
424 3741 498 3813 sed
517 3740 635 3810 dicere
658 3740 703 3809 de
728 3741 903 3831 lapsibus,
929 3742 992 3833 qni
1017 3742 1159 3833 proprie
1172 3743 1218 3812 ab
1232 3738 1301 3811 hu·
1351 3754 1500 3813 eaorat.
1550 3739 1700 3811 Haecin
1722 3738 1881 3808 istoviro
1907 3742 2057 3826 liebsrrt,
2083 3744 2340 3812 nonsinema-
2452 3824 2455 3830 ¹

311 3867 411 3914 mana
433 3842 610 3934 sapientia
632 3842 817 3931 oriuntur,
852 3842 1033 3912 inlinitum
1059 3856 1131 3927 cst,
1163 3858 1299 3915 tanturn
1351 3844 1431 3932 gnis
1453 3840 1620 3909 motibus.
1674 3835 1787 3910 Ardet
1813 3844 1952 3911 animus
1974 3844 2098 3913 dolore
2120 3856 2265 3935 propter
2284 3857 2341 3914 to-

308 3968 453 4015 monerc
477 3945 644 4015 lectorem
660 3943 779 4028 volui,
803 3956 845 4013 ut
861 3945 989 4031 cogitet
1004 3944 1212 4015 frenandam
1227 3969 1301 4015 esse
1351 3948 1423 4018 tius
1450 3942 1589 4032 generis
1618 3937 1765 4011 humani
1800 3944 1978 4029 miserias,
2022 3959 2167 4036 propter
2194 3946 2340 4015 exitium

308 4062 486 4131 mentem,
511 4058 546 4115 et
559 4044 747 4135 regendam
769 4046 879 4115 verbo
902 4044 990 4128 Dei,
1022 4061 1056 4115 et
1077 4071 1151 4115 non
1173 4047 1301 4117 ludcn-
1351 4046 1524 4115 maximae
1551 4045 1662 4137 partis
1698 4038 1908 4130 hominum,
1948 4060 2111 4137 precatur
2142 4040 2341 4117 vehementi

307 4152 391 4219 dom
408 4146 586 4237 fingendis
609 4146 853 4237 opinionibus.
904 4146 1064 4218 Sciamus
1082 4144 1174 4218 hanc
1191 4150 1302 4217 auda·
1352 4162 1474 4235 motu,
1512 4144 1762 4233 cogitatatiam
1787 4148 1830 4215 de
1851 4170 1913 4215 sara
1937 4160 2052 4216 morte
2077 4162 2110 4217 et
2136 4148 2180 4217 de
2201 4150 2342 4218 redem-

306 4253 397 4321 ciam
419 4249 496 4319 Deo
520 4248 729 4338 displicere,
760 4263 795 4319 et
815 4248 998 4317 exitiosam
1019 4273 1111 4330 esse,
1138 4250 1301 4320 sicutdi·
1351 4252 1465 4321 tione:
1519 4246 1665 4339 Repetit
1703 4249 1822 4316 animo
1848 4246 1994 4318 Patrum
2021 4262 2053 4318 et
2082 4242 2341 4341 Prophetarum

308 4370 404 4424 ctum
421 4366 490 4422 est:
515 4347 667 4419 Perdam
681 4350 889 4442 sapientiam
904 4350 1115 4444 sapientum.
1168 4345 1301 4422 Osten·
1351 4372 1553 4421 aerumnas.
1603 4346 1766 4418 Haecest
1785 4349 1894 4436 prima
1919 4374 1998 4439 pars
2021 4345 2128 4421 huius
2152 4351 2339 4443 colloquii:
2376 4366 2382 4374 '

306 4458 399 4525 dunt
429 4452 537 4523 etiam
561 4445 702 4520 ethnica
727 4451 904 4541 exempla,
936 4450 1214 4542 sapientissimos
1235 4449 1301 4526 ho·
1352 4453 1459 4524 Meus
1480 4452 1580 4520 cibus
1600 4464 1669 4530 est,
1702 4461 1742 4519 ut
1764 4448 1889 4519 laclam
1913 4454 2130 4523 voluntatem
2155 4453 2284 4540 patris,
2309 4464 2348 4525 et

307 4558 434 4640 mines,
462 4569 497 4626 et
513 4552 582 4623 sibi
596 4567 630 4621 et
644 4552 801 4643 imperiis
819 4575 921 4642 saepe
937 4555 1158 4624 accersivisse
1175 4555 1302 4625 exitio·
1352 4554 1531 4645 perbciam
1556 4574 1647 4641 opus
1665 4550 1763 4636 eius,
1794 4553 1921 4622 idest:
1957 4552 2030 4623 lam
2053 4575 2130 4621 sum
2153 4567 2343 4642 occupatus

307 4682 363 4729 sss
383 4655 623 4738 calamitates,
655 4668 695 4725 ut
710 4649 1008 4739 Themistoclem,
1030 4652 1303 4742 Theramenem,
1352 4676 1457 4739 cura,
1499 4667 1534 4724 ct
1558 4652 1770 4743 cogitatione
1795 4676 1894 4723 meae
1917 4655 2128 4739 vocationis,
2162 4654 2344 4723 excrucior

306 4760 496 4837 Periclem,
521 4753 741 4841 Ciceronem,
764 4768 797 4826 et
813 4756 902 4825 alios
916 4756 1061 4827 multos.
1099 4754 1194 4845 Quia
1203 4756 1302 4828 Deus
1352 4758 1526 4849 acerrimo
1546 4757 1699 4847 quodam
1724 4754 1864 4840 dolore,
1898 4769 1932 4826 et
1953 4779 2079 4845 precor
2099 4779 2164 4847 pro
2187 4750 2255 4825 hoc
2279 4780 2343 4845 po·

310 4862 387 4933 odit
401 4857 570 4929 fidutiam
585 4852 762 4929 humanae
774 4857 978 4947 sapientiae,
1003 4870 1038 4927 et
1052 4858 1129 4928 vult
1145 4882 1211 4928 nos
1229 4861 1302 4949 regi
1353 4861 1451 4951 pulo.
1511 4854 1607 4926 Haec
1628 4856 1767 4945 negotia
1789 4858 1983 4927 vocationis
2007 4871 2091 4928 sunt
2115 4858 2342 4927 anteferenda

313 4962 517 5042 snovcrbo,
540 4960 635 5053 quod
652 4959 920 5029 retinetnosin
938 4959 1141 5043 vocatione,
1159 4975 1305 5032 etvetat
1353 4962 1453 5031 cibo.
1502 4956 1579 5027 lmo
1595 4959 1674 5050 pius
1688 4969 1722 5029 et
1735 4960 1880 5031 sedulus
1901 4958 2081 5042 minister,
2107 4984 2186 5029 cum
2203 4981 2340 5029 exerce·
2476 4992 2482 4999 ·

313 5080 447 5137 tentare
469 5058 611 5145 Deum,
641 5060 773 5147 idest,
804 5060 980 5153 suscipere
1009 5083 1066 5131 res
1096 5084 1173 5130 non
1202 5085 1305 5133 man·
1353 5075 1414 5133 tur
1430 5058 1486 5159 his
1502 5060 1614 5145 curis,
1641 5082 1686 5128 ne
1705 5074 1816 5149 potest
1837 5060 1981 5152 quidem
2007 5060 2193 5131 admittere
2212 5062 2343 5131 cibum.

317 5170 420 5239 datas.
1357 5160 1432 5233 lam
1446 5165 1582 5233 confert
1606 5163 1651 5231 ad
1674 5156 1765 5231 hanc
1789 5162 1976 5251 imaginem
1999 5184 2077 5247 eos,
2113 5161 2174 5254 qui
2201 5176 2345 5253 propter

1356 5280 1516 5337 ventrem
1541 5276 1714 5355 appetunt
1744 5264 1959 5344 ministeria,
2001 5275 2036 5332 et
2061 5275 2207 5354 propter
2228 5264 2342 5335 otium

1356 5389 1497 5458 scopes
1514 5366 1756 5435 assentiuntur
1773 5365 1872 5434 salsis
1890 5364 2133 5457 opinionibus.

1461 5463 1600 5536 Omnes
1638 5460 1676 5534 bi
1713 5467 1930 5537 damnantur
1965 5462 2032 5536 hac
2066 5486 2152 5535 voce
2192 5458 2343 5535 Christi:

362 5314 471 5392 Inter
482 5309 575 5387 hoec
593 5319 764 5383 venerunt
780 5307 959 5409 discipali
972 5309 1067 5397 eius,
1091 5320 1156 5391 stc.
1188 5308 1305 5388 Item:

411 5414 587 5517 Reliquit
602 5408 782 5511 hydriam
795 5438 924 5496 snam,
951 5423 1013 5492 etc.

387 5572 560 5665 Singulae
571 5582 688 5660 partes
702 5564 810 5639 huius
834 5567 1048 5639 narrationis
1069 5562 1204 5639 habeut
1225 5590 1306 5639 suas
1355 5564 1463 5638 Meos
1487 5568 1587 5637 cibus
1610 5579 1681 5652 est,
1705 5580 1746 5638 ut
1769 5566 1895 5638 tactam
1917 5568 2136 5638 voluntatem
2161 5566 2255 5650 eius,
2281 5566 2344 5658 qui

322 5676 599 5765 significationes.
625 5668 722 5739 Haec
734 5669 863 5739 mulier
880 5670 1000 5740 audita
1016 5665 1305 5741 concioneChri-
1355 5670 1453 5738 misit
1468 5692 1535 5743 me.

321 5780 381 5865 sti,
400 5778 439 5851 tit
459 5776 591 5865 etipsa
610 5767 796 5859 Evangelii
816 5771 1077 5846 annunciatrix.
1128 5769 1181 5843 lta
1195 5772 1306 5839 mira-
1458 5768 1621 5841 Secunda
1637 5790 1718 5860 pars
1731 5768 1900 5862 colloquii
1916 5784 1966 5840 est
1981 5768 2200 5840 chatribns
2212 5782 2243 5839 ct
2255 5766 2342 5839 Pro·
2487 5852 2495 5861 ι

324 5880 503 5951 bilimodo
517 5873 779 5969 spargiturlnx
790 5867 991 5963 Evangelii.
1038 5870 1111 5945 Sed
1133 5872 1307 5969 relinquit
1354 5864 1491 5966 phetis,
1522 5883 1558 5944 et
1581 5872 1807 5945 collationem
1829 5872 1912 5945 lacit
1927 5870 2073 5943 Petrum
2094 5865 2344 5965 acPropheta·
