5825 6950
585 636 687 717 1275
1095 636 1104 645 ”
1176 628 1304 706 Pillh
1331 626 1449 721 MEL.
1475 623 1685 705 SCRIPTA
1710 616 2013 721 EXEGETI'CA.
2500 644 2576 719 1270
2618 607 2619 637 ³

586 808 870 891 conformitatem
892 831 974 879 cum
991 802 1088 893 Deo,
1113 804 1205 874 sicut
1225 804 1331 874 initio
1354 797 1464 873 homo
1490 826 1577 872 con·
1627 802 1714 875 tatio
1736 824 1796 873 sen
1822 801 2086 899 coniunctionis
2105 818 2139 878 et
2158 806 2368 887 concordiae
2381 818 2578 895 conservatio.

589 918 686 991 ditus
710 927 781 1000 est,
814 908 950 983 habens
981 930 1081 980 veras
1105 906 1255 977 noticias
1284 921 1318 977 et
1347 904 1577 977 conformita-
1626 902 1780 1011 Dileptio
1805 916 1859 975 est
1881 906 2063 987 vinculum
2086 912 2397 1002 coagmentationis
2422 908 2580 1004 Ecclesiae,

573 1033 660 1114 ¹tem
683 1019 723 1089 in
746 1016 927 1089 voluntate
949 1027 983 1087 et
1006 1012 1112 1084 corde
1135 1034 1217 1081 cunr
1241 1006 1329 1082 Deo.
1378 1004 1426 1078 Et
1444 1006 1577 1077 duleis·
1628 1007 1663 1075 id
1676 1002 1737 1093 est}
1748 1006 1862 1077 donec
1877 1008 2032 1080 retinent
2048 1012 2457 1101 doctoresdileetionem,
2471 1018 2582 1091 etiamsi

589 1122 678 1193 sime
692 1115 752 1191 hic
766 1118 913 1189 dicitnr:
939 1112 1150 1189 Renovetnr
1165 1135 1279 1183 novus
1292 1106 1399 1181 horno
1414 1110 1460 1179 ad
1474 1110 1578 1197 'agni-
1626 1109 1806 1181 interdum
1824 1110 1970 1194 accidit,
2001 1098 2155 1217 nt‘a‘liud
2173 1114 2278 1207 alteri
2291 1115 2465 1217 vidpatnr,
2491 1099 2583 1193 tamen

590 1224 747 1316 tionem,
789 1234 830 1293 nt
850 1220 1002 1291 sciamus
1024 1215 1064 1286 io
1090 1214 1249 1285 novitate
1275 1211 1420 1284 accendi
1448 1234 1579 1281 novam
1627 1208 1705 1281 nort
1722 1235 1803 1282 mox
1822 1210 2039 1283 dilaceratur
2053 1210 2234 1307 Ecclesia,
2261 1221 2321 1287 sed
2346 1219 2585 1319 doctitqlerant

588 1325 725 1406 lucem,
751 1336 787 1395 et
800 1322 943 1416 quidem
961 1309 1047 1391 vore
1062 1312 1261 1406 Evangelii.
1360 1342 1385 1394 '.
1628 1310 1898 1417 infirr'niorestpt
1921 1303 2225 1405 placide⁶itr¹ident
2247 1343 2391 1407 sanare,
2432 1334 2464 1391 et
2488 1298 2587 1395 iureis

692 1422 874 1497 Osiander
891 1423 960 1493 alia
982 1421 1155 1514 quaedam
1178 1418 1335 1510 disp'utat
1359 1417 1403 1487 de
1425 1413 1579 1505 imagine
1628 1414 1841 1485 infirmiores
1864 1440 1937 1484 non
1962 1418 2136 1507 gravatim
2151 1417 2304 1495 audiunt
2319 1425 2407 1494 alios
2429 1424 2588 1505 doctiores,

589 1527 673 1602 Dei:
702 1526 880 1599 nominari
896 1520 1079 1596 hominem
1095 1519 1284 1610 imaginem
1300 1515 1380 1609 Dei,
1393 1531 1577 1610 propterea
1627 1518 1719 1588 sie'nt
1743 1516 1895 1589 modesti
1920 1518 1985 1588 lilii
2011 1501 2117 1613 senii,
2135 1536 2320 1615 parentes,
2355 1526 2445 1595 sient
2465 1525 2588 1599 dicitur:

589 1631 682 1727 qnia
702 1630 797 1701 lilius
814 1627 922 1699 fuerit
944 1636 1164 1697 assumturus
1186 1618 1379 1692 humanam
1405 1632 1579 1690 naturam.
1622 1614 1788 1691 Ἀκέσται
1805 1612 1847 1690 δὲ
1867 1608 1998 1715 ppido
2015 1602 2176 1709 audior,
2195 1624 2231 1693 id
2247 1640 2318 1719 est,
2341 1626 2510 1697 sanabiles
2526 1640 2590 1699 sunt

556 1739 562 1747 '
588 1732 670 1805 Hor
695 1755 818 1803 verum
842 1742 913 1814 est,
937 1730 998 1798 sed
1022 1717 1416 1814 tamen‘comprehendi
1438 1718 1578 1825 periise
1603 1665 1740 1792 lantrat
1761 1708 1954 1823 honorum.
2252 1712 2258 1727 '
2288 1724 2301 1741 ⁸
2453 1712 2458 1723 '

591 1848 663 1915 est,
689 1832 874 1905 veritatem
891 1844 925 1902 et
940 1828 1138 1909 iusticiam,
1171 1846 1240 1920 qua
1255 1825 1432 1895 ellicimnr
1447 1822 1580 1893 similes

590 1936 684 2023 lilio,
710 1934 951 2007 sanctificante
965 1954 1032 2002 nos
1047 1926 1123 2001 Deo
1140 1941 1175 2000 et
1189 1928 1408 1999 assimilante
1424 1926 1511 2015 lilio.
1542 1928 1554 1945 ''
1630 1888 1758 1963 sm'w
1785 1882 1935 1963 mmm
1961 1886 2105 1963 ''aba“
2134 1892 2177 1965 ἡ*
2205 1890 2307 1967 νΰόἰς
2330 1892 2515 1994 mmm
2531 1918 2593 1968 ‘lm

1841 2033 1846 2043 ,
1904 1993 2009 2065 omni
2029 1994 2217 2094 sapientia
2243 2007 2306 2074 etc.
2388 2018 2422 2041 ¹·

709 2100 790 2179 Ubi
804 2126 866 2175 mc
880 2096 1047 2175 Graecus
1062 2106 1114 2170 Μ
1133 2121 1196 2169 '¹⁶⁶
1209 2092 1378 2169 hams
1396 2104 1461 2171 ²¹⁶·
1734 2126 1834 2201 Inter
1862 2130 2066 2223 praecipuas
2091 2116 2283 2211 sententias
2311 2118 2421 2204 hr'rins
2441 2130 2595 2225 Epistulae

694 2241 844 2333 Semper
863 2240 903 2309 in
920 2250 1109 2331 conspectu
1128 2236 1175 2305 sit
1199 2234 1361 2307 doctrina
1387 2234 1433 2303 de
1452 2230 1582 2305 distin·
1633 2224 1775 2303 ethanc
1797 2232 1998 2303 meminisse
2021 2250 2181 2327 oportet,
2216 2242 2368 2330 cumqu'e
2393 2238 2518 2309 multas
2536 2260 2595 2326 gra-

592 2346 710 2417 etione
741 2342 900 2414 iustitiae
922 2336 1111 2435 Evangelii
1139 2351 1173 2408 et
1197 2360 1316 2407 rernm
1343 2334 1582 2435 politicarum.
1633 2333 1794 2404 vissimas
1810 2335 2275 2425 admonitiones'cont'rneat,
2297 2339 2501 2430 praesertim
2519 2364 2594 2409 con·

592 2445 830 2538 Evangelinm
846 2466 922 2514 non
937 2442 1062 2513 condit
1076 2462 1187 2511 noras
1200 2438 1360 2531 politiae,
1392 2438 1481 2508 sicut
1505 2434 1583 2507 Lo-
1633 2437 1840 2507 mendantes
1861 2438 2044 2508 doctrinae
2065 2442 2221 2537 studium
2232 2441 2455 2533 ,diligenter
2471 2456 2501 2512 et
2516 2464 2595 2533 saepe

595 2545 737 2623 riothns
758 2547 871 2640 etalii
893 2543 997 2615 multi
1016 2544 1171 2632 tingunt:
1203 2542 1264 2611 sed
1286 2539 1517 2610 concionatur
1540 2540 1584 2608 de
1634 2540 1891 2611 consideranda
1918 2553 1980 2614 est.
2033 2537 2194 2612 Primum
2223 2540 2282 2617 hie
2304 2544 2391 2633 legis
2415 2540 2595 2613 mandatum

594 2649 814 2745 poenitentia
841 2646 1065 2736 singulorum
1090 2644 1277 2731 incorde,
1317 2644 1419 2712 etde
1441 2641 1585 2711 restitu-
1636 2640 1799 2711 divinum
1821 2653 1986 2727 esse,‚nt
2007 2644 2204 2715 doctrinam
2229 2642 2365 2719 Christi
2391 2661 2484 2714 recte
2508 2646 2598 2714 disca·

594 2756 694 2826 tione
712 2766 874 2822 aeternae
897 2748 1059 2818 iusticiae
1075 2758 1110 2815 et
1130 2746 1221 2814 vitae
1242 2744 1280 2812 in
1302 2743 1469 2833 singulis,
1495 2764 1584 2836 qnae
1636 2766 1733 2828 mus,
1759 2756 1795 2814 et
1809 2738 1985 2835 emphasis
2001 2759 2052 2815 est
2068 2744 2223 2837 insignis'
2242 2748 2378 2817 verbis:
2413 2745 2550 2816 Habitet
2571 2748 2598 2815 in

595 2855 772 2927 restitutio
794 2854 834 2923 lit
856 2853 934 2943 ipso
960 2850 1033 2918 lilio
1048 2844 1122 2919 ‘Dei
1144 2846 1343 2916 vivificante
1367 2844 1474 2918 corda
1500 2846 1586 2914 voc'e
1637 2846 1757 2930 vohis,
1783 2859 1815 2935 et
1832 2846 1975 2938 quidem
1991 2848 2190 2938 opulenter.
2243 2846 2600 2921 Familiarissimenoti

596 2954 805 3045 Evangelii,
839 2966 875 3023 et
902 2953 1008 3021 dante
1038 2948 1213 3041 Spiritum
1244 2962 1415 3021 sanetum.
1482 2944 1586 3017 Foris
1636 2960 1721 3017 sunt
1740 2948 1803 3039 qni
1821 2948 2004 3019 nobiseum
2023 2944 2197 3025 habitant.
2248 2950 2348 3025 Scias
2365 2951 2472 3021 etiam
2488 2975 2560 3018 vere
2573 2950 2600 3017 in

595 3072 713 3130 sutem
730 3057 817 3128 sinit
832 3076 899 3126 nos
916 3052 970 3123 uti
984 3054 1023 3122 in
1041 3051 1113 3121 vita
1128 3049 1304 3143 corporali
1322 3048 1470 3120 diversis
1493 3048 1586 3141 poli·
1636 3050 1700 3121 illo
1717 3062 1855 3139 pectore
1868 3047 1983 3121 Deum
2000 3052 2115 3142 ipsum
2134 3047 2293 3124 habitare
2305 3073 2322 3139 ,¹
2341 3054 2380 3121 iu
2398 3076 2470 3147 quo
2493 3053 2600 3142 cogita·

598 3161 678 3232 ticis
700 3158 854 3248 legibus,
880 3154 912 3227 si
927 3177 1001 3225 non
1017 3166 1175 3250 pugnent
1190 3176 1269 3221 cnm
1285 3150 1423 3241 legibus
1440 3146 1587 3222 natora'-
1636 3168 1698 3224 tur
1713 3152 1874 3223 doctrina
1891 3153 1935 3223 de
1951 3154 2183 3225 conversione
2197 3156 2241 3225 ad
2259 3156 2400 3242 Deum,
2434 3168 2467 3225 et
2484 3155 2519 3223 in
2535 3174 2600 3222 con·

588 3263 713 3345 libus,
737 3262 828 3330 sieut
852 3256 914 3328 alii
938 3257 1018 3326 aliis
1041 3257 1131 3325 cibis
1153 3266 1323 3337 utuntur,
1348 3267 1410 3324 ant
1425 3252 1587 3348 aliijaliis
1638 3254 1812 3323 solatione
1831 3269 1864 3326 et
1878 3255 2122 3343 invocatione,
2151 3257 2242 3328 sient
2266 3280 2427 3350 expresse
2450 3254 2601 3327 Dominus

599 3363 723 3456 spatiis
738 3363 890 3445 dierum,
943 3352 1259 3447 ldeohicinquit,
1281 3354 1587 3425 nonessediseri-
1638 3356 1774 3449 inquit:
1805 3354 1844 3426 Si
1865 3357 1944 3449 quis
1968 3358 2086 3447 diligit
2103 3382 2396 3450 me,sermonem
2419 3383 2531 3428 meum
2545 3378 2601 3426 ser·

597 3490 680 3538 men
707 3462 838 3536 Graeci
860 3475 895 3532 et
923 3458 1056 3532 ludaei.
1111 3454 1214 3528 Hanc
1243 3457 1458 3529 sententiam
1486 3468 1587 3548 saepe
1638 3458 1757 3543 vabit,
1798 3470 1833 3529 et
1856 3472 1955 3550 pater
1977 3483 2077 3530 meus
2098 3461 2221 3552 diliget
2244 3487 2344 3547 cnm,
2381 3466 2421 3533 'et
2444 3462 2602 3530 veniemus

591 3565 783 3660 repetivit,
822 3566 906 3658 qnia
933 3559 1226 3648 pseudoapostoli
1258 3560 1425 3630 volebant
1453 3555 1588 3630 Gentes
1637 3565 1801 3644 adeum,
1827 3574 1861 3633 et
1874 3561 2095 3632 mansionem
2112 3566 2204 3654 apud
2224 3589 2304 3634 eum
2321 3565 2514 3658 faciemus,

597 3673 642 3742 nd
662 3669 821 3761 politiam
841 3666 1021 3738 Iudaicam
1050 3663 1214 3752 alligare,
1240 3662 1329 3732 sient
1349 3674 1473 3731 nostro
1496 3673 1585 3730 tem·
1739 3659 1883 3733 Placent
1904 3655 2013 3752 i'gitur
2027 3661 2103 3734 Deo
2124 3666 2228 3735 lectio
2249 3681 2283 3738 et
2306 3657 2473 3758 cogitatio
2494 3661 2603 3734 doctri·

590 3795 685 3865 ⁸pore
704 3768 968 3841 Carolostadins
991 3780 1025 3836 et
1046 3764 1109 3834 alii
1130 3764 1298 3843 volebant
1322 3764 1439 3832 delere
1464 3774 1498 3831 et
1519 3762 1588 3831 tol·
1638 3787 1724 3844 nae,
1752 3779 1785 3835 et
1805 3788 1866 3856 per
1885 3775 1963 3834 earn
1980 3751 2075 3836 Deus
2092 3781 2143 3860 est
2164 3767 2289 3838 efficax
2305 3783 2338 3839 et
2355 3767 2492 3838 habitat
2507 3768 2541 3835 in
2554 3787 2605 3834 no·

589 3875 673 3961 ‚lere
700 3872 757 3944 ius
782 3867 1009 3956 Romanum,
1049 3881 1085 3937 et
1114 3888 1169 3936 res
1194 3867 1352 3938 iudicare
1377 3888 1418 3935 er
1447 3864 1588 3960 legibus
1638 3868 1705 3937 bis.
1758 3861 1872 3936 Addit
1895 3882 2032 3956 antem,
2065 3866 2156 3939 Cum
2180 3870 2299 3941 omnia
2321 3869 2506 3961 sapientia.
2551 3865 2604 3936 Le·

595 3973 706 4050 Mori.
1431 4013 1435 4022 ·
1640 3979 1729 4059 gunt
1751 3961 2007 4059 Prophetarum
2038 3983 2071 4040 et
2094 3965 2347 4063 Apostolorum
2377 3973 2492 4044 libros
2521 3971 2605 4038 etiam

701 4071 833 4148 Contra
863 4073 952 4145 tales
980 4094 1118 4143 errores
1159 4069 1358 4140 confirmati
1387 4069 1498 4138 simus
1531 4061 1589 4137 his
1641 4066 1809 4139 haeretiei
1834 4083 1868 4139 et
1892 4093 2016 4141 omnes
2047 4069 2348 4165 praestigiatores,
2384 4076 2447 4144 sed
2477 4074 2547 4142 sine
2565 4093 2607 4138 sa-

598 4176 704 4248 Panli
719 4177 840 4260 dietis,
855 4187 891 4245 et
906 4188 999 4245 reete
1011 4175 1260 4245 discernantur
1275 4169 1426 4251 iusticia,
1444 4183 1589 4262 propter
1642 4171 1775 4262 pientia
1802 4171 1942 4261 legunt,
1968 4173 2004 4241 id
2027 4187 2097 4258 est,
2122 4175 2236 4244 fontes
2262 4199 2336 4245 non
2361 4190 2456 4246 recte
2480 4175 2608 4256 discunt,

598 4301 706 4373 quam
720 4278 816 4348 lilius
833 4273 899 4348 Dei
915 4276 1044 4346 missus
1058 4289 1126 4360 est,
1152 4285 1186 4341 et
1203 4273 1291 4342 ordo
1308 4273 1483 4363 politicus.
1521 4268 1588 4342 Di·
1641 4273 1802 4366 quisunt
1821 4273 1961 4363 inipsis
1986 4275 2087 4345 libris
2112 4271 2326 4367 propheticis
2345 4292 2380 4349 et
2403 4273 2607 4369 apostolicis,

590 4381 648 4470 ,cit
665 4393 797 4472 autem,
812 4379 933 4449 omnia
952 4378 989 4447 in
1007 4377 1175 4446 omnibns
1190 4397 1264 4444 esse
1283 4369 1486 4457 Christum,
1510 4397 1589 4444 om·
1639 4371 1847 4465 utPapistae
1864 4398 1937 4444 non
1953 4375 2296 4467 discernuntLegem
2310 4392 2345 4450 et
2353 4375 2608 4450 Promissionen

590 4483 679 4566 nia,
718 4481 881 4552 videlieet
914 4479 1056 4572 propria
1085 4476 1171 4548 novi
1195 4471 1352 4545 hominis
1375 4471 1589 4545 sunr‘chri-
1640 4477 1791 4566 gratiae,
1824 4475 1938 4548 cultus
1962 4477 2135 4550 divinitus
2160 4483 2366 4566 mandatos,
2400 4495 2436 4551 et
2459 4475 2607 4571 supersti-

518 4673 527 4686 .
589 4597 694 4664 stus,
727 4583 875 4665 scilieet,
909 4606 980 4675 qno
1004 4582 1050 4652 ad
1076 4580 1242 4649 meritum
1271 4591 1399 4672 etque
1429 4578 1474 4644 ad
1504 4575 1589 4645 effe·
1641 4579 1756 4648 tiones
1784 4581 1829 4648 ab
1858 4572 2066 4650 hominihus
2095 4563 2328 4678 excogitatam
2375 4579 2608 4674 Anabaptistat

600 4686 775 4781 ctionem,
800 4708 862 4755 seu
886 4707 960 4779 quo
983 4683 1028 4753 ad
1048 4683 1196 4771 gratiam
1219 4692 1251 4749 et
1278 4704 1349 4772 qno
1375 4681 1417 4748 ad
1443 4680 1589 4748 donum.
1641 4681 1869 4750 contundunt
1894 4681 2092 4752 doctrinam
2117 4686 2160 4774 de
2177 4685 2314 4754 iusticia
2332 4697 2474 4756 aeterna
2495 4686 2529 4752 in
2545 4701 2606 4750 cor·

598 4782 746 4860 Chrisus
760 4787 873 4856 faetus
887 4799 939 4855 est
955 4783 1023 4854 tibi
1042 4783 1193 4866 iusticia,
1208 4797 1249 4853 ut
1267 4781 1430 4850 videlicet
1447 4793 1591 4871 propter
1641 4784 1685 4852 de
1712 4794 1746 4852 et
1768 4785 1812 4851 de
1836 4783 1906 4852 vita
1930 4783 2092 4874 politica,
2122 4785 2261 4876 fingunt
2286 4783 2519 4878 Evangelium
2540 4785 2605 4850 bar·

599 4913 681 4958 eum
699 4890 896 4979 imputetur
915 4885 1075 4970 iusticia,
1105 4883 1260 4956 etsimul
1280 4883 1414 4954 esttibi
1433 4881 1606 4950 vivifica-⁴
1641 4884 1777 4953 hariem
1804 4906 1896 4964 esse,
1943 4908 2032 4978 quae
2064 4889 2209 4958 damnet
2238 4889 2400 4960 ordinem
2432 4886 2606 4979 politicum.

601 5003 675 5075 tor,
702 4990 883 5059 vivificans
897 5011 960 5059 ror
977 5010 1064 5058 voce
1079 4983 1285 5076 Evangelii,
1312 5000 1346 5056 et
1369 4987 1459 5054 dans
1474 4981 1590 5076 Spiri·
1640 4983 1830 5055 Antinomi
1846 5009 1920 5054 non
1936 4988 2140 5060 discernunt
2158 5003 2297 5083 peccata
2309 5003 2433 5063 contra
2448 4983 2606 5059 conscien-

600 5106 677 5162 tum
700 5105 872 5176 sanctum.
1643 5087 1727 5157 tiam
1753 5088 1798 5156 ab
1819 5086 1899 5156 aliis
1925 5101 1989 5158 etc.

892 5271 895 5274 ,
1037 5257 1047 5276 .
1120 5255 1129 5276 .
1496 5251 1504 5271 .
1743 5184 1877 5260 Addita
1901 5202 1952 5259 est
1975 5189 2084 5278 igitur
2105 5185 2165 5264 hic
2186 5192 2400 5276 admonitio,
2427 5203 2467 5260 nt
2488 5187 2605 5278 sapien-

601 5255 721 5359 δίψη
738 5253 828 5332 '⁸⁰²⁶
849 5252 978 5330 'mm‘
1002 5253 1249 5343 ‘mmmmm’
1275 5277 1370 5354 ‘lm
1391 5264 1447 5326 ’ἰ
1467 5277 1592 5325 ‘'mu‘'
1643 5303 1698 5361 ter
1715 5291 1977 5360 consideremus
1998 5293 2161 5362 ordinem
2177 5293 2359 5366 doctrinae
2374 5310 2407 5366 st
2423 5287 2604 5362 discrimina

883 5357 962 5432 ’Μ’
982 5358 1220 5461 Pe'fi‘ums
1245 5368 1307 5428 ἠ·
1644 5392 1907 5476 membrorum,
1950 5393 2055 5466 sicuti
2076 5394 2164 5464 alibi
2187 5396 2285 5467 iubet
2307 5393 2502 5465 sermonem
2531 5387 2604 5458 divi·

700 5498 855 5572 Dilectio
882 5512 933 5570 est
962 5497 1146 5567 vinculum
1175 5493 1412 5586 perfeetionis.
1474 5487 1589 5560 Voce·
1644 5517 1731 5564 num
1757 5489 1996 5588 ὀρθοτομεῖν.
2061 5493 2322 5591 Et·Syracides
2343 5497 2461 5592 inquit
2484 5489 2603 5584 capia

600 5603 726 5673 bulum
750 5599 983 5672 Perlectionis
1011 5594 1069 5667 hic
1102 5620 1177 5667 non
1207 5595 1426 5684 intelligatur
1455 5593 1594 5683 privata
1646 5591 1749 5684 Quae
1769 5595 1948 5688 praecipit
1969 5595 2036 5666 tibi
2057 5592 2173 5680 Deus,
2197 5595 2283 5670 haee
2300 5601 2409 5690 cogita
2428 5603 2554 5676 sancte,
2575 5591 2602 5656 id

601 5703 771 5790 perfectio
804 5703 912 5772 nnius
943 5722 1114 5792 personae
1145 5720 1207 5768 seu
1250 5697 1402 5789 perlecta
1434 5694 1595 5786 impletio
1645 5708 1720 5779 est,
1745 5698 1860 5766 retine
1875 5697 2031 5767 nativam
2047 5703 2254 5770 sententiam
2275 5701 2371 5770 verbi
2387 5697 2471 5780 Dei,
2493 5689 2603 5764 necal·

602 5806 703 5896 legis:
731 5807 790 5875 sed
805 5803 1026 5894 intelligatur
1046 5800 1205 5896 eorporis
1218 5795 1397 5869 Ecclesiae
1410 5817 1596 5889 coagmen·
1647 5797 1774 5890 fingito
1803 5795 2006 5894 prophanas
2029 5800 2237 5896 opiniones,
2273 5803 2360 5873 sient
2386 5801 2544 5874 usitatum
2564 5801 2603 5859 etl
