<?xml version="1.0" encoding="UTF-8"?>
<!DOCTYPE html PUBLIC "-//W3C//DTD XHTML 1.0 Transitional//EN"
    "http://www.w3.org/TR/xhtml1/DTD/xhtml1-transitional.dtd">
<html xmlns="http://www.w3.org/1999/xhtml" xml:lang="en" lang="en">
 <head>
  <title>
</title>
<meta http-equiv="Content-Type" content="text/html;charset=utf-8" />
  <meta name='ocr-system' content='tesseract 3.04.00' />
  <meta name='ocr-capabilities' content='ocr_page ocr_carea ocr_par ocr_line ocrx_word'/>
</head>
<body>
  <div class='ocr_page' id='page_1' title='image "./philippimelanth08bindgoog_0378.png"; bbox 0 0 5825 6950; ppageno 0'>
   <div class='ocr_carea' id='block_1_1' title="bbox 354 605 2365 720">
    <p class='ocr_par' dir='ltr' id='par_1_1' title="bbox 354 605 2365 720">
     <span class='ocr_line' id='line_1_1' title="bbox 354 605 2365 720; baseline -0.002 -10"><span class='ocrx_word' id='word_1_1' title='bbox 354 640 407 712; x_wconf 86' lang='lat' dir='ltr'><strong>m</strong></span> <span class='ocrx_word' id='word_1_2' title='bbox 502 630 599 704; x_wconf 80' lang='grc' dir='ltr'>ιιι.</span> <span class='ocrx_word' id='word_1_3' title='bbox 650 633 686 702; x_wconf 82' lang='grc' dir='ltr'><strong>ι.</strong></span> <span class='ocrx_word' id='word_1_4' title='bbox 712 627 1079 720; x_wconf 80' lang='lat' dir='ltr'><strong>coavareurauu</strong></span> <span class='ocrx_word' id='word_1_5' title='bbox 1104 631 1153 704; x_wconf 85' lang='lat' dir='ltr'><strong>m</strong></span> <span class='ocrx_word' id='word_1_6' title='bbox 1179 623 1336 704; x_wconf 73' lang='lat' dir='ltr'><strong>aelst.</strong></span> <span class='ocrx_word' id='word_1_7' title='bbox 1362 611 1510 686; x_wconf 82' lang='lat' dir='ltr'><strong>raum</strong></span> <span class='ocrx_word' id='word_1_8' title='bbox 1538 606 1607 684; x_wconf 77' lang='grc' dir='ltr'><strong>ΑΙ)</strong></span> <span class='ocrx_word' id='word_1_9' title='bbox 1632 605 1899 686; x_wconf 73' lang='lat' dir='ltr'><strong>ROMANOS·</strong></span> <span class='ocrx_word' id='word_1_10' title='bbox 1951 613 2058 692; x_wconf 71' lang='lat' dir='ltr'><strong>cat.</strong></span> <span class='ocrx_word' id='word_1_11' title='bbox 2085 621 2184 696; x_wconf 81' lang='lat' dir='ltr'><strong>xlv.</strong></span> <span class='ocrx_word' id='word_1_12' title='bbox 2288 629 2365 708; x_wconf 84' lang='lat' dir='ltr'><strong>m</strong></span> 
     </span>
    </p>
   </div>
   <div class='ocr_carea' id='block_1_2' title="bbox 295 796 1316 1124">
    <p class='ocr_par' dir='ltr' id='par_1_2' title="bbox 295 796 1316 1124">
     <span class='ocr_line' id='line_1_2' title="bbox 295 796 1316 895; baseline -0.005 -16"><span class='ocrx_word' id='word_1_13' title='bbox 295 872 296 879; x_wconf 74' lang='grc'>,</span> <span class='ocrx_word' id='word_1_14' title='bbox 352 807 479 882; x_wconf 84' lang='lat' dir='ltr'><strong>etorurri.</strong></span> <span class='ocrx_word' id='word_1_15' title='bbox 508 799 560 874; x_wconf 88' lang='lat' dir='ltr'><strong>Ile</strong></span> <span class='ocrx_word' id='word_1_16' title='bbox 575 796 644 875; x_wconf 90' lang='lat' dir='ltr'><strong>hoc</strong></span> <span class='ocrx_word' id='word_1_17' title='bbox 657 825 789 893; x_wconf 80' lang='lat' dir='ltr'><strong>genere</strong></span> <span class='ocrx_word' id='word_1_18' title='bbox 800 803 953 876; x_wconf 87' lang='lat' dir='ltr'><strong>tenenda</strong></span> <span class='ocrx_word' id='word_1_19' title='bbox 969 816 1022 875; x_wconf 88' lang='lat' dir='ltr'><strong>est</strong></span> <span class='ocrx_word' id='word_1_20' title='bbox 1036 803 1174 895; x_wconf 83' lang='lat' dir='ltr'><strong>regula:</strong></span> <span class='ocrx_word' id='word_1_21' title='bbox 1191 797 1316 895; x_wconf 89' lang='lat' dir='ltr'><strong>Opor-</strong></span> 
     </span>
     <span class='ocr_line' id='line_1_3' title="bbox 351 901 1316 999; baseline -0.008 -17"><span class='ocrx_word' id='word_1_22' title='bbox 351 927 389 982; x_wconf 87' lang='lat' dir='ltr'><strong>tet</strong></span> <span class='ocrx_word' id='word_1_23' title='bbox 401 904 477 976; x_wconf 76' lang='lat' dir='ltr'><strong>Deo</strong></span> <span class='ocrx_word' id='word_1_24' title='bbox 498 906 606 994; x_wconf 89' lang='lat' dir='ltr'><strong>magis</strong></span> <span class='ocrx_word' id='word_1_25' title='bbox 622 908 785 989; x_wconf 86' lang='lat' dir='ltr'><strong>obedire,</strong></span> <span class='ocrx_word' id='word_1_26' title='bbox 799 927 905 999; x_wconf 86' lang='lat' dir='ltr'><strong>quam</strong></span> <span class='ocrx_word' id='word_1_27' title='bbox 925 901 1142 980; x_wconf 87' lang='lat' dir='ltr'><strong>hominibus.</strong></span> <span class='ocrx_word' id='word_1_28' title='bbox 1195 904 1316 994; x_wconf 86' lang='lat' dir='ltr'><strong>Quare</strong></span> 
     </span>
     <span class='ocr_line' id='line_1_4' title="bbox 349 1007 1198 1124; baseline -0.008 -41"><span class='ocrx_word' id='word_1_29' title='bbox 349 1015 420 1083; x_wconf 83' lang='lat' dir='ltr'><strong>tales</strong></span> <span class='ocrx_word' id='word_1_30' title='bbox 437 1009 640 1080; x_wconf 88' lang='lat' dir='ltr'><strong>traditiones</strong></span> <span class='ocrx_word' id='word_1_31' title='bbox 655 1009 846 1124; x_wconf 77' lang='lat' dir='ltr'><strong>autoritate</strong></span> <span class='ocrx_word' id='word_1_32' title='bbox 866 1008 990 1078; x_wconf 87' lang='lat' dir='ltr'><strong>divina</strong></span> <span class='ocrx_word' id='word_1_33' title='bbox 1004 1007 1198 1084; x_wconf 89' lang='lat' dir='ltr'><strong>violantur.</strong></span> 
     </span>
    </p>
   </div>
   <div class='ocr_carea' id='block_1_3' title="bbox 290 1144 1320 2646">
    <p class='ocr_par' dir='ltr' id='par_1_3' title="bbox 432 1144 1316 1238">
     <span class='ocr_line' id='line_1_5' title="bbox 432 1144 1316 1238; baseline -0.001 -25"><span class='ocrx_word' id='word_1_34' title='bbox 432 1144 593 1214; x_wconf 73' lang='lat' dir='ltr'><strong>Alterum</strong></span> <span class='ocrx_word' id='word_1_35' title='bbox 618 1165 729 1234; x_wconf 89' lang='lat' dir='ltr'><strong>genus</strong></span> <span class='ocrx_word' id='word_1_36' title='bbox 754 1157 807 1215; x_wconf 86' lang='lat' dir='ltr'><strong>est</strong></span> <span class='ocrx_word' id='word_1_37' title='bbox 833 1144 1085 1229; x_wconf 77' lang='lat' dir='ltr'><strong>traditionum,</strong></span> <span class='ocrx_word' id='word_1_38' title='bbox 1117 1167 1210 1238; x_wconf 87' lang='lat' dir='ltr'><strong>qnae</strong></span> <span class='ocrx_word' id='word_1_39' title='bbox 1229 1167 1316 1214; x_wconf 89' lang='lat' dir='ltr'><strong>con·</strong></span> 
     </span>
    </p>

    <p class='ocr_par' dir='ltr' id='par_1_4' title="bbox 349 1246 1317 1341">
     <span class='ocr_line' id='line_1_6' title="bbox 349 1246 1317 1341; baseline -0.004 -23"><span class='ocrx_word' id='word_1_40' title='bbox 349 1249 482 1318; x_wconf 84' lang='lat' dir='ltr'><strong>stltuunt</strong></span> <span class='ocrx_word' id='word_1_41' title='bbox 504 1248 553 1314; x_wconf 91' lang='lat' dir='ltr'><strong>de·</strong></span> <span class='ocrx_word' id='word_1_42' title='bbox 566 1247 718 1332; x_wconf 90' lang='lat' dir='ltr'><strong>talibus,</strong></span> <span class='ocrx_word' id='word_1_43' title='bbox 753 1269 844 1341; x_wconf 85' lang='lat' dir='ltr'><strong>quae</strong></span> <span class='ocrx_word' id='word_1_44' title='bbox 878 1267 939 1318; x_wconf 84' lang='lat' dir='ltr'><strong>sus</strong></span> <span class='ocrx_word' id='word_1_45' title='bbox 959 1259 1086 1318; x_wconf 89' lang='lat' dir='ltr'><strong>natura</strong></span> <span class='ocrx_word' id='word_1_46' title='bbox 1106 1259 1192 1317; x_wconf 73' lang='lat' dir='ltr'><strong>stant</strong></span> <span class='ocrx_word' id='word_1_47' title='bbox 1219 1246 1317 1315; x_wconf 84' lang='lat' dir='ltr'><strong>adia-</strong></span> 
     </span>
    </p>

    <p class='ocr_par' dir='ltr' id='par_1_5' title="bbox 293 1343 1318 1442">
     <span class='ocr_line' id='line_1_7' title="bbox 293 1343 1318 1442; baseline -0.003 -23"><span class='ocrx_word' id='word_1_48' title='bbox 293 1386 294 1419; x_wconf 81' lang='lat'>1</span> <span class='ocrx_word' id='word_1_49' title='bbox 347 1347 459 1442; x_wconf 84' lang='lat' dir='ltr'><strong>phora,</strong></span> <span class='ocrx_word' id='word_1_50' title='bbox 484 1361 525 1418; x_wconf 90' lang='lat' dir='ltr'><strong>ut</strong></span> <span class='ocrx_word' id='word_1_51' title='bbox 546 1350 591 1416; x_wconf 87' lang='lat' dir='ltr'><strong>de</strong></span> <span class='ocrx_word' id='word_1_52' title='bbox 613 1349 730 1436; x_wconf 87' lang='lat' dir='ltr'><strong>feriis,</strong></span> <span class='ocrx_word' id='word_1_53' title='bbox 760 1349 909 1433; x_wconf 89' lang='lat' dir='ltr'><strong>vestitu,</strong></span> <span class='ocrx_word' id='word_1_54' title='bbox 936 1350 1036 1423; x_wconf 86' lang='lat' dir='ltr'><strong>cibis.</strong></span> <span class='ocrx_word' id='word_1_55' title='bbox 1089 1347 1129 1417; x_wconf 90' lang='lat' dir='ltr'><strong>ln</strong></span> <span class='ocrx_word' id='word_1_56' title='bbox 1154 1343 1210 1417; x_wconf 90' lang='lat' dir='ltr'><strong>his</strong></span> <span class='ocrx_word' id='word_1_57' title='bbox 1230 1371 1318 1418; x_wconf 86' lang='lat' dir='ltr'><strong>enn-</strong></span> 
     </span>
    </p>

    <p class='ocr_par' dir='ltr' id='par_1_6' title="bbox 348 1449 1317 1543">
     <span class='ocr_line' id='line_1_8' title="bbox 348 1449 1317 1543; baseline 0.001 -24"><span class='ocrx_word' id='word_1_58' title='bbox 348 1451 508 1520; x_wconf 86' lang='lat' dir='ltr'><strong>siderandi</strong></span> <span class='ocrx_word' id='word_1_59' title='bbox 526 1462 609 1520; x_wconf 87' lang='lat' dir='ltr'><strong>sunt</strong></span> <span class='ocrx_word' id='word_1_60' title='bbox 623 1451 723 1525; x_wconf 86' lang='lat' dir='ltr'><strong>fines.</strong></span> <span class='ocrx_word' id='word_1_61' title='bbox 774 1449 815 1522; x_wconf 86' lang='lat' dir='ltr'><strong>Si</strong></span> <span class='ocrx_word' id='word_1_62' title='bbox 839 1451 922 1521; x_wconf 83' lang='lat' dir='ltr'><strong>finis</strong></span> <span class='ocrx_word' id='word_1_63' title='bbox 945 1465 997 1522; x_wconf 89' lang='lat' dir='ltr'><strong>est</strong></span> <span class='ocrx_word' id='word_1_64' title='bbox 1022 1451 1209 1543; x_wconf 89' lang='lat' dir='ltr'><strong>politicus,</strong></span> <span class='ocrx_word' id='word_1_65' title='bbox 1233 1463 1317 1520; x_wconf 80' lang='lat' dir='ltr'><strong>stant</strong></span> 
     </span>
    </p>

    <p class='ocr_par' dir='ltr' id='par_1_7' title="bbox 291 1544 1318 1664">
     <span class='ocr_line' id='line_1_9' title="bbox 291 1544 1318 1664; baseline -0.002 -42"><span class='ocrx_word' id='word_1_66' title='bbox 291 1544 297 1664; x_wconf 64' lang='grc' dir='ltr'><strong>ι</strong></span> <span class='ocrx_word' id='word_1_67' title='bbox 348 1555 445 1622; x_wconf 83' lang='lat' dir='ltr'><strong>licitae</strong></span> <span class='ocrx_word' id='word_1_68' title='bbox 459 1551 681 1624; x_wconf 71' lang='lat' dir='ltr'><strong>traditiones.</strong></span> <span class='ocrx_word' id='word_1_69' title='bbox 733 1546 780 1622; x_wconf 91' lang='lat' dir='ltr'><strong>Ut</strong></span> <span class='ocrx_word' id='word_1_70' title='bbox 796 1577 877 1624; x_wconf 88' lang='lat' dir='ltr'><strong>cum</strong></span> <span class='ocrx_word' id='word_1_71' title='bbox 893 1553 1001 1624; x_wconf 87' lang='lat' dir='ltr'><strong>leriae</strong></span> <span class='ocrx_word' id='word_1_72' title='bbox 1016 1562 1231 1638; x_wconf 82' lang='lat' dir='ltr'><strong>servantur,¹</strong></span> <span class='ocrx_word' id='word_1_73' title='bbox 1242 1575 1318 1621; x_wconf 91' lang='lat' dir='ltr'><strong>non</strong></span> 
     </span>
    </p>

    <p class='ocr_par' dir='ltr' id='par_1_8' title="bbox 291 1654 1318 1746">
     <span class='ocr_line' id='line_1_10' title="bbox 291 1654 1318 1746; baseline 0 -22"><span class='ocrx_word' id='word_1_74' title='bbox 291 1681 296 1705; x_wconf 89' lang='lat'><em>·</em></span> <span class='ocrx_word' id='word_1_75' title='bbox 346 1656 423 1746; x_wconf 86' lang='lat' dir='ltr'><strong>quod</strong></span> <span class='ocrx_word' id='word_1_76' title='bbox 439 1675 527 1742; x_wconf 86' lang='lat' dir='ltr'><strong>opus</strong></span> <span class='ocrx_word' id='word_1_77' title='bbox 551 1654 642 1724; x_wconf 91' lang='lat' dir='ltr'><strong>illud</strong></span> <span class='ocrx_word' id='word_1_78' title='bbox 666 1657 712 1727; x_wconf 93' lang='lat' dir='ltr'><strong>sit</strong></span> <span class='ocrx_word' id='word_1_79' title='bbox 727 1655 864 1736; x_wconf 89' lang='lat' dir='ltr'><strong>cultus,</strong></span> <span class='ocrx_word' id='word_1_80' title='bbox 890 1657 951 1726; x_wconf 89' lang='lat' dir='ltr'><strong>sed</strong></span> <span class='ocrx_word' id='word_1_81' title='bbox 975 1655 1113 1725; x_wconf 81' lang='lat' dir='ltr'><strong>ordinis</strong></span> <span class='ocrx_word' id='word_1_82' title='bbox 1134 1677 1256 1739; x_wconf 88' lang='lat' dir='ltr'><strong>causa,</strong></span> <span class='ocrx_word' id='word_1_83' title='bbox 1278 1668 1318 1724; x_wconf 90' lang='lat' dir='ltr'><strong>ut</strong></span> 
     </span>
    </p>

    <p class='ocr_par' dir='ltr' id='par_1_9' title="bbox 291 1756 1315 1850">
     <span class='ocr_line' id='line_1_11' title="bbox 291 1756 1315 1850; baseline 0.007 -33"><span class='ocrx_word' id='word_1_84' title='bbox 291 1804 296 1817; x_wconf 94' lang='lat'><strong>.</strong></span> <span class='ocrx_word' id='word_1_85' title='bbox 346 1756 478 1848; x_wconf 80' lang='lat' dir='ltr'><strong>populus</strong></span> <span class='ocrx_word' id='word_1_86' title='bbox 495 1756 583 1825; x_wconf 89' lang='lat' dir='ltr'><strong>sciat</strong></span> <span class='ocrx_word' id='word_1_87' title='bbox 600 1781 671 1850; x_wconf 89' lang='lat' dir='ltr'><strong>qun</strong></span> <span class='ocrx_word' id='word_1_88' title='bbox 696 1770 857 1848; x_wconf 90' lang='lat' dir='ltr'><strong>tempore</strong></span> <span class='ocrx_word' id='word_1_89' title='bbox 880 1757 1167 1828; x_wconf 89' lang='lat' dir='ltr'><strong>conveniendum</strong></span> <span class='ocrx_word' id='word_1_90' title='bbox 1195 1769 1247 1828; x_wconf 91' lang='lat' dir='ltr'><strong>est</strong></span> <span class='ocrx_word' id='word_1_91' title='bbox 1272 1757 1315 1825; x_wconf 90' lang='lat' dir='ltr'><strong>ad</strong></span> 
     </span>
    </p>

    <p class='ocr_par' dir='ltr' id='par_1_10' title="bbox 291 1842 1317 1955">
     <span class='ocr_line' id='line_1_12' title="bbox 291 1842 1317 1954; baseline 0.002 -28"><span class='ocrx_word' id='word_1_92' title='bbox 291 1842 297 1931; x_wconf 89' lang='lat' dir='ltr'><strong>l</strong></span> <span class='ocrx_word' id='word_1_93' title='bbox 345 1857 544 1928; x_wconf 86' lang='lat' dir='ltr'><strong>audiendum</strong></span> <span class='ocrx_word' id='word_1_94' title='bbox 569 1853 824 1949; x_wconf 82' lang='lat' dir='ltr'><strong>Evangelium,</strong></span> <span class='ocrx_word' id='word_1_95' title='bbox 863 1874 897 1931; x_wconf 91' lang='lat' dir='ltr'><strong>et</strong></span> <span class='ocrx_word' id='word_1_96' title='bbox 921 1861 965 1954; x_wconf 81' lang='lat' dir='ltr'><strong>ad</strong></span> <span class='ocrx_word' id='word_1_97' title='bbox 989 1883 1134 1930; x_wconf 90' lang='lat' dir='ltr'><strong>coenam</strong></span> <span class='ocrx_word' id='word_1_98' title='bbox 1159 1857 1317 1929; x_wconf 86' lang='lat' dir='ltr'><strong>Domini.</strong></span> 
     </span>
    </p>

    <p class='ocr_par' dir='ltr' id='par_1_11' title="bbox 345 1955 1318 2051">
     <span class='ocr_line' id='line_1_13' title="bbox 345 1955 1318 2051; baseline -0.001 -23"><span class='ocrx_word' id='word_1_99' title='bbox 345 1958 420 2046; x_wconf 85' lang='lat' dir='ltr'><strong>Quia</strong></span> <span class='ocrx_word' id='word_1_100' title='bbox 444 1959 542 2027; x_wconf 87' lang='lat' dir='ltr'><strong>enim</strong></span> <span class='ocrx_word' id='word_1_101' title='bbox 574 1955 684 2031; x_wconf 91' lang='lat' dir='ltr'><strong>homo</strong></span> <span class='ocrx_word' id='word_1_102' title='bbox 715 1961 927 2033; x_wconf 88' lang='lat' dir='ltr'><strong>naturaliter</strong></span> <span class='ocrx_word' id='word_1_103' title='bbox 953 1961 1121 2051; x_wconf 79' lang='lat' dir='ltr'><strong>inteiligit</strong></span> <span class='ocrx_word' id='word_1_104' title='bbox 1144 1962 1318 2042; x_wconf 88' lang='lat' dir='ltr'><strong>ordinem,</strong></span> 
     </span>
    </p>

    <p class='ocr_par' dir='ltr' id='par_1_12' title="bbox 344 2060 1318 2148">
     <span class='ocr_line' id='line_1_14' title="bbox 344 2060 1318 2148; baseline 0.001 -18"><span class='ocrx_word' id='word_1_105' title='bbox 344 2075 369 2130; x_wconf 86' lang='grc' dir='ltr'><strong>ιι</strong></span> <span class='ocrx_word' id='word_1_106' title='bbox 392 2060 514 2130; x_wconf 89' lang='lat' dir='ltr'><strong>ordine</strong></span> <span class='ocrx_word' id='word_1_107' title='bbox 547 2063 654 2132; x_wconf 88' lang='lat' dir='ltr'><strong>debet</strong></span> <span class='ocrx_word' id='word_1_108' title='bbox 674 2060 831 2135; x_wconf 88' lang='lat' dir='ltr'><strong>actiones</strong></span> <span class='ocrx_word' id='word_1_109' title='bbox 854 2069 942 2134; x_wconf 87' lang='lat' dir='ltr'><strong>&#39;suas</strong></span> <span class='ocrx_word' id='word_1_110' title='bbox 972 2065 1204 2148; x_wconf 87' lang='lat' dir='ltr'><strong>distribuere,</strong></span> <span class='ocrx_word' id='word_1_111' title='bbox 1237 2064 1318 2131; x_wconf 89' lang='lat' dir='ltr'><strong>ideo</strong></span> 
     </span>
    </p>

    <p class='ocr_par' dir='ltr' id='par_1_13' title="bbox 291 2159 1320 2259">
     <span class='ocr_line' id='line_1_15' title="bbox 291 2159 1320 2259; baseline 0.001 -28"><span class='ocrx_word' id='word_1_112' title='bbox 291 2216 296 2243; x_wconf 85' lang='lat'><strong>,</strong></span> <span class='ocrx_word' id='word_1_113' title='bbox 344 2163 428 2259; x_wconf 80' lang='lat' dir='ltr'><strong>etiam</strong></span> <span class='ocrx_word' id='word_1_114' title='bbox 463 2163 625 2236; x_wconf 89' lang='lat' dir='ltr'><strong>actiones</strong></span> <span class='ocrx_word' id='word_1_115' title='bbox 648 2164 902 2248; x_wconf 77' lang='lat' dir='ltr'><strong>ecclesiasticae</strong></span> <span class='ocrx_word' id='word_1_116' title='bbox 929 2189 1033 2236; x_wconf 90' lang='lat' dir='ltr'><strong>suum</strong></span> <span class='ocrx_word' id='word_1_117' title='bbox 1066 2167 1230 2236; x_wconf 81' lang='lat' dir='ltr'><strong>ordinem</strong></span> <span class='ocrx_word' id='word_1_118' title='bbox 1255 2159 1320 2234; x_wconf 89' lang='lat' dir='ltr'><strong>ha-</strong></span> 
     </span>
    </p>

    <p class='ocr_par' dir='ltr' id='par_1_14' title="bbox 345 2265 1320 2359">
     <span class='ocr_line' id='line_1_16' title="bbox 345 2265 1320 2359; baseline 0 -25"><span class='ocrx_word' id='word_1_119' title='bbox 345 2267 412 2334; x_wconf 87' lang='lat' dir='ltr'><strong>bere</strong></span> <span class='ocrx_word' id='word_1_120' title='bbox 427 2265 585 2351; x_wconf 91' lang='lat' dir='ltr'><strong>debent,</strong></span> <span class='ocrx_word' id='word_1_121' title='bbox 612 2290 676 2337; x_wconf 89' lang='lat' dir='ltr'><strong>nec</strong></span> <span class='ocrx_word' id='word_1_122' title='bbox 691 2282 806 2359; x_wconf 91' lang='lat' dir='ltr'><strong>potest</strong></span> <span class='ocrx_word' id='word_1_123' title='bbox 823 2267 894 2337; x_wconf 91' lang='lat' dir='ltr'><strong>vita</strong></span> <span class='ocrx_word' id='word_1_124' title='bbox 912 2268 1043 2338; x_wconf 90' lang='lat' dir='ltr'><strong>talibus</strong></span> <span class='ocrx_word' id='word_1_125' title='bbox 1059 2269 1187 2336; x_wconf 83' lang='lat' dir='ltr'><strong>ritibus</strong></span> <span class='ocrx_word' id='word_1_126' title='bbox 1201 2291 1320 2336; x_wconf 90' lang='lat' dir='ltr'><strong>carere</strong></span> 
     </span>
    </p>

    <p class='ocr_par' dir='ltr' id='par_1_15' title="bbox 291 2363 1320 2467">
     <span class='ocr_line' id='line_1_17' title="bbox 291 2363 1320 2467; baseline 0.004 -31"><span class='ocrx_word' id='word_1_127' title='bbox 291 2458 294 2467; x_wconf 33' lang='grc' dir='ltr'>Ι</span> <span class='ocrx_word' id='word_1_128' title='bbox 344 2381 369 2436; x_wconf 89' lang='grc' dir='ltr'><strong>ιι</strong></span> <span class='ocrx_word' id='word_1_129' title='bbox 392 2367 701 2453; x_wconf 68' lang='lat' dir='ltr'><strong>ordinationibus,</strong></span> <span class='ocrx_word' id='word_1_130' title='bbox 726 2393 817 2463; x_wconf 87' lang='lat' dir='ltr'><strong>quae</strong></span> <span class='ocrx_word' id='word_1_131' title='bbox 839 2372 1042 2440; x_wconf 89' lang='lat' dir='ltr'><strong>conducunt</strong></span> <span class='ocrx_word' id='word_1_132' title='bbox 1070 2373 1113 2440; x_wconf 88' lang='lat' dir='ltr'><strong>ad</strong></span> <span class='ocrx_word' id='word_1_133' title='bbox 1134 2363 1320 2450; x_wconf 79' lang='grc' dir='ltr'><strong><em>εὐταξίαν.</em></strong></span> 
     </span>
    </p>

    <p class='ocr_par' dir='ltr' id='par_1_16' title="bbox 290 2466 1319 2646">
     <span class='ocr_line' id='line_1_18' title="bbox 290 2466 1319 2562; baseline 0.003 -25"><span class='ocrx_word' id='word_1_134' title='bbox 290 2510 294 2537; x_wconf 67' lang='grc' dir='ltr'><strong>ι</strong></span> <span class='ocrx_word' id='word_1_135' title='bbox 345 2467 460 2538; x_wconf 87' lang='lat' dir='ltr'><strong>ldeoet</strong></span> <span class='ocrx_word' id='word_1_136' title='bbox 484 2466 623 2540; x_wconf 83' lang='lat' dir='ltr'><strong>Paulus</strong></span> <span class='ocrx_word' id='word_1_137' title='bbox 648 2472 835 2562; x_wconf 76' lang='lat' dir='ltr'><strong>praecipit:</strong></span> <span class='ocrx_word' id='word_1_138' title='bbox 863 2469 912 2543; x_wconf 91' lang='lat' dir='ltr'><strong>Ut</strong></span> <span class='ocrx_word' id='word_1_139' title='bbox 933 2473 1053 2544; x_wconf 80' lang='lat' dir='ltr'><strong>ouvuia</strong></span> <span class='ocrx_word' id='word_1_140' title='bbox 1078 2471 1166 2544; x_wconf 79' lang='lat' dir='ltr'><strong>haist</strong></span> <span class='ocrx_word' id='word_1_141' title='bbox 1188 2472 1227 2540; x_wconf 88' lang='lat' dir='ltr'><strong>iu</strong></span> <span class='ocrx_word' id='word_1_142' title='bbox 1249 2467 1319 2540; x_wconf 84' lang='lat' dir='ltr'><strong>Ec·</strong></span> 
     </span>
     <span class='ocr_line' id='line_1_19' title="bbox 345 2570 940 2646; baseline 0.008 -8"><span class='ocrx_word' id='word_1_143' title='bbox 345 2570 429 2640; x_wconf 84' lang='lat' dir='ltr'><strong>clesia</strong></span> <span class='ocrx_word' id='word_1_144' title='bbox 446 2571 620 2642; x_wconf 84' lang='lat' dir='ltr'><strong>decenter</strong></span> <span class='ocrx_word' id='word_1_145' title='bbox 639 2586 673 2643; x_wconf 91' lang='lat' dir='ltr'><strong>et</strong></span> <span class='ocrx_word' id='word_1_146' title='bbox 691 2575 787 2646; x_wconf 89' lang='lat' dir='ltr'><strong>bono</strong></span> <span class='ocrx_word' id='word_1_147' title='bbox 802 2573 940 2645; x_wconf 86' lang='lat' dir='ltr'><strong>ordine.</strong></span> 
     </span>
    </p>
   </div>
   <div class='ocr_carea' id='block_1_4' title="bbox 282 2686 1321 3481">
    <p class='ocr_par' dir='ltr' id='par_1_17' title="bbox 287 2686 1321 3390">
     <span class='ocr_line' id='line_1_20' title="bbox 425 2686 1320 2780; baseline 0.001 -21"><span class='ocrx_word' id='word_1_148' title='bbox 425 2686 597 2760; x_wconf 86' lang='lat' dir='ltr'><strong>Tertium</strong></span> <span class='ocrx_word' id='word_1_149' title='bbox 612 2713 724 2780; x_wconf 85' lang='lat' dir='ltr'><strong>genus</strong></span> <span class='ocrx_word' id='word_1_150' title='bbox 739 2705 790 2762; x_wconf 90' lang='lat' dir='ltr'><strong>est</strong></span> <span class='ocrx_word' id='word_1_151' title='bbox 806 2692 1052 2777; x_wconf 71' lang='lat' dir='ltr'><strong>traditionum,</strong></span> <span class='ocrx_word' id='word_1_152' title='bbox 1065 2715 1146 2761; x_wconf 90' lang='lat' dir='ltr'><strong>cnm</strong></span> <span class='ocrx_word' id='word_1_153' title='bbox 1160 2691 1203 2760; x_wconf 91' lang='lat' dir='ltr'><strong>ad</strong></span> <span class='ocrx_word' id='word_1_154' title='bbox 1221 2691 1320 2760; x_wconf 87' lang='lat' dir='ltr'><strong>adia·</strong></span> 
     </span>
     <span class='ocr_line' id='line_1_21' title="bbox 287 2785 1321 2884; baseline 0.002 -25"><span class='ocrx_word' id='word_1_155' title='bbox 287 2816 288 2821; x_wconf 46' lang='lat'>¹</span> <span class='ocrx_word' id='word_1_156' title='bbox 343 2785 433 2880; x_wconf 85' lang='lat' dir='ltr'><strong>phora</strong></span> <span class='ocrx_word' id='word_1_157' title='bbox 447 2793 591 2862; x_wconf 85' lang='lat' dir='ltr'><strong>aceedit</strong></span> <span class='ocrx_word' id='word_1_158' title='bbox 613 2794 737 2884; x_wconf 89' lang='lat' dir='ltr'><strong>opinio</strong></span> <span class='ocrx_word' id='word_1_159' title='bbox 760 2795 896 2879; x_wconf 91' lang='lat' dir='ltr'><strong>cultus,</strong></span> <span class='ocrx_word' id='word_1_160' title='bbox 922 2794 1061 2884; x_wconf 86' lang='lat' dir='ltr'><strong>meriti,</strong></span> <span class='ocrx_word' id='word_1_161' title='bbox 1088 2807 1147 2864; x_wconf 91' lang='lat' dir='ltr'><strong>aut</strong></span> <span class='ocrx_word' id='word_1_162' title='bbox 1169 2794 1321 2862; x_wconf 86' lang='lat' dir='ltr'><strong>necessi-</strong></span> 
     </span>
     <span class='ocr_line' id='line_1_22' title="bbox 344 2892 1320 2966; baseline 0.003 -6"><span class='ocrx_word' id='word_1_163' title='bbox 344 2894 417 2962; x_wconf 83' lang='lat' dir='ltr'><strong>tatis.</strong></span> <span class='ocrx_word' id='word_1_164' title='bbox 490 2892 607 2964; x_wconf 87' lang='lat' dir='ltr'><strong>Tales</strong></span> <span class='ocrx_word' id='word_1_165' title='bbox 650 2897 859 2966; x_wconf 69' lang='lat' dir='ltr'><strong>traditiones</strong></span> <span class='ocrx_word' id='word_1_166' title='bbox 895 2897 1089 2966; x_wconf 87' lang='lat' dir='ltr'><strong>obscurant</strong></span> <span class='ocrx_word' id='word_1_167' title='bbox 1121 2896 1320 2966; x_wconf 88' lang='lat' dir='ltr'><strong>doctrinam</strong></span> 
     </span>
     <span class='ocr_line' id='line_1_23' title="bbox 345 2987 1321 3098; baseline 0.004 -36"><span class='ocrx_word' id='word_1_168' title='bbox 345 2993 534 3084; x_wconf 78' lang='lat' dir='ltr'><strong>Evangelii,</strong></span> <span class='ocrx_word' id='word_1_169' title='bbox 565 3010 599 3067; x_wconf 91' lang='lat' dir='ltr'><strong>et</strong></span> <span class='ocrx_word' id='word_1_170' title='bbox 621 2997 747 3094; x_wconf 92' lang='lat' dir='ltr'><strong>opinio</strong></span> <span class='ocrx_word' id='word_1_171' title='bbox 761 2987 930 3068; x_wconf 78' lang='lat' dir='ltr'><strong>accedens</strong></span> <span class='ocrx_word' id='word_1_172' title='bbox 945 2998 1030 3069; x_wconf 87' lang='lat' dir='ltr'><strong>facit</strong></span> <span class='ocrx_word' id='word_1_173' title='bbox 1048 3021 1089 3068; x_wconf 86' lang='lat' dir='ltr'><strong>ex</strong></span> <span class='ocrx_word' id='word_1_174' title='bbox 1114 2991 1321 3098; x_wconf 79' lang='lat' dir='ltr'><strong>adiaphoris</strong></span> 
     </span>
     <span class='ocr_line' id='line_1_24' title="bbox 346 3097 1320 3187; baseline 0.007 -26"><span class='ocrx_word' id='word_1_175' title='bbox 346 3099 452 3187; x_wconf 86' lang='lat' dir='ltr'><strong>inpias</strong></span> <span class='ocrx_word' id='word_1_176' title='bbox 474 3098 699 3170; x_wconf 87' lang='lat' dir='ltr'><strong>traditiones.</strong></span> <span class='ocrx_word' id='word_1_177' title='bbox 750 3097 836 3170; x_wconf 91' lang='lat' dir='ltr'><strong>lden</strong></span> <span class='ocrx_word' id='word_1_178' title='bbox 862 3115 954 3172; x_wconf 88' lang='lat' dir='ltr'><strong>recte</strong></span> <span class='ocrx_word' id='word_1_179' title='bbox 978 3101 1159 3170; x_wconf 82' lang='lat' dir='ltr'><strong>violantur</strong></span> <span class='ocrx_word' id='word_1_180' title='bbox 1180 3115 1214 3169; x_wconf 95' lang='lat' dir='ltr'><strong>et</strong></span> <span class='ocrx_word' id='word_1_181' title='bbox 1234 3102 1320 3170; x_wconf 86' lang='lat' dir='ltr'><strong>abo·</strong></span> 
     </span>
     <span class='ocr_line' id='line_1_25' title="bbox 348 3199 1321 3295; baseline 0.007 -32"><span class='ocrx_word' id='word_1_182' title='bbox 348 3199 467 3288; x_wconf 79' lang='lat' dir='ltr'><strong>lentur,</strong></span> <span class='ocrx_word' id='word_1_183' title='bbox 492 3214 535 3269; x_wconf 93' lang='lat' dir='ltr'><strong>ut</strong></span> <span class='ocrx_word' id='word_1_184' title='bbox 561 3200 622 3268; x_wconf 87' lang='lat' dir='ltr'><strong>illa</strong></span> <span class='ocrx_word' id='word_1_185' title='bbox 650 3201 775 3294; x_wconf 92' lang='lat' dir='ltr'><strong>opinio</strong></span> <span class='ocrx_word' id='word_1_186' title='bbox 798 3202 886 3273; x_wconf 83' lang='lat' dir='ltr'><strong>salsa</strong></span> <span class='ocrx_word' id='word_1_187' title='bbox 909 3202 1127 3290; x_wconf 82' lang='lat' dir='ltr'><strong>corrigatur,</strong></span> <span class='ocrx_word' id='word_1_188' title='bbox 1149 3201 1233 3295; x_wconf 88' lang='lat' dir='ltr'><strong>quia</strong></span> <span class='ocrx_word' id='word_1_189' title='bbox 1258 3225 1321 3270; x_wconf 89' lang='lat' dir='ltr'><strong>ne-</strong></span> 
     </span>
     <span class='ocr_line' id='line_1_26' title="bbox 346 3303 1321 3390; baseline 0.006 -26"><span class='ocrx_word' id='word_1_190' title='bbox 346 3323 418 3370; x_wconf 84' lang='lat' dir='ltr'><strong>cesse</strong></span> <span class='ocrx_word' id='word_1_191' title='bbox 447 3316 500 3373; x_wconf 87' lang='lat' dir='ltr'><strong>est</strong></span> <span class='ocrx_word' id='word_1_192' title='bbox 532 3325 674 3374; x_wconf 87' lang='lat' dir='ltr'><strong>errores</strong></span> <span class='ocrx_word' id='word_1_193' title='bbox 705 3307 749 3376; x_wconf 88' lang='lat' dir='ltr'><strong>de</strong></span> <span class='ocrx_word' id='word_1_194' title='bbox 782 3303 901 3390; x_wconf 90' lang='lat' dir='ltr'><strong>cultu,</strong></span> <span class='ocrx_word' id='word_1_195' title='bbox 932 3303 1070 3375; x_wconf 88' lang='lat' dir='ltr'><strong>meritis</strong></span> <span class='ocrx_word' id='word_1_196' title='bbox 1103 3316 1138 3374; x_wconf 91' lang='lat' dir='ltr'><strong>et</strong></span> <span class='ocrx_word' id='word_1_197' title='bbox 1169 3303 1321 3374; x_wconf 88' lang='lat' dir='ltr'><strong>necessi-</strong></span> 
     </span>
    </p>

    <p class='ocr_par' dir='ltr' id='par_1_18' title="bbox 282 3404 532 3481">
     <span class='ocr_line' id='line_1_27' title="bbox 282 3404 532 3481; baseline 0.028 -15"><span class='ocrx_word' id='word_1_198' title='bbox 282 3446 283 3451; x_wconf 23' lang='grc' dir='ltr'>ι</span> <span class='ocrx_word' id='word_1_199' title='bbox 348 3404 532 3481; x_wconf 89' lang='lat' dir='ltr'><strong>tateabiici.</strong></span> 
     </span>
    </p>
   </div>
   <div class='ocr_carea' id='block_1_5' title="bbox 289 3518 1324 4207">
    <p class='ocr_par' dir='ltr' id='par_1_19' title="bbox 289 3518 1324 4207">
     <span class='ocr_line' id='line_1_28' title="bbox 289 3518 1322 3617; baseline 0.001 -25"><span class='ocrx_word' id='word_1_200' title='bbox 289 3525 295 3592; x_wconf 78' lang='lat' dir='ltr'><strong>l</strong></span> <span class='ocrx_word' id='word_1_201' title='bbox 425 3518 491 3593; x_wconf 83' lang='lat' dir='ltr'><strong>Est</strong></span> <span class='ocrx_word' id='word_1_202' title='bbox 509 3535 630 3592; x_wconf 89' lang='lat' dir='ltr'><strong>autem</strong></span> <span class='ocrx_word' id='word_1_203' title='bbox 655 3521 772 3595; x_wconf 91' lang='lat' dir='ltr'><strong>cultus</strong></span> <span class='ocrx_word' id='word_1_204' title='bbox 800 3524 870 3594; x_wconf 87' lang='lat' dir='ltr'><strong>tale</strong></span> <span class='ocrx_word' id='word_1_205' title='bbox 891 3547 1002 3617; x_wconf 88' lang='lat' dir='ltr'><strong>opus,</strong></span> <span class='ocrx_word' id='word_1_206' title='bbox 1033 3524 1134 3593; x_wconf 90' lang='lat' dir='ltr'><strong>cuius</strong></span> <span class='ocrx_word' id='word_1_207' title='bbox 1154 3524 1236 3593; x_wconf 86' lang='lat' dir='ltr'><strong>finis</strong></span> <span class='ocrx_word' id='word_1_208' title='bbox 1251 3525 1322 3593; x_wconf 92' lang='lat' dir='ltr'><strong>im-</strong></span> 
     </span>
     <span class='ocr_line' id='line_1_29' title="bbox 346 3622 1324 3718; baseline 0.012 -31"><span class='ocrx_word' id='word_1_209' title='bbox 346 3622 502 3694; x_wconf 87' lang='lat' dir='ltr'><strong>mediatus</strong></span> <span class='ocrx_word' id='word_1_210' title='bbox 523 3638 580 3695; x_wconf 85' lang='lat' dir='ltr'><strong>est</strong></span> <span class='ocrx_word' id='word_1_211' title='bbox 604 3646 678 3693; x_wconf 93' lang='lat' dir='ltr'><strong>non</strong></span> <span class='ocrx_word' id='word_1_212' title='bbox 702 3626 900 3715; x_wconf 87' lang='lat' dir='ltr'><strong>corporalis</strong></span> <span class='ocrx_word' id='word_1_213' title='bbox 921 3627 1076 3710; x_wconf 90' lang='lat' dir='ltr'><strong>utilitas,</strong></span> <span class='ocrx_word' id='word_1_214' title='bbox 1106 3627 1168 3695; x_wconf 92' lang='lat' dir='ltr'><strong>sed</strong></span> <span class='ocrx_word' id='word_1_215' title='bbox 1196 3639 1237 3697; x_wconf 91' lang='grc' dir='ltr'><strong>ιιι</strong></span> <span class='ocrx_word' id='word_1_216' title='bbox 1260 3650 1324 3718; x_wconf 80' lang='lat' dir='ltr'><strong>per</strong></span> 
     </span>
     <span class='ocr_line' id='line_1_30' title="bbox 345 3721 1322 3817; baseline 0.004 -26"><span class='ocrx_word' id='word_1_217' title='bbox 345 3722 466 3817; x_wconf 84' lang='lat' dir='ltr'><strong>idopus</strong></span> <span class='ocrx_word' id='word_1_218' title='bbox 480 3724 583 3797; x_wconf 89' lang='lat' dir='ltr'><strong>Deus</strong></span> <span class='ocrx_word' id='word_1_219' title='bbox 598 3721 737 3797; x_wconf 85' lang='lat' dir='ltr'><strong>honore</strong></span> <span class='ocrx_word' id='word_1_220' title='bbox 759 3728 944 3804; x_wconf 81' lang='lat' dir='ltr'><strong>alliciatur.</strong></span> <span class='ocrx_word' id='word_1_221' title='bbox 1006 3728 1107 3799; x_wconf 88' lang='lat' dir='ltr'><strong>Sicut</strong></span> <span class='ocrx_word' id='word_1_222' title='bbox 1126 3722 1322 3799; x_wconf 83' lang='lat' dir='ltr'><strong>de&#39;discri-</strong></span> 
     </span>
     <span class='ocr_line' id='line_1_31' title="bbox 347 3826 1322 3921; baseline 0.007 -31"><span class='ocrx_word' id='word_1_223' title='bbox 347 3826 425 3897; x_wconf 86' lang='lat' dir='ltr'><strong>niue</strong></span> <span class='ocrx_word' id='word_1_224' title='bbox 436 3829 604 3897; x_wconf 85' lang='lat' dir='ltr'><strong>ciborum</strong></span> <span class='ocrx_word' id='word_1_225' title='bbox 622 3830 729 3899; x_wconf 88' lang='lat' dir='ltr'><strong>sentit</strong></span> <span class='ocrx_word' id='word_1_226' title='bbox 744 3830 919 3921; x_wconf 90' lang='lat' dir='ltr'><strong>populus,</strong></span> <span class='ocrx_word' id='word_1_227' title='bbox 945 3826 1014 3902; x_wconf 91' lang='lat' dir='ltr'><strong>hoc</strong></span> <span class='ocrx_word' id='word_1_228' title='bbox 1028 3852 1120 3921; x_wconf 90' lang='lat' dir='ltr'><strong>opus</strong></span> <span class='ocrx_word' id='word_1_229' title='bbox 1134 3832 1215 3899; x_wconf 86' lang='lat' dir='ltr'><strong>ideo</strong></span> <span class='ocrx_word' id='word_1_230' title='bbox 1233 3830 1322 3909; x_wconf 86' lang='lat' dir='ltr'><strong>lieri,</strong></span> 
     </span>
     <span class='ocr_line' id='line_1_32' title="bbox 348 3924 1322 4024; baseline 0.007 -30"><span class='ocrx_word' id='word_1_231' title='bbox 348 3929 414 4015; x_wconf 81' lang='lat' dir='ltr'><strong>quia</strong></span> <span class='ocrx_word' id='word_1_232' title='bbox 427 3933 471 3999; x_wconf 88' lang='lat' dir='ltr'><strong>sit</strong></span> <span class='ocrx_word' id='word_1_233' title='bbox 487 3924 629 4013; x_wconf 88' lang='lat' dir='ltr'><strong>bonos,</strong></span> <span class='ocrx_word' id='word_1_234' title='bbox 654 3955 760 4022; x_wconf 87' lang='lat' dir='ltr'><strong>quem</strong></span> <span class='ocrx_word' id='word_1_235' title='bbox 777 3933 935 4024; x_wconf 84' lang='lat' dir='ltr'><strong>requirat</strong></span> <span class='ocrx_word' id='word_1_236' title='bbox 949 3945 1011 4005; x_wconf 92' lang='lat' dir='ltr'><strong>aut</strong></span> <span class='ocrx_word' id='word_1_237' title='bbox 1026 3934 1200 4023; x_wconf 88' lang='lat' dir='ltr'><strong>approbet</strong></span> <span class='ocrx_word' id='word_1_238' title='bbox 1213 3930 1322 4003; x_wconf 88' lang='lat' dir='ltr'><strong>Dens.</strong></span> 
     </span>
     <span class='ocr_line' id='line_1_33' title="bbox 347 4024 1322 4124; baseline 0.009 -31"><span class='ocrx_word' id='word_1_239' title='bbox 347 4024 388 4097; x_wconf 86' lang='lat' dir='ltr'><strong>lle</strong></span> <span class='ocrx_word' id='word_1_240' title='bbox 407 4026 460 4101; x_wconf 89' lang='lat' dir='ltr'><strong>his</strong></span> <span class='ocrx_word' id='word_1_241' title='bbox 482 4032 607 4124; x_wconf 89' lang='lat' dir='ltr'><strong>inquit</strong></span> <span class='ocrx_word' id='word_1_242' title='bbox 625 4027 806 4105; x_wconf 85' lang='lat' dir='ltr'><strong>Christus:</strong></span> <span class='ocrx_word' id='word_1_243' title='bbox 842 4031 987 4107; x_wconf 79' lang='lat' dir='ltr'><strong>Frustn</strong></span> <span class='ocrx_word' id='word_1_244' title='bbox 1011 4035 1135 4107; x_wconf 87' lang='lat' dir='ltr'><strong>colunt</strong></span> <span class='ocrx_word' id='word_1_245' title='bbox 1150 4058 1207 4105; x_wconf 85' lang='lat' dir='ltr'><strong>me</strong></span> <span class='ocrx_word' id='word_1_246' title='bbox 1220 4058 1322 4105; x_wconf 90' lang='lat' dir='ltr'><strong>man·</strong></span> 
     </span>
     <span class='ocr_line' id='line_1_34' title="bbox 347 4128 641 4207; baseline 0.037 -12"><span class='ocrx_word' id='word_1_247' title='bbox 347 4130 421 4201; x_wconf 89' lang='lat' dir='ltr'><strong>datis</strong></span> <span class='ocrx_word' id='word_1_248' title='bbox 435 4128 641 4207; x_wconf 91' lang='lat' dir='ltr'><strong>hominum.</strong></span> 
     </span>
    </p>
   </div>
   <div class='ocr_carea' id='block_1_6' title="bbox 282 4248 1325 4835">
    <p class='ocr_par' dir='ltr' id='par_1_20' title="bbox 429 4248 1323 4347">
     <span class='ocr_line' id='line_1_35' title="bbox 429 4248 1323 4347; baseline -0.001 -23"><span class='ocrx_word' id='word_1_249' title='bbox 429 4248 477 4324; x_wconf 77' lang='lat' dir='ltr'><strong>Et</strong></span> <span class='ocrx_word' id='word_1_250' title='bbox 507 4252 712 4346; x_wconf 83' lang='lat' dir='ltr'><strong>plerunque</strong></span> <span class='ocrx_word' id='word_1_251' title='bbox 741 4252 877 4322; x_wconf 86' lang='lat' dir='ltr'><strong>accedit</strong></span> <span class='ocrx_word' id='word_1_252' title='bbox 904 4252 1029 4341; x_wconf 90' lang='lat' dir='ltr'><strong>opinio</strong></span> <span class='ocrx_word' id='word_1_253' title='bbox 1058 4253 1199 4341; x_wconf 88' lang='lat' dir='ltr'><strong>meriti,</strong></span> <span class='ocrx_word' id='word_1_254' title='bbox 1232 4278 1323 4347; x_wconf 88' lang='lat' dir='ltr'><strong>quae</strong></span> 
     </span>
    </p>

    <p class='ocr_par' dir='ltr' id='par_1_21' title="bbox 282 4346 1322 4449">
     <span class='ocr_line' id='line_1_36' title="bbox 282 4346 1322 4449; baseline 0.006 -32"><span class='ocrx_word' id='word_1_255' title='bbox 282 4351 283 4356; x_wconf 71' lang='grc'>’</span> <span class='ocrx_word' id='word_1_256' title='bbox 348 4346 436 4423; x_wconf 87' lang='lat' dir='ltr'><strong>habet</strong></span> <span class='ocrx_word' id='word_1_257' title='bbox 451 4354 732 4425; x_wconf 78' lang='lat' dir='ltr'><strong>manifestiorem</strong></span> <span class='ocrx_word' id='word_1_258' title='bbox 754 4356 993 4442; x_wconf 83' lang='lat' dir='ltr'><strong>impietatem,</strong></span> <span class='ocrx_word' id='word_1_259' title='bbox 1018 4355 1200 4439; x_wconf 85' lang='lat' dir='ltr'><strong>videlicet,</strong></span> <span class='ocrx_word' id='word_1_260' title='bbox 1225 4359 1322 4449; x_wconf 89' lang='lat' dir='ltr'><strong>quod</strong></span> 
     </span>
    </p>

    <p class='ocr_par' dir='ltr' id='par_1_22' title="bbox 282 4456 1325 4555">
     <span class='ocr_line' id='line_1_37' title="bbox 282 4456 1325 4555; baseline 0.007 -34"><span class='ocrx_word' id='word_1_261' title='bbox 282 4495 283 4528; x_wconf 60' lang='lat' dir='ltr'><strong>v</strong></span> <span class='ocrx_word' id='word_1_262' title='bbox 348 4456 403 4521; x_wconf 84' lang='lat' dir='ltr'><strong>tale</strong></span> <span class='ocrx_word' id='word_1_263' title='bbox 415 4480 504 4547; x_wconf 93' lang='lat' dir='ltr'><strong>opus</strong></span> <span class='ocrx_word' id='word_1_264' title='bbox 519 4471 701 4529; x_wconf 87' lang='lat' dir='ltr'><strong>mereatur</strong></span> <span class='ocrx_word' id='word_1_265' title='bbox 722 4457 967 4526; x_wconf 83' lang='lat' dir='ltr'><strong>remissionem</strong></span> <span class='ocrx_word' id='word_1_266' title='bbox 992 4472 1325 4555; x_wconf 33' lang='lat' dir='ltr'><strong>peecatorumuant</strong></span> 
     </span>
    </p>

    <p class='ocr_par' dir='ltr' id='par_1_23' title="bbox 282 4547 1324 4652">
     <span class='ocr_line' id='line_1_38' title="bbox 282 4547 1324 4652; baseline 0.006 -29"><span class='ocrx_word' id='word_1_267' title='bbox 282 4547 283 4572; x_wconf 35' lang='lat' dir='ltr'><strong>l</strong></span> <span class='ocrx_word' id='word_1_268' title='bbox 349 4556 439 4627; x_wconf 88' lang='lat' dir='ltr'><strong>vitam</strong></span> <span class='ocrx_word' id='word_1_269' title='bbox 461 4571 663 4642; x_wconf 89' lang='lat' dir='ltr'><strong>aeternam,</strong></span> <span class='ocrx_word' id='word_1_270' title='bbox 694 4562 790 4652; x_wconf 90' lang='lat' dir='ltr'><strong>quod</strong></span> <span class='ocrx_word' id='word_1_271' title='bbox 817 4559 862 4629; x_wconf 92' lang='lat' dir='ltr'><strong>sit</strong></span> <span class='ocrx_word' id='word_1_272' title='bbox 884 4558 1042 4643; x_wconf 89' lang='lat' dir='ltr'><strong>iusticia,</strong></span> <span class='ocrx_word' id='word_1_273' title='bbox 1076 4560 1122 4631; x_wconf 89' lang='lat' dir='ltr'><strong>sit</strong></span> <span class='ocrx_word' id='word_1_274' title='bbox 1143 4562 1324 4652; x_wconf 80' lang='lat' dir='ltr'><strong>perfectio,</strong></span> 
     </span>
    </p>

    <p class='ocr_par' dir='ltr' id='par_1_24' title="bbox 350 4657 1323 4835">
     <span class='ocr_line' id='line_1_39' title="bbox 350 4657 1323 4755; baseline 0.01 -33"><span class='ocrx_word' id='word_1_275' title='bbox 350 4657 386 4727; x_wconf 87' lang='lat' dir='ltr'><strong>sit</strong></span> <span class='ocrx_word' id='word_1_276' title='bbox 404 4660 604 4731; x_wconf 83' lang='lat' dir='ltr'><strong>satisfactio.</strong></span> <span class='ocrx_word' id='word_1_277' title='bbox 663 4658 712 4732; x_wconf 84' lang='grc' dir='ltr'><strong>ιιι</strong></span> <span class='ocrx_word' id='word_1_278' title='bbox 742 4681 879 4731; x_wconf 88' lang='lat' dir='ltr'><strong>errores</strong></span> <span class='ocrx_word' id='word_1_279' title='bbox 910 4659 1104 4729; x_wconf 86' lang='lat' dir='ltr'><strong>necessario</strong></span> <span class='ocrx_word' id='word_1_280' title='bbox 1130 4659 1323 4755; x_wconf 89' lang='lat' dir='ltr'><strong>repreheu·</strong></span> 
     </span>
     <span class='ocr_line' id='line_1_40' title="bbox 350 4762 553 4835; baseline 0.039 -10"><span class='ocrx_word' id='word_1_281' title='bbox 350 4762 553 4835; x_wconf 89' lang='lat' dir='ltr'><strong>dendisunt.</strong></span> 
     </span>
    </p>
   </div>
   <div class='ocr_carea' id='block_1_7' title="bbox 282 4876 1326 5975">
    <p class='ocr_par' dir='ltr' id='par_1_25' title="bbox 282 4876 1326 5975">
     <span class='ocr_line' id='line_1_41' title="bbox 436 4876 1325 4974; baseline 0 -23"><span class='ocrx_word' id='word_1_282' title='bbox 436 4876 576 4971; x_wconf 88' lang='lat' dir='ltr'><strong>Opinio</strong></span> <span class='ocrx_word' id='word_1_283' title='bbox 607 4880 845 4965; x_wconf 83' lang='lat' dir='ltr'><strong>necessitatis,</strong></span> <span class='ocrx_word' id='word_1_284' title='bbox 885 4903 967 4949; x_wconf 90' lang='lat' dir='ltr'><strong>curn</strong></span> <span class='ocrx_word' id='word_1_285' title='bbox 997 4881 1144 4951; x_wconf 88' lang='lat' dir='ltr'><strong>violatio</strong></span> <span class='ocrx_word' id='word_1_286' title='bbox 1179 4895 1325 4974; x_wconf 87' lang='lat' dir='ltr'><strong>putatur</strong></span> 
     </span>
     <span class='ocr_line' id='line_1_42' title="bbox 282 4977 1322 5074; baseline 0.003 -26"><span class='ocrx_word' id='word_1_287' title='bbox 282 4977 283 4982; x_wconf 64' lang='grc'>’</span> <span class='ocrx_word' id='word_1_288' title='bbox 351 5003 410 5051; x_wconf 83' lang='lat' dir='ltr'><strong>esse</strong></span> <span class='ocrx_word' id='word_1_289' title='bbox 430 4998 608 5074; x_wconf 88' lang='lat' dir='ltr'><strong>peccatum</strong></span> <span class='ocrx_word' id='word_1_290' title='bbox 631 4984 789 5057; x_wconf 80' lang='lat' dir='ltr'><strong>mortale.</strong></span> <span class='ocrx_word' id='word_1_291' title='bbox 850 4979 954 5051; x_wconf 87' lang='lat' dir='ltr'><strong>Hanc</strong></span> <span class='ocrx_word' id='word_1_292' title='bbox 984 4984 1192 5073; x_wconf 90' lang='lat' dir='ltr'><strong>opinionem</strong></span> <span class='ocrx_word' id='word_1_293' title='bbox 1216 4986 1322 5053; x_wconf 87' lang='lat' dir='ltr'><strong>etiam</strong></span> 
     </span>
     <span class='ocr_line' id='line_1_43' title="bbox 351 5082 1322 5175; baseline 0.006 -28"><span class='ocrx_word' id='word_1_294' title='bbox 351 5084 478 5155; x_wconf 86' lang='lat' dir='ltr'><strong>damnat</strong></span> <span class='ocrx_word' id='word_1_295' title='bbox 499 5082 755 5175; x_wconf 78' lang='lat' dir='ltr'><strong>Evangelium,</strong></span> <span class='ocrx_word' id='word_1_296' title='bbox 788 5084 885 5153; x_wconf 83' lang='lat' dir='ltr'><strong>iuxta</strong></span> <span class='ocrx_word' id='word_1_297' title='bbox 909 5083 1017 5155; x_wconf 86' lang='lat' dir='ltr'><strong>illud:</strong></span> <span class='ocrx_word' id='word_1_298' title='bbox 1044 5084 1156 5155; x_wconf 82' lang='lat' dir='ltr'><strong>Nemo</strong></span> <span class='ocrx_word' id='word_1_299' title='bbox 1180 5110 1242 5153; x_wconf 87' lang='lat' dir='ltr'><strong>vos</strong></span> <span class='ocrx_word' id='word_1_300' title='bbox 1266 5110 1322 5153; x_wconf 91' lang='lat' dir='ltr'><strong>ar·</strong></span> 
     </span>
     <span class='ocr_line' id='line_1_44' title="bbox 351 5183 1323 5280; baseline 0.007 -31"><span class='ocrx_word' id='word_1_301' title='bbox 351 5198 420 5269; x_wconf 74' lang='lat' dir='ltr'><strong>gasat</strong></span> <span class='ocrx_word' id='word_1_302' title='bbox 445 5188 482 5257; x_wconf 92' lang='lat' dir='ltr'><strong>in</strong></span> <span class='ocrx_word' id='word_1_303' title='bbox 505 5188 605 5271; x_wconf 83' lang='lat' dir='ltr'><strong>cibo,</strong></span> <span class='ocrx_word' id='word_1_304' title='bbox 636 5200 723 5280; x_wconf 92' lang='lat' dir='ltr'><strong>potu</strong></span> <span class='ocrx_word' id='word_1_305' title='bbox 747 5200 812 5260; x_wconf 87' lang='lat' dir='ltr'><strong>etc.</strong></span> <span class='ocrx_word' id='word_1_306' title='bbox 871 5183 1107 5257; x_wconf 89' lang='lat' dir='ltr'><strong>Sentieudum</strong></span> <span class='ocrx_word' id='word_1_307' title='bbox 1132 5188 1323 5276; x_wconf 72' lang='lat' dir='ltr'><strong>utigitur,</strong></span> 
     </span>
     <span class='ocr_line' id='line_1_45' title="bbox 352 5283 1324 5379; baseline 0.002 -26"><span class='ocrx_word' id='word_1_308' title='bbox 352 5284 682 5379; x_wconf 80' lang='lat' dir='ltr'><strong>qnodEvangelinm</strong></span> <span class='ocrx_word' id='word_1_309' title='bbox 704 5288 924 5359; x_wconf 80' lang='lat' dir='ltr'><strong>ordinaverit</strong></span> <span class='ocrx_word' id='word_1_310' title='bbox 947 5283 1038 5357; x_wconf 88' lang='lat' dir='ltr'><strong>hanc</strong></span> <span class='ocrx_word' id='word_1_311' title='bbox 1062 5288 1259 5359; x_wconf 89' lang='lat' dir='ltr'><strong>libertatem</strong></span> <span class='ocrx_word' id='word_1_312' title='bbox 1285 5288 1324 5356; x_wconf 95' lang='lat' dir='ltr'><strong>in</strong></span> 
     </span>
     <span class='ocr_line' id='line_1_46' title="bbox 354 5384 1323 5483; baseline 0.004 -30"><span class='ocrx_word' id='word_1_313' title='bbox 354 5384 406 5471; x_wconf 88' lang='lat' dir='ltr'><strong>iis,</strong></span> <span class='ocrx_word' id='word_1_314' title='bbox 429 5414 516 5483; x_wconf 84' lang='lat' dir='ltr'><strong>quae</strong></span> <span class='ocrx_word' id='word_1_315' title='bbox 538 5404 622 5463; x_wconf 85' lang='grc' dir='ltr'>ιιιιιι</span> <span class='ocrx_word' id='word_1_316' title='bbox 645 5412 807 5475; x_wconf 78' lang='lat' dir='ltr'><strong>concessa</strong></span> <span class='ocrx_word' id='word_1_317' title='bbox 832 5391 942 5459; x_wconf 85' lang='lat' dir='ltr'><strong>verbo</strong></span> <span class='ocrx_word' id='word_1_318' title='bbox 966 5391 1056 5473; x_wconf 90' lang='lat' dir='ltr'><strong>Dei,</strong></span> <span class='ocrx_word' id='word_1_319' title='bbox 1087 5414 1152 5459; x_wconf 86' lang='lat' dir='ltr'><strong>nec</strong></span> <span class='ocrx_word' id='word_1_320' title='bbox 1178 5390 1262 5460; x_wconf 88' lang='lat' dir='ltr'><strong>velit</strong></span> <span class='ocrx_word' id='word_1_321' title='bbox 1286 5390 1323 5457; x_wconf 92' lang='lat' dir='ltr'><strong>in</strong></span> 
     </span>
     <span class='ocr_line' id='line_1_47' title="bbox 355 5489 1324 5583; baseline 0.008 -30"><span class='ocrx_word' id='word_1_322' title='bbox 355 5489 470 5561; x_wconf 87' lang='lat' dir='ltr'><strong>talibus</strong></span> <span class='ocrx_word' id='word_1_323' title='bbox 492 5492 668 5563; x_wconf 90' lang='lat' dir='ltr'><strong>iusticiam</strong></span> <span class='ocrx_word' id='word_1_324' title='bbox 699 5506 760 5563; x_wconf 86' lang='lat' dir='ltr'><strong>sut</strong></span> <span class='ocrx_word' id='word_1_325' title='bbox 785 5504 965 5583; x_wconf 89' lang='lat' dir='ltr'><strong>peccatum</strong></span> <span class='ocrx_word' id='word_1_326' title='bbox 987 5491 1169 5567; x_wconf 87' lang='lat' dir='ltr'><strong>constitui.</strong></span> <span class='ocrx_word' id='word_1_327' title='bbox 1193 5497 1199 5523; x_wconf 76' lang='lat'><strong>¹</strong></span> <span class='ocrx_word' id='word_1_328' title='bbox 1226 5489 1324 5561; x_wconf 87' lang='lat' dir='ltr'><strong>Haec</strong></span> 
     </span>
     <span class='ocr_line' id='line_1_48' title="bbox 357 5591 1326 5683; baseline 0.009 -27"><span class='ocrx_word' id='word_1_329' title='bbox 357 5610 469 5673; x_wconf 75' lang='lat' dir='ltr'><strong>genera</strong></span> <span class='ocrx_word' id='word_1_330' title='bbox 482 5594 715 5665; x_wconf 88' lang='lat' dir='ltr'><strong>traditionum</strong></span> <span class='ocrx_word' id='word_1_331' title='bbox 730 5591 935 5665; x_wconf 81' lang='lat' dir='ltr'><strong>meminisse</strong></span> <span class='ocrx_word' id='word_1_332' title='bbox 951 5595 1113 5683; x_wconf 89' lang='lat' dir='ltr'><strong>prodest,</strong></span> <span class='ocrx_word' id='word_1_333' title='bbox 1136 5609 1175 5665; x_wconf 92' lang='lat' dir='ltr'><strong>nt</strong></span> <span class='ocrx_word' id='word_1_334' title='bbox 1192 5594 1326 5665; x_wconf 87' lang='lat' dir='ltr'><strong>sciatur</strong></span> 
     </span>
     <span class='ocr_line' id='line_1_49' title="bbox 357 5696 1325 5789; baseline 0.008 -32"><span class='ocrx_word' id='word_1_335' title='bbox 357 5696 521 5779; x_wconf 83' lang='lat' dir='ltr'><strong>qunmndo</strong></span> <span class='ocrx_word' id='word_1_336' title='bbox 535 5697 741 5768; x_wconf 88' lang='lat' dir='ltr'><strong>reiiciantur</strong></span> <span class='ocrx_word' id='word_1_337' title='bbox 753 5696 983 5780; x_wconf 87' lang='lat' dir='ltr'><strong>traditiones,</strong></span> <span class='ocrx_word' id='word_1_338' title='bbox 996 5708 1059 5765; x_wconf 91' lang='lat' dir='ltr'><strong>aut</strong></span> <span class='ocrx_word' id='word_1_339' title='bbox 1073 5718 1224 5789; x_wconf 85' lang='lat' dir='ltr'><strong>quarum</strong></span> <span class='ocrx_word' id='word_1_340' title='bbox 1240 5717 1325 5767; x_wconf 90' lang='lat' dir='ltr'><strong>usus</strong></span> 
     </span>
     <span class='ocr_line' id='line_1_50' title="bbox 360 5794 627 5888; baseline 0.049 -33"><span class='ocrx_word' id='word_1_341' title='bbox 360 5794 489 5865; x_wconf 85' lang='lat' dir='ltr'><strong>retineri</strong></span> <span class='ocrx_word' id='word_1_342' title='bbox 509 5796 627 5888; x_wconf 90' lang='lat' dir='ltr'><strong>possit.</strong></span> 
     </span>
     <span class='ocr_line' id='line_1_51' title="bbox 405 5895 916 5975; baseline 0.016 -14"><span class='ocrx_word' id='word_1_343' title='bbox 405 5896 580 5969; x_wconf 79' lang='lat' dir='ltr'><strong>blrtsrrn.</strong></span> <span class='ocrx_word' id='word_1_344' title='bbox 597 5904 702 5970; x_wconf 77' lang='lat' dir='ltr'><strong>ons.</strong></span> <span class='ocrx_word' id='word_1_345' title='bbox 730 5895 816 5972; x_wconf 79' lang='lat' dir='ltr'><strong>V‘oe.</strong></span> <span class='ocrx_word' id='word_1_346' title='bbox 835 5901 916 5975; x_wconf 73' lang='lat' dir='ltr'><strong>XV.</strong></span> 
     </span>
    </p>
   </div>
   <div class='ocr_carea' id='block_1_8' title="bbox 1345 5267 1415 5365">
    <p class='ocr_par' dir='ltr' id='par_1_26' title="bbox 1345 5267 1415 5365">
     <span class='ocr_line' id='line_1_52' title="bbox 1345 5267 1415 5365; baseline -0.114 -1"><span class='ocrx_word' id='word_1_347' title='bbox 1345 5267 1415 5365; x_wconf 73' lang='lat' dir='ltr'><strong>lin</strong></span> 
     </span>
    </p>
   </div>
   <div class='ocr_carea' id='block_1_9' title="bbox 1578 771 2163 858">
    <p class='ocr_par' dir='ltr' id='par_1_27' title="bbox 1578 771 2163 858">
     <span class='ocr_line' id='line_1_53' title="bbox 1578 771 2163 858; baseline 0.032 -19"><span class='ocrx_word' id='word_1_348' title='bbox 1578 775 1640 840; x_wconf 87' lang='lat' dir='ltr'><strong>De</strong></span> <span class='ocrx_word' id='word_1_349' title='bbox 1668 771 1874 840; x_wconf 80' lang='lat' dir='ltr'><strong>libertate</strong></span> <span class='ocrx_word' id='word_1_350' title='bbox 1896 779 2163 858; x_wconf 68' lang='lat' dir='ltr'><strong>Christiana.</strong></span> 
     </span>
    </p>
   </div>
   <div class='ocr_carea' id='block_1_10' title="bbox 1368 900 2367 5888">
    <p class='ocr_par' dir='ltr' id='par_1_28' title="bbox 1368 900 2363 1194">
     <span class='ocr_line' id='line_1_54' title="bbox 1470 900 2363 1002; baseline 0.013 -28"><span class='ocrx_word' id='word_1_351' title='bbox 1470 901 1541 974; x_wconf 82' lang='lat' dir='ltr'><strong>llic</strong></span> <span class='ocrx_word' id='word_1_352' title='bbox 1560 921 1701 972; x_wconf 91' lang='lat' dir='ltr'><strong>necesse</strong></span> <span class='ocrx_word' id='word_1_353' title='bbox 1723 914 1776 972; x_wconf 88' lang='lat' dir='ltr'><strong>est</strong></span> <span class='ocrx_word' id='word_1_354' title='bbox 1798 900 1906 972; x_wconf 88' lang='lat' dir='ltr'><strong>etiam</strong></span> <span class='ocrx_word' id='word_1_355' title='bbox 1923 905 1995 992; x_wconf 79' lang='lat' dir='ltr'><strong>diei</strong></span> <span class='ocrx_word' id='word_1_356' title='bbox 2020 910 2064 981; x_wconf 89' lang='lat' dir='ltr'><strong>de</strong></span> <span class='ocrx_word' id='word_1_357' title='bbox 2079 910 2242 987; x_wconf 84' lang='lat' dir='ltr'><strong>libertate</strong></span> <span class='ocrx_word' id='word_1_358' title='bbox 2255 910 2363 1002; x_wconf 70' lang='grc' dir='ltr'><strong>ιῖιιιίτ</strong></span> 
     </span>
     <span class='ocr_line' id='line_1_55' title="bbox 1368 1002 2363 1112; baseline 0.012 -34"><span class='ocrx_word' id='word_1_359' title='bbox 1368 1007 1494 1078; x_wconf 88' lang='lat' dir='ltr'><strong>stiaua.</strong></span> <span class='ocrx_word' id='word_1_360' title='bbox 1548 1002 1655 1074; x_wconf 80' lang='lat' dir='ltr'><strong>Facio</strong></span> <span class='ocrx_word' id='word_1_361' title='bbox 1678 1015 1797 1083; x_wconf 85' lang='lat' dir='ltr'><strong>sutem</strong></span> <span class='ocrx_word' id='word_1_362' title='bbox 1814 1005 1967 1080; x_wconf 89' lang='lat' dir='ltr'><strong>docendi</strong></span> <span class='ocrx_word' id='word_1_363' title='bbox 1990 1034 2094 1082; x_wconf 86' lang='lat' dir='ltr'><strong>eausa</strong></span> <span class='ocrx_word' id='word_1_364' title='bbox 2113 1030 2267 1108; x_wconf 85' lang='lat' dir='ltr'><strong>quatuor</strong></span> <span class='ocrx_word' id='word_1_365' title='bbox 2281 1041 2363 1112; x_wconf 73' lang='lat' dir='ltr'><strong>gra-</strong></span> 
     </span>
     <span class='ocr_line' id='line_1_56' title="bbox 1368 1099 2356 1194; baseline -0.01 -12"><span class='ocrx_word' id='word_1_366' title='bbox 1368 1113 1436 1182; x_wconf 89' lang='lat' dir='ltr'><strong>dus</strong></span> <span class='ocrx_word' id='word_1_367' title='bbox 1448 1107 1625 1194; x_wconf 78' lang='lat' dir='ltr'><strong>libertatis</strong></span> <span class='ocrx_word' id='word_1_368' title='bbox 1645 1099 1880 1180; x_wconf 86' lang='lat' dir='ltr'><strong>Christianae.</strong></span> <span class='ocrx_word' id='word_1_369' title='bbox 2312 1160 2317 1171; x_wconf 92' lang='grc'><em>,</em></span> <span class='ocrx_word' id='word_1_370' title='bbox 2352 1177 2356 1191; x_wconf 60' lang='grc'>,</span> 
     </span>
    </p>

    <p class='ocr_par' dir='ltr' id='par_1_29' title="bbox 1368 1209 2363 1894">
     <span class='ocr_line' id='line_1_57' title="bbox 1472 1209 2361 1306; baseline 0.015 -26"><span class='ocrx_word' id='word_1_371' title='bbox 1472 1209 1615 1280; x_wconf 88' lang='lat' dir='ltr'><strong>Primus</strong></span> <span class='ocrx_word' id='word_1_372' title='bbox 1632 1221 1699 1292; x_wconf 87' lang='lat' dir='ltr'><strong>est,</strong></span> <span class='ocrx_word' id='word_1_373' title='bbox 1724 1211 1820 1302; x_wconf 90' lang='lat' dir='ltr'><strong>quod</strong></span> <span class='ocrx_word' id='word_1_374' title='bbox 1840 1233 1912 1280; x_wconf 93' lang='lat' dir='ltr'><strong>non</strong></span> <span class='ocrx_word' id='word_1_375' title='bbox 1930 1225 2074 1304; x_wconf 91' lang='lat' dir='ltr'><strong>propter</strong></span> <span class='ocrx_word' id='word_1_376' title='bbox 2090 1216 2199 1306; x_wconf 81' lang='lat' dir='ltr'><strong>legem</strong></span> <span class='ocrx_word' id='word_1_377' title='bbox 2217 1235 2281 1292; x_wconf 89' lang='lat' dir='ltr'><strong>aut</strong></span> <span class='ocrx_word' id='word_1_378' title='bbox 2296 1245 2361 1292; x_wconf 90' lang='lat' dir='ltr'><strong>no·</strong></span> 
     </span>
     <span class='ocr_line' id='line_1_58' title="bbox 1369 1309 2362 1404; baseline 0.004 -20"><span class='ocrx_word' id='word_1_379' title='bbox 1369 1327 1460 1386; x_wconf 89' lang='lat' dir='ltr'><strong>stras</strong></span> <span class='ocrx_word' id='word_1_380' title='bbox 1478 1313 1646 1394; x_wconf 86' lang='lat' dir='ltr'><strong>virtutes,</strong></span> <span class='ocrx_word' id='word_1_381' title='bbox 1671 1309 1732 1378; x_wconf 88' lang='lat' dir='ltr'><strong>sed</strong></span> <span class='ocrx_word' id='word_1_382' title='bbox 1756 1311 1864 1398; x_wconf 83' lang='lat' dir='ltr'><strong>gratis</strong></span> <span class='ocrx_word' id='word_1_383' title='bbox 1884 1329 2029 1404; x_wconf 91' lang='lat' dir='ltr'><strong>propter</strong></span> <span class='ocrx_word' id='word_1_384' title='bbox 2051 1313 2234 1392; x_wconf 86' lang='lat' dir='ltr'><strong>Christum</strong></span> <span class='ocrx_word' id='word_1_385' title='bbox 2249 1327 2362 1392; x_wconf 71' lang='lat' dir='ltr'><strong>dona.</strong></span> 
     </span>
     <span class='ocr_line' id='line_1_59' title="bbox 1368 1413 2360 1510; baseline 0.006 -24"><span class='ocrx_word' id='word_1_386' title='bbox 1368 1431 1427 1488; x_wconf 88' lang='lat' dir='ltr'><strong>tur</strong></span> <span class='ocrx_word' id='word_1_387' title='bbox 1448 1413 1610 1484; x_wconf 83' lang='lat' dir='ltr'><strong>remissio</strong></span> <span class='ocrx_word' id='word_1_388' title='bbox 1636 1425 1877 1502; x_wconf 89' lang='lat' dir='ltr'><strong>peccatorum,</strong></span> <span class='ocrx_word' id='word_1_389' title='bbox 1917 1428 1951 1486; x_wconf 92' lang='lat' dir='ltr'><strong>et</strong></span> <span class='ocrx_word' id='word_1_390' title='bbox 1978 1417 2167 1510; x_wconf 87' lang='lat' dir='ltr'><strong>imputatio</strong></span> <span class='ocrx_word' id='word_1_391' title='bbox 2188 1423 2360 1510; x_wconf 78' lang='lat' dir='ltr'><strong>iusticias,</strong></span> 
     </span>
     <span class='ocr_line' id='line_1_60' title="bbox 1370 1516 2362 1599; baseline 0.008 -11"><span class='ocrx_word' id='word_1_392' title='bbox 1370 1530 1404 1589; x_wconf 91' lang='lat' dir='ltr'><strong>et</strong></span> <span class='ocrx_word' id='word_1_393' title='bbox 1426 1519 1500 1587; x_wconf 88' lang='lat' dir='ltr'><strong>vita</strong></span> <span class='ocrx_word' id='word_1_394' title='bbox 1531 1529 1692 1592; x_wconf 86' lang='lat' dir='ltr'><strong>aeterne,</strong></span> <span class='ocrx_word' id='word_1_395' title='bbox 1728 1516 1835 1584; x_wconf 90' lang='lat' dir='ltr'><strong>modo</strong></span> <span class='ocrx_word' id='word_1_396' title='bbox 1864 1530 1905 1587; x_wconf 89' lang='lat' dir='ltr'><strong>ut</strong></span> <span class='ocrx_word' id='word_1_397' title='bbox 1934 1523 2117 1592; x_wconf 88' lang='lat' dir='ltr'><strong>credamus</strong></span> <span class='ocrx_word' id='word_1_398' title='bbox 2142 1521 2227 1596; x_wconf 89' lang='lat' dir='ltr'><strong>haec</strong></span> <span class='ocrx_word' id='word_1_399' title='bbox 2258 1529 2362 1599; x_wconf 88' lang='lat' dir='ltr'><strong>nobis</strong></span> 
     </span>
     <span class='ocr_line' id='line_1_61' title="bbox 1369 1611 2363 1717; baseline 0.01 -27"><span class='ocrx_word' id='word_1_400' title='bbox 1369 1620 1575 1708; x_wconf 83' lang='lat' dir='ltr'><strong>contingere</strong></span> <span class='ocrx_word' id='word_1_401' title='bbox 1591 1629 1735 1708; x_wconf 89' lang='lat' dir='ltr'><strong>propter</strong></span> <span class='ocrx_word' id='word_1_402' title='bbox 1751 1611 1948 1690; x_wconf 88' lang='lat' dir='ltr'><strong>Christum.</strong></span> <span class='ocrx_word' id='word_1_403' title='bbox 1990 1617 2044 1691; x_wconf 91' lang='lat' dir='ltr'><strong>De</strong></span> <span class='ocrx_word' id='word_1_404' title='bbox 2060 1617 2129 1693; x_wconf 93' lang='lat' dir='ltr'><strong>hoc</strong></span> <span class='ocrx_word' id='word_1_405' title='bbox 2148 1628 2259 1717; x_wconf 90' lang='lat' dir='ltr'><strong>gradu</strong></span> <span class='ocrx_word' id='word_1_406' title='bbox 2275 1651 2363 1698; x_wconf 89' lang='lat' dir='ltr'><strong>con-</strong></span> 
     </span>
     <span class='ocr_line' id='line_1_62' title="bbox 1369 1715 2363 1810; baseline 0.011 -18"><span class='ocrx_word' id='word_1_407' title='bbox 1369 1722 1534 1792; x_wconf 89' lang='lat' dir='ltr'><strong>cionatur</strong></span> <span class='ocrx_word' id='word_1_408' title='bbox 1558 1715 1741 1789; x_wconf 89' lang='lat' dir='ltr'><strong>Christus:</strong></span> <span class='ocrx_word' id='word_1_409' title='bbox 1777 1715 1818 1790; x_wconf 90' lang='lat' dir='ltr'><strong>Si</strong></span> <span class='ocrx_word' id='word_1_410' title='bbox 1836 1743 1900 1790; x_wconf 90' lang='lat' dir='ltr'><strong>vos</strong></span> <span class='ocrx_word' id='word_1_411' title='bbox 1922 1721 2016 1793; x_wconf 85' lang='lat' dir='ltr'><strong>tilius</strong></span> <span class='ocrx_word' id='word_1_412' title='bbox 2033 1725 2256 1810; x_wconf 88' lang='lat' dir='ltr'><strong>liberaverit,</strong></span> <span class='ocrx_word' id='word_1_413' title='bbox 2282 1750 2363 1803; x_wconf 83' lang='lat' dir='ltr'><strong>vere</strong></span> 
     </span>
     <span class='ocr_line' id='line_1_63' title="bbox 1368 1821 1588 1894; baseline -0.009 0"><span class='ocrx_word' id='word_1_414' title='bbox 1368 1824 1473 1894; x_wconf 87' lang='lat' dir='ltr'><strong>liberi</strong></span> <span class='ocrx_word' id='word_1_415' title='bbox 1491 1821 1588 1892; x_wconf 82' lang='lat' dir='ltr'><strong>estis.</strong></span> 
     </span>
    </p>

    <p class='ocr_par' dir='ltr' id='par_1_30' title="bbox 1370 1921 2366 4055">
     <span class='ocr_line' id='line_1_64' title="bbox 1474 1921 2362 2019; baseline 0.01 -25"><span class='ocrx_word' id='word_1_416' title='bbox 1474 1923 1661 1994; x_wconf 87' lang='lat' dir='ltr'><strong>Secundus</strong></span> <span class='ocrx_word' id='word_1_417' title='bbox 1690 1921 1818 2010; x_wconf 83' lang='lat' dir='ltr'><strong>gradus</strong></span> <span class='ocrx_word' id='word_1_418' title='bbox 1849 1934 1920 2008; x_wconf 90' lang='lat' dir='ltr'><strong>est,</strong></span> <span class='ocrx_word' id='word_1_419' title='bbox 1961 1930 2055 2019; x_wconf 88' lang='lat' dir='ltr'><strong>quod</strong></span> <span class='ocrx_word' id='word_1_420' title='bbox 2087 1931 2123 1998; x_wconf 93' lang='lat' dir='ltr'><strong>in</strong></span> <span class='ocrx_word' id='word_1_421' title='bbox 2156 1933 2362 2003; x_wconf 87' lang='lat' dir='ltr'><strong>remissione</strong></span> 
     </span>
     <span class='ocr_line' id='line_1_65' title="bbox 1374 2022 2363 2126; baseline 0.011 -31"><span class='ocrx_word' id='word_1_422' title='bbox 1374 2040 1599 2118; x_wconf 88' lang='lat' dir='ltr'><strong>peccaturum</strong></span> <span class='ocrx_word' id='word_1_423' title='bbox 1618 2025 1774 2094; x_wconf 88' lang='lat' dir='ltr'><strong>donatur</strong></span> <span class='ocrx_word' id='word_1_424' title='bbox 1789 2022 1944 2112; x_wconf 88' lang='lat' dir='ltr'><strong>Spiritus</strong></span> <span class='ocrx_word' id='word_1_425' title='bbox 1957 2049 2117 2116; x_wconf 87' lang='lat' dir='ltr'><strong>sanctus,</strong></span> <span class='ocrx_word' id='word_1_426' title='bbox 2142 2035 2202 2126; x_wconf 88' lang='lat' dir='ltr'><strong>qui</strong></span> <span class='ocrx_word' id='word_1_427' title='bbox 2219 2035 2363 2109; x_wconf 80' lang='lat' dir='ltr'><strong>adiuvet</strong></span> 
     </span>
     <span class='ocr_line' id='line_1_66' title="bbox 1372 2121 2364 2220; baseline 0.008 -22"><span class='ocrx_word' id='word_1_428' title='bbox 1372 2153 1456 2210; x_wconf 86' lang='lat' dir='ltr'><strong>nos,</strong></span> <span class='ocrx_word' id='word_1_429' title='bbox 1482 2142 1520 2198; x_wconf 90' lang='lat' dir='ltr'><strong>ut</strong></span> <span class='ocrx_word' id='word_1_430' title='bbox 1537 2127 1685 2196; x_wconf 89' lang='lat' dir='ltr'><strong>obedire</strong></span> <span class='ocrx_word' id='word_1_431' title='bbox 1711 2126 1776 2216; x_wconf 88' lang='lat' dir='ltr'><strong>legi</strong></span> <span class='ocrx_word' id='word_1_432' title='bbox 1796 2121 1861 2194; x_wconf 88' lang='lat' dir='ltr'><strong>Dei</strong></span> <span class='ocrx_word' id='word_1_433' title='bbox 1879 2128 2106 2220; x_wconf 88' lang='lat' dir='ltr'><strong>incipiamus,</strong></span> <span class='ocrx_word' id='word_1_434' title='bbox 2132 2149 2227 2220; x_wconf 83' lang='lat' dir='ltr'><strong>regat</strong></span> <span class='ocrx_word' id='word_1_435' title='bbox 2250 2149 2284 2206; x_wconf 91' lang='lat' dir='ltr'><strong>et</strong></span> <span class='ocrx_word' id='word_1_436' title='bbox 2302 2139 2364 2206; x_wconf 90' lang='lat' dir='ltr'><strong>de·</strong></span> 
     </span>
     <span class='ocr_line' id='line_1_67' title="bbox 1371 2228 2364 2327; baseline 0.009 -26"><span class='ocrx_word' id='word_1_437' title='bbox 1371 2232 1493 2302; x_wconf 88' lang='lat' dir='ltr'><strong>lendat</strong></span> <span class='ocrx_word' id='word_1_438' title='bbox 1517 2254 1582 2298; x_wconf 91' lang='lat' dir='ltr'><strong>nos</strong></span> <span class='ocrx_word' id='word_1_439' title='bbox 1600 2231 1769 2298; x_wconf 88' lang='lat' dir='ltr'><strong>adversus</strong></span> <span class='ocrx_word' id='word_1_440' title='bbox 1787 2228 1932 2298; x_wconf 88' lang='lat' dir='ltr'><strong>iusidias</strong></span> <span class='ocrx_word' id='word_1_441' title='bbox 1948 2233 2095 2308; x_wconf 89' lang='lat' dir='ltr'><strong>diaboli.</strong></span> <span class='ocrx_word' id='word_1_442' title='bbox 2148 2236 2217 2308; x_wconf 82' lang='lat' dir='ltr'><strong>llic</strong></span> <span class='ocrx_word' id='word_1_443' title='bbox 2235 2243 2364 2327; x_wconf 80' lang='lat' dir='ltr'><strong>gradus</strong></span> 
     </span>
     <span class='ocr_line' id='line_1_68' title="bbox 1370 2329 2357 2428; baseline 0.012 -25"><span class='ocrx_word' id='word_1_444' title='bbox 1370 2358 1451 2403; x_wconf 91' lang='lat' dir='ltr'><strong>cum</strong></span> <span class='ocrx_word' id='word_1_445' title='bbox 1467 2330 1641 2422; x_wconf 88' lang='lat' dir='ltr'><strong>superiori</strong></span> <span class='ocrx_word' id='word_1_446' title='bbox 1660 2329 1869 2400; x_wconf 85' lang='lat' dir='ltr'><strong>coniunctus</strong></span> <span class='ocrx_word' id='word_1_447' title='bbox 1884 2345 1954 2416; x_wconf 91' lang='lat' dir='ltr'><strong>est,</strong></span> <span class='ocrx_word' id='word_1_448' title='bbox 1980 2340 2040 2404; x_wconf 88' lang='lat' dir='ltr'><strong>sed</strong></span> <span class='ocrx_word' id='word_1_449' title='bbox 2065 2337 2145 2406; x_wconf 87' lang='lat' dir='ltr'><strong>iden</strong></span> <span class='ocrx_word' id='word_1_450' title='bbox 2164 2341 2357 2428; x_wconf 59' lang='lat' dir='ltr'><strong>inenumee</strong></span> 
     </span>
     <span class='ocr_line' id='line_1_69' title="bbox 1372 2433 2366 2527; baseline 0.007 -22"><span class='ocrx_word' id='word_1_451' title='bbox 1372 2437 1511 2506; x_wconf 89' lang='lat' dir='ltr'><strong>ratione</strong></span> <span class='ocrx_word' id='word_1_452' title='bbox 1525 2436 1700 2515; x_wconf 83' lang='lat' dir='ltr'><strong>discerno,</strong></span> <span class='ocrx_word' id='word_1_453' title='bbox 1718 2445 1757 2502; x_wconf 89' lang='lat' dir='ltr'><strong>ut</strong></span> <span class='ocrx_word' id='word_1_454' title='bbox 1775 2433 1885 2522; x_wconf 84' lang='lat' dir='ltr'><strong>magis</strong></span> <span class='ocrx_word' id='word_1_455' title='bbox 1904 2438 2060 2527; x_wconf 91' lang='lat' dir='ltr'><strong>conspici</strong></span> <span class='ocrx_word' id='word_1_456' title='bbox 2077 2441 2241 2510; x_wconf 83' lang='lat' dir='ltr'><strong>lveuclicia</strong></span> <span class='ocrx_word' id='word_1_457' title='bbox 2258 2437 2366 2512; x_wconf 89' lang='lat' dir='ltr'><strong>Chri-</strong></span> 
     </span>
     <span class='ocr_line' id='line_1_70' title="bbox 1371 2533 2364 2636; baseline 0.004 -29"><span class='ocrx_word' id='word_1_458' title='bbox 1371 2537 1415 2608; x_wconf 91' lang='lat' dir='ltr'><strong>sti</strong></span> <span class='ocrx_word' id='word_1_459' title='bbox 1431 2537 1579 2627; x_wconf 85' lang='lat' dir='ltr'><strong>possint.</strong></span> <span class='ocrx_word' id='word_1_460' title='bbox 1631 2533 1711 2602; x_wconf 86' lang='lat' dir='ltr'><strong>Huc</strong></span> <span class='ocrx_word' id='word_1_461' title='bbox 1733 2535 1883 2622; x_wconf 89' lang='lat' dir='ltr'><strong>pertinet</strong></span> <span class='ocrx_word' id='word_1_462' title='bbox 1904 2537 2039 2608; x_wconf 90' lang='lat' dir='ltr'><strong>dictum</strong></span> <span class='ocrx_word' id='word_1_463' title='bbox 2057 2537 2178 2614; x_wconf 87' lang='lat' dir='ltr'><strong>Pauli:</strong></span> <span class='ocrx_word' id='word_1_464' title='bbox 2208 2541 2276 2614; x_wconf 90' lang='lat' dir='ltr'><strong>Ubi</strong></span> <span class='ocrx_word' id='word_1_465' title='bbox 2292 2545 2364 2636; x_wconf 89' lang='lat' dir='ltr'><strong>spi-</strong></span> 
     </span>
     <span class='ocr_line' id='line_1_71' title="bbox 1376 2634 2366 2736; baseline 0.007 -28"><span class='ocrx_word' id='word_1_466' title='bbox 1376 2640 1468 2710; x_wconf 90' lang='lat' dir='ltr'><strong>ritus</strong></span> <span class='ocrx_word' id='word_1_467' title='bbox 1501 2634 1666 2720; x_wconf 87' lang='lat' dir='ltr'><strong>Domini,</strong></span> <span class='ocrx_word' id='word_1_468' title='bbox 1704 2636 1755 2704; x_wconf 92' lang='lat' dir='ltr'><strong>ibi</strong></span> <span class='ocrx_word' id='word_1_469' title='bbox 1787 2635 1931 2708; x_wconf 90' lang='lat' dir='ltr'><strong>libertas</strong></span> <span class='ocrx_word' id='word_1_470' title='bbox 1960 2653 2021 2713; x_wconf 86' lang='lat' dir='ltr'><strong>est.</strong></span> <span class='ocrx_word' id='word_1_471' title='bbox 2085 2639 2118 2710; x_wconf 87' lang='grc' dir='ltr'><strong>ιι</strong></span> <span class='ocrx_word' id='word_1_472' title='bbox 2145 2646 2238 2713; x_wconf 92' lang='lat' dir='ltr'><strong>enim</strong></span> <span class='ocrx_word' id='word_1_473' title='bbox 2263 2648 2366 2736; x_wconf 86' lang='lat' dir='ltr'><strong>erigit</strong></span> 
     </span>
     <span class='ocr_line' id='line_1_72' title="bbox 1372 2738 2364 2834; baseline 0.007 -22"><span class='ocrx_word' id='word_1_474' title='bbox 1372 2743 1499 2824; x_wconf 84' lang='lat' dir='ltr'><strong>corde,</strong></span> <span class='ocrx_word' id='word_1_475' title='bbox 1535 2763 1580 2810; x_wconf 89' lang='lat' dir='ltr'><strong>ne</strong></span> <span class='ocrx_word' id='word_1_476' title='bbox 1605 2738 1856 2829; x_wconf 91' lang='lat' dir='ltr'><strong>opprimantur</strong></span> <span class='ocrx_word' id='word_1_477' title='bbox 1883 2744 2079 2812; x_wconf 88' lang='lat' dir='ltr'><strong>terroribus</strong></span> <span class='ocrx_word' id='word_1_478' title='bbox 2112 2749 2262 2834; x_wconf 88' lang='lat' dir='ltr'><strong>peccati,</strong></span> <span class='ocrx_word' id='word_1_479' title='bbox 2303 2762 2364 2819; x_wconf 88' lang='lat' dir='ltr'><strong>aut</strong></span> 
     </span>
     <span class='ocr_line' id='line_1_73' title="bbox 1372 2841 2365 2934; baseline 0.009 -21"><span class='ocrx_word' id='word_1_480' title='bbox 1372 2845 1452 2913; x_wconf 89' lang='lat' dir='ltr'><strong>aliis</strong></span> <span class='ocrx_word' id='word_1_481' title='bbox 1476 2841 1690 2922; x_wconf 88' lang='lat' dir='ltr'><strong>terroribus,</strong></span> <span class='ocrx_word' id='word_1_482' title='bbox 1725 2851 1785 2908; x_wconf 89' lang='lat' dir='ltr'><strong>aut</strong></span> <span class='ocrx_word' id='word_1_483' title='bbox 1815 2854 1939 2912; x_wconf 79' lang='lat' dir='ltr'><strong>morte.</strong></span> <span class='ocrx_word' id='word_1_484' title='bbox 2007 2843 2161 2934; x_wconf 86' lang='lat' dir='ltr'><strong>Impellit</strong></span> <span class='ocrx_word' id='word_1_485' title='bbox 2193 2849 2298 2918; x_wconf 89' lang='lat' dir='ltr'><strong>etiam</strong></span> <span class='ocrx_word' id='word_1_486' title='bbox 2327 2865 2365 2922; x_wconf 92' lang='lat' dir='ltr'><strong>ut</strong></span> 
     </span>
     <span class='ocr_line' id='line_1_74' title="bbox 1372 2939 2363 3040; baseline 0.005 -26"><span class='ocrx_word' id='word_1_487' title='bbox 1372 2945 1547 3036; x_wconf 90' lang='lat' dir='ltr'><strong>incipiant</strong></span> <span class='ocrx_word' id='word_1_488' title='bbox 1568 2942 1713 3012; x_wconf 91' lang='lat' dir='ltr'><strong>obedire</strong></span> <span class='ocrx_word' id='word_1_489' title='bbox 1733 2939 1826 3022; x_wconf 90' lang='lat' dir='ltr'><strong>Deo,</strong></span> <span class='ocrx_word' id='word_1_490' title='bbox 1854 2943 1944 3014; x_wconf 92' lang='lat' dir='ltr'><strong>sicut</strong></span> <span class='ocrx_word' id='word_1_491' title='bbox 1967 2947 2051 3015; x_wconf 89' lang='lat' dir='ltr'><strong>alibi</strong></span> <span class='ocrx_word' id='word_1_492' title='bbox 2069 2947 2219 3020; x_wconf 87' lang='lat' dir='ltr'><strong>dieitur:</strong></span> <span class='ocrx_word' id='word_1_493' title='bbox 2246 2950 2363 3040; x_wconf 88' lang='lat' dir='ltr'><strong>Spiri-</strong></span> 
     </span>
     <span class='ocr_line' id='line_1_75' title="bbox 1372 3041 2363 3124; baseline 0.006 -6"><span class='ocrx_word' id='word_1_494' title='bbox 1372 3062 1430 3118; x_wconf 90' lang='lat' dir='ltr'><strong>tus</strong></span> <span class='ocrx_word' id='word_1_495' title='bbox 1453 3059 1594 3116; x_wconf 90' lang='lat' dir='ltr'><strong>sanctus</strong></span> <span class='ocrx_word' id='word_1_496' title='bbox 1620 3044 1765 3114; x_wconf 86' lang='lat' dir='ltr'><strong>adiuvat</strong></span> <span class='ocrx_word' id='word_1_497' title='bbox 1788 3041 2028 3117; x_wconf 82' lang='lat' dir='ltr'><strong>infirmitatem</strong></span> <span class='ocrx_word' id='word_1_498' title='bbox 2046 3064 2212 3124; x_wconf 88' lang='lat' dir='ltr'><strong>nostram.</strong></span> <span class='ocrx_word' id='word_1_499' title='bbox 2267 3051 2363 3124; x_wconf 84' lang='lat' dir='ltr'><strong>Haec</strong></span> 
     </span>
     <span class='ocr_line' id='line_1_76' title="bbox 1372 3148 2362 3236; baseline 0.006 -16"><span class='ocrx_word' id='word_1_500' title='bbox 1372 3151 1518 3220; x_wconf 86' lang='lat' dir='ltr'><strong>libertas</strong></span> <span class='ocrx_word' id='word_1_501' title='bbox 1536 3150 1601 3216; x_wconf 90' lang='lat' dir='ltr'><strong>erit</strong></span> <span class='ocrx_word' id='word_1_502' title='bbox 1618 3148 1753 3235; x_wconf 87' lang='lat' dir='ltr'><strong>integra</strong></span> <span class='ocrx_word' id='word_1_503' title='bbox 1771 3159 1848 3236; x_wconf 91' lang='lat' dir='ltr'><strong>post</strong></span> <span class='ocrx_word' id='word_1_504' title='bbox 1866 3153 2174 3224; x_wconf 84' lang='lat' dir='ltr'><strong>resurrectionem.</strong></span> <span class='ocrx_word' id='word_1_505' title='bbox 2223 3151 2362 3226; x_wconf 85' lang='lat' dir='ltr'><strong>Interea</strong></span> 
     </span>
     <span class='ocr_line' id='line_1_77' title="bbox 1373 3243 2362 3341; baseline 0.003 -19"><span class='ocrx_word' id='word_1_506' title='bbox 1373 3267 1491 3323; x_wconf 92' lang='lat' dir='ltr'><strong>tamen</strong></span> <span class='ocrx_word' id='word_1_507' title='bbox 1508 3250 1546 3317; x_wconf 92' lang='lat' dir='ltr'><strong>in</strong></span> <span class='ocrx_word' id='word_1_508' title='bbox 1563 3243 1627 3316; x_wconf 88' lang='lat' dir='ltr'><strong>hac</strong></span> <span class='ocrx_word' id='word_1_509' title='bbox 1641 3247 1713 3318; x_wconf 91' lang='lat' dir='ltr'><strong>vita</strong></span> <span class='ocrx_word' id='word_1_510' title='bbox 1731 3247 1865 3314; x_wconf 90' lang='lat' dir='ltr'><strong>incoari</strong></span> <span class='ocrx_word' id='word_1_511' title='bbox 1883 3273 1957 3320; x_wconf 90' lang='lat' dir='ltr'><strong>eam</strong></span> <span class='ocrx_word' id='word_1_512' title='bbox 1980 3267 2136 3341; x_wconf 90' lang='lat' dir='ltr'><strong>oportet,</strong></span> <span class='ocrx_word' id='word_1_513' title='bbox 2164 3255 2200 3322; x_wconf 91' lang='lat' dir='ltr'><strong>in</strong></span> <span class='ocrx_word' id='word_1_514' title='bbox 2227 3258 2362 3328; x_wconf 83' lang='lat' dir='ltr'><strong>exerci-</strong></span> 
     </span>
     <span class='ocr_line' id='line_1_78' title="bbox 1372 3347 2363 3432; baseline 0.002 -6"><span class='ocrx_word' id='word_1_515' title='bbox 1372 3357 1431 3426; x_wconf 90' lang='lat' dir='ltr'><strong>tiis</strong></span> <span class='ocrx_word' id='word_1_516' title='bbox 1459 3352 1539 3420; x_wconf 78' lang='lat' dir='ltr'><strong>balei</strong></span> <span class='ocrx_word' id='word_1_517' title='bbox 1563 3365 1596 3420; x_wconf 89' lang='lat' dir='ltr'><strong>et</strong></span> <span class='ocrx_word' id='word_1_518' title='bbox 1618 3350 1864 3432; x_wconf 84' lang='lat' dir='ltr'><strong>invocationis.</strong></span> <span class='ocrx_word' id='word_1_519' title='bbox 1918 3347 1964 3422; x_wconf 87' lang='lat' dir='ltr'><strong>Et</strong></span> <span class='ocrx_word' id='word_1_520' title='bbox 1981 3354 2026 3424; x_wconf 88' lang='lat' dir='ltr'><strong>&#39;in</strong></span> <span class='ocrx_word' id='word_1_521' title='bbox 2045 3349 2100 3424; x_wconf 91' lang='lat' dir='ltr'><strong>his</strong></span> <span class='ocrx_word' id='word_1_522' title='bbox 2117 3357 2290 3428; x_wconf 80' lang='lat' dir='ltr'><strong>exercitiis</strong></span> <span class='ocrx_word' id='word_1_523' title='bbox 2307 3358 2363 3428; x_wconf 94' lang='lat' dir='ltr'><strong>in-</strong></span> 
     </span>
     <span class='ocr_line' id='line_1_79' title="bbox 1372 3451 2364 3545; baseline 0.004 -18"><span class='ocrx_word' id='word_1_524' title='bbox 1372 3456 1545 3545; x_wconf 87' lang='lat' dir='ltr'><strong>telligitur</strong></span> <span class='ocrx_word' id='word_1_525' title='bbox 1568 3467 1601 3522; x_wconf 85' lang='lat' dir='ltr'><strong>et</strong></span> <span class='ocrx_word' id='word_1_526' title='bbox 1623 3451 1766 3536; x_wconf 86' lang='lat' dir='ltr'><strong>crescit,</strong></span> <span class='ocrx_word' id='word_1_527' title='bbox 1799 3474 1882 3521; x_wconf 92' lang='lat' dir='ltr'><strong>cum</strong></span> <span class='ocrx_word' id='word_1_528' title='bbox 1907 3469 2143 3527; x_wconf 89' lang='lat' dir='ltr'><strong>sustentamus</strong></span> <span class='ocrx_word' id='word_1_529' title='bbox 2166 3481 2231 3529; x_wconf 92' lang='lat' dir='ltr'><strong>nos</strong></span> <span class='ocrx_word' id='word_1_530' title='bbox 2256 3460 2364 3531; x_wconf 88' lang='lat' dir='ltr'><strong>verbo</strong></span> 
     </span>
     <span class='ocr_line' id='line_1_80' title="bbox 1373 3557 2360 3645; baseline 0.006 -18"><span class='ocrx_word' id='word_1_531' title='bbox 1373 3559 1457 3644; x_wconf 91' lang='lat' dir='ltr'><strong>Dei,</strong></span> <span class='ocrx_word' id='word_1_532' title='bbox 1486 3572 1527 3627; x_wconf 89' lang='lat' dir='ltr'><strong>ut</strong></span> <span class='ocrx_word' id='word_1_533' title='bbox 1550 3557 1735 3625; x_wconf 89' lang='lat' dir='ltr'><strong>vincamus</strong></span> <span class='ocrx_word' id='word_1_534' title='bbox 1757 3567 1909 3624; x_wconf 87' lang='lat' dir='ltr'><strong>terrores</strong></span> <span class='ocrx_word' id='word_1_535' title='bbox 1934 3580 1974 3627; x_wconf 89' lang='lat' dir='ltr'><strong>ac</strong></span> <span class='ocrx_word' id='word_1_536' title='bbox 2002 3559 2155 3628; x_wconf 89' lang='lat' dir='ltr'><strong>dolores.</strong></span> <span class='ocrx_word' id='word_1_537' title='bbox 2213 3562 2265 3633; x_wconf 90' lang='lat' dir='ltr'><strong>Hi</strong></span> <span class='ocrx_word' id='word_1_538' title='bbox 2288 3566 2360 3645; x_wconf 79' lang='lat' dir='ltr'><strong>duo</strong></span> 
     </span>
     <span class='ocr_line' id='line_1_81' title="bbox 1373 3652 2363 3752; baseline 0.007 -21"><span class='ocrx_word' id='word_1_539' title='bbox 1373 3662 1504 3752; x_wconf 86' lang='lat' dir='ltr'><strong>gradus</strong></span> <span class='ocrx_word' id='word_1_540' title='bbox 1525 3656 1769 3747; x_wconf 91' lang='lat' dir='ltr'><strong>principaliter</strong></span> <span class='ocrx_word' id='word_1_541' title='bbox 1792 3672 1877 3729; x_wconf 89' lang='lat' dir='ltr'><strong>sunt</strong></span> <span class='ocrx_word' id='word_1_542' title='bbox 1898 3652 2102 3731; x_wconf 86' lang='lat' dir='ltr'><strong>Christiana</strong></span> <span class='ocrx_word' id='word_1_543' title='bbox 2128 3663 2293 3747; x_wconf 81' lang='lat' dir='ltr'><strong>libertas,</strong></span> <span class='ocrx_word' id='word_1_544' title='bbox 2328 3680 2363 3737; x_wconf 88' lang='grc' dir='ltr'><strong>ιι</strong></span> 
     </span>
     <span class='ocr_line' id='line_1_82' title="bbox 1372 3758 2363 3859; baseline 0.005 -27"><span class='ocrx_word' id='word_1_545' title='bbox 1372 3762 1552 3856; x_wconf 89' lang='lat' dir='ltr'><strong>pertinent</strong></span> <span class='ocrx_word' id='word_1_546' title='bbox 1567 3761 1610 3828; x_wconf 92' lang='lat' dir='ltr'><strong>ad</strong></span> <span class='ocrx_word' id='word_1_547' title='bbox 1626 3760 1732 3828; x_wconf 90' lang='lat' dir='ltr'><strong>vitam</strong></span> <span class='ocrx_word' id='word_1_548' title='bbox 1752 3758 1973 3849; x_wconf 89' lang='lat' dir='ltr'><strong>spiritualem</strong></span> <span class='ocrx_word' id='word_1_549' title='bbox 1996 3777 2028 3831; x_wconf 96' lang='lat' dir='ltr'><strong>et</strong></span> <span class='ocrx_word' id='word_1_550' title='bbox 2050 3776 2248 3851; x_wconf 88' lang='lat' dir='ltr'><strong>aeternam,</strong></span> <span class='ocrx_word' id='word_1_551' title='bbox 2273 3789 2363 3859; x_wconf 90' lang='lat' dir='ltr'><strong>quae</strong></span> 
     </span>
     <span class='ocr_line' id='line_1_83' title="bbox 1372 3856 2364 3956; baseline 0.003 -21"><span class='ocrx_word' id='word_1_552' title='bbox 1372 3880 1489 3937; x_wconf 88' lang='lat' dir='ltr'><strong>tamen</strong></span> <span class='ocrx_word' id='word_1_553' title='bbox 1514 3862 1553 3931; x_wconf 92' lang='lat' dir='ltr'><strong>in</strong></span> <span class='ocrx_word' id='word_1_554' title='bbox 1569 3856 1635 3929; x_wconf 90' lang='lat' dir='ltr'><strong>hac</strong></span> <span class='ocrx_word' id='word_1_555' title='bbox 1653 3859 1723 3929; x_wconf 92' lang='lat' dir='ltr'><strong>vita</strong></span> <span class='ocrx_word' id='word_1_556' title='bbox 1741 3860 1916 3931; x_wconf 89' lang='lat' dir='ltr'><strong>incoanda</strong></span> <span class='ocrx_word' id='word_1_557' title='bbox 1943 3876 2011 3947; x_wconf 89' lang='lat' dir='ltr'><strong>est,</strong></span> <span class='ocrx_word' id='word_1_558' title='bbox 2037 3878 2072 3935; x_wconf 91' lang='lat' dir='ltr'><strong>et</strong></span> <span class='ocrx_word' id='word_1_559' title='bbox 2096 3888 2218 3937; x_wconf 86' lang='lat' dir='ltr'><strong>eorvrm</strong></span> <span class='ocrx_word' id='word_1_560' title='bbox 2241 3868 2364 3956; x_wconf 78' lang='lat' dir='ltr'><strong>cogni-</strong></span> 
     </span>
     <span class='ocr_line' id='line_1_84' title="bbox 1372 3962 2135 4055; baseline 0.003 -17"><span class='ocrx_word' id='word_1_561' title='bbox 1372 3968 1424 4038; x_wconf 91' lang='lat' dir='ltr'><strong>tio</strong></span> <span class='ocrx_word' id='word_1_562' title='bbox 1441 3986 1603 4051; x_wconf 85' lang='lat' dir='ltr'><strong>magnam</strong></span> <span class='ocrx_word' id='word_1_563' title='bbox 1621 3962 1899 4033; x_wconf 86' lang='lat' dir='ltr'><strong>consolationem</strong></span> <span class='ocrx_word' id='word_1_564' title='bbox 1917 3964 1985 4055; x_wconf 91' lang='lat' dir='ltr'><strong>piis</strong></span> <span class='ocrx_word' id='word_1_565' title='bbox 2007 3968 2135 4049; x_wconf 85' lang='lat' dir='ltr'><strong>adlcrt.</strong></span> 
     </span>
    </p>

    <p class='ocr_par' dir='ltr' id='par_1_31' title="bbox 1373 4064 2367 5563">
     <span class='ocr_line' id='line_1_85' title="bbox 1476 4064 2363 4159; baseline 0.007 -24"><span class='ocrx_word' id='word_1_566' title='bbox 1476 4064 1619 4135; x_wconf 86' lang='lat' dir='ltr'><strong>Tertius</strong></span> <span class='ocrx_word' id='word_1_567' title='bbox 1642 4065 1773 4153; x_wconf 84' lang='lat' dir='ltr'><strong>gradus</strong></span> <span class='ocrx_word' id='word_1_568' title='bbox 1796 4080 1867 4150; x_wconf 89' lang='lat' dir='ltr'><strong>est,</strong></span> <span class='ocrx_word' id='word_1_569' title='bbox 1894 4068 1990 4159; x_wconf 89' lang='lat' dir='ltr'><strong>qnod</strong></span> <span class='ocrx_word' id='word_1_570' title='bbox 2012 4064 2246 4159; x_wconf 77' lang='lat' dir='ltr'><strong>Evangelium</strong></span> <span class='ocrx_word' id='word_1_571' title='bbox 2273 4072 2363 4145; x_wconf 89' lang='lat' dir='ltr'><strong>libe·</strong></span> 
     </span>
     <span class='ocr_line' id='line_1_86' title="bbox 1374 4168 2365 4243; baseline 0.004 -4"><span class='ocrx_word' id='word_1_572' title='bbox 1374 4183 1429 4240; x_wconf 91' lang='lat' dir='ltr'><strong>rat</strong></span> <span class='ocrx_word' id='word_1_573' title='bbox 1450 4190 1516 4237; x_wconf 91' lang='lat' dir='ltr'><strong>nos</strong></span> <span class='ocrx_word' id='word_1_574' title='bbox 1540 4190 1558 4236; x_wconf 88' lang='lat' dir='ltr'><strong>a</strong></span> <span class='ocrx_word' id='word_1_575' title='bbox 1580 4168 1790 4237; x_wconf 86' lang='lat' dir='ltr'><strong>ceremoniis</strong></span> <span class='ocrx_word' id='word_1_576' title='bbox 1814 4180 1847 4237; x_wconf 91' lang='lat' dir='ltr'><strong>et</strong></span> <span class='ocrx_word' id='word_1_577' title='bbox 1869 4169 2071 4237; x_wconf 87' lang='lat' dir='ltr'><strong>forensibus</strong></span> <span class='ocrx_word' id='word_1_578' title='bbox 2099 4194 2162 4241; x_wconf 92' lang='lat' dir='ltr'><strong>seu</strong></span> <span class='ocrx_word' id='word_1_579' title='bbox 2186 4173 2365 4243; x_wconf 86' lang='lat' dir='ltr'><strong>iudiciali-</strong></span> 
     </span>
     <span class='ocr_line' id='line_1_87' title="bbox 1373 4266 2365 4366; baseline 0.004 -25"><span class='ocrx_word' id='word_1_580' title='bbox 1373 4274 1441 4343; x_wconf 88' lang='lat' dir='ltr'><strong>bus</strong></span> <span class='ocrx_word' id='word_1_581' title='bbox 1455 4270 1592 4359; x_wconf 84' lang='lat' dir='ltr'><strong>legibus</strong></span> <span class='ocrx_word' id='word_1_582' title='bbox 1606 4266 1712 4340; x_wconf 87' lang='lat' dir='ltr'><strong>Mosi.</strong></span> <span class='ocrx_word' id='word_1_583' title='bbox 1768 4266 1837 4339; x_wconf 87' lang='lat' dir='ltr'><strong>Hic</strong></span> <span class='ocrx_word' id='word_1_584' title='bbox 1864 4273 1993 4358; x_wconf 86' lang='lat' dir='ltr'><strong>gradus</strong></span> <span class='ocrx_word' id='word_1_585' title='bbox 2015 4272 2136 4365; x_wconf 89' lang='lat' dir='ltr'><strong>aliquo</strong></span> <span class='ocrx_word' id='word_1_586' title='bbox 2160 4274 2267 4344; x_wconf 85' lang='lat' dir='ltr'><strong>modo</strong></span> <span class='ocrx_word' id='word_1_587' title='bbox 2284 4298 2365 4366; x_wconf 88' lang='lat' dir='ltr'><strong>per·</strong></span> 
     </span>
     <span class='ocr_line' id='line_1_88' title="bbox 1374 4363 2364 4453; baseline 0.004 -10"><span class='ocrx_word' id='word_1_588' title='bbox 1374 4375 1463 4444; x_wconf 88' lang='lat' dir='ltr'><strong>tinet</strong></span> <span class='ocrx_word' id='word_1_589' title='bbox 1487 4374 1531 4441; x_wconf 91' lang='lat' dir='ltr'><strong>ad</strong></span> <span class='ocrx_word' id='word_1_590' title='bbox 1556 4371 1765 4440; x_wconf 80' lang='lat' dir='ltr'><strong>exteriorem</strong></span> <span class='ocrx_word' id='word_1_591' title='bbox 1791 4371 1920 4453; x_wconf 82' lang='lat' dir='ltr'><strong>vitam,</strong></span> <span class='ocrx_word' id='word_1_592' title='bbox 1947 4374 2006 4443; x_wconf 92' lang='lat' dir='ltr'><strong>sed</strong></span> <span class='ocrx_word' id='word_1_593' title='bbox 2033 4368 2137 4445; x_wconf 89' lang='lat' dir='ltr'><strong>habet</strong></span> <span class='ocrx_word' id='word_1_594' title='bbox 2162 4396 2301 4445; x_wconf 87' lang='lat' dir='ltr'><strong>causam</strong></span> <span class='ocrx_word' id='word_1_595' title='bbox 2326 4363 2364 4447; x_wconf 86' lang='lat' dir='ltr'><strong>in</strong></span> 
     </span>
     <span class='ocr_line' id='line_1_89' title="bbox 1373 4471 2365 4570; baseline 0.003 -23"><span class='ocrx_word' id='word_1_596' title='bbox 1373 4474 1631 4566; x_wconf 88' lang='lat' dir='ltr'><strong>superioribus.</strong></span> <span class='ocrx_word' id='word_1_597' title='bbox 1689 4471 1772 4540; x_wconf 90' lang='lat' dir='ltr'><strong>lden</strong></span> <span class='ocrx_word' id='word_1_598' title='bbox 1789 4475 1885 4541; x_wconf 90' lang='lat' dir='ltr'><strong>enim</strong></span> <span class='ocrx_word' id='word_1_599' title='bbox 1903 4472 2135 4561; x_wconf 82' lang='lat' dir='ltr'><strong>Evangelium</strong></span> <span class='ocrx_word' id='word_1_600' title='bbox 2154 4498 2226 4545; x_wconf 90' lang='lat' dir='ltr'><strong>non</strong></span> <span class='ocrx_word' id='word_1_601' title='bbox 2243 4480 2365 4570; x_wconf 88' lang='lat' dir='ltr'><strong>requi-</strong></span> 
     </span>
     <span class='ocr_line' id='line_1_90' title="bbox 1375 4572 2365 4669; baseline 0.004 -23"><span class='ocrx_word' id='word_1_602' title='bbox 1375 4580 1423 4648; x_wconf 90' lang='lat' dir='ltr'><strong>rit</strong></span> <span class='ocrx_word' id='word_1_603' title='bbox 1446 4574 1664 4645; x_wconf 90' lang='lat' dir='ltr'><strong>ceremonias</strong></span> <span class='ocrx_word' id='word_1_604' title='bbox 1687 4572 1884 4663; x_wconf 88' lang='lat' dir='ltr'><strong>Leviticas,</strong></span> <span class='ocrx_word' id='word_1_605' title='bbox 1916 4575 2000 4669; x_wconf 87' lang='lat' dir='ltr'><strong>qnia</strong></span> <span class='ocrx_word' id='word_1_606' title='bbox 2029 4578 2131 4647; x_wconf 89' lang='lat' dir='ltr'><strong>docet</strong></span> <span class='ocrx_word' id='word_1_607' title='bbox 2166 4599 2230 4647; x_wconf 92' lang='lat' dir='ltr'><strong>nos</strong></span> <span class='ocrx_word' id='word_1_608' title='bbox 2253 4578 2365 4650; x_wconf 88' lang='lat' dir='ltr'><strong>iustos</strong></span> 
     </span>
     <span class='ocr_line' id='line_1_91' title="bbox 1375 4676 2363 4770; baseline 0.007 -21"><span class='ocrx_word' id='word_1_609' title='bbox 1375 4676 1627 4770; x_wconf 89' lang='lat' dir='ltr'><strong>pronunciari,</strong></span> <span class='ocrx_word' id='word_1_610' title='bbox 1664 4699 1738 4743; x_wconf 90' lang='lat' dir='ltr'><strong>nnn</strong></span> <span class='ocrx_word' id='word_1_611' title='bbox 1763 4690 1908 4768; x_wconf 80' lang='lat' dir='ltr'><strong>propter</strong></span> <span class='ocrx_word' id='word_1_612' title='bbox 1937 4677 2019 4746; x_wconf 90' lang='lat' dir='ltr'><strong>illos</strong></span> <span class='ocrx_word' id='word_1_613' title='bbox 2044 4677 2178 4757; x_wconf 89' lang='lat' dir='ltr'><strong>cultus,</strong></span> <span class='ocrx_word' id='word_1_614' title='bbox 2209 4692 2273 4751; x_wconf 88' lang='lat' dir='ltr'><strong>aut</strong></span> <span class='ocrx_word' id='word_1_615' title='bbox 2294 4682 2363 4756; x_wconf 75' lang='lat' dir='ltr'><strong>alia</strong></span> 
     </span>
     <span class='ocr_line' id='line_1_92' title="bbox 1376 4777 2366 4872; baseline 0.004 -23"><span class='ocrx_word' id='word_1_616' title='bbox 1376 4795 1495 4849; x_wconf 90' lang='lat' dir='ltr'><strong>nnstra</strong></span> <span class='ocrx_word' id='word_1_617' title='bbox 1512 4800 1639 4867; x_wconf 84' lang='lat' dir='ltr'><strong>opera,</strong></span> <span class='ocrx_word' id='word_1_618' title='bbox 1668 4778 1728 4845; x_wconf 90' lang='lat' dir='ltr'><strong>sed</strong></span> <span class='ocrx_word' id='word_1_619' title='bbox 1755 4777 1824 4845; x_wconf 85' lang='lat' dir='ltr'><strong>lide</strong></span> <span class='ocrx_word' id='word_1_620' title='bbox 1847 4800 1911 4867; x_wconf 90' lang='lat' dir='ltr'><strong>per</strong></span> <span class='ocrx_word' id='word_1_621' title='bbox 1925 4778 2204 4851; x_wconf 84' lang='lat' dir='ltr'><strong>misericordiam</strong></span> <span class='ocrx_word' id='word_1_622' title='bbox 2221 4797 2366 4872; x_wconf 84' lang='lat' dir='ltr'><strong>propter</strong></span> 
     </span>
     <span class='ocr_line' id='line_1_93' title="bbox 1374 4872 2366 4975; baseline 0.002 -22"><span class='ocrx_word' id='word_1_623' title='bbox 1374 4879 1570 4953; x_wconf 86' lang='lat' dir='ltr'><strong>Christum.</strong></span> <span class='ocrx_word' id='word_1_624' title='bbox 1622 4876 1670 4947; x_wconf 85' lang='lat' dir='ltr'><strong>Et</strong></span> <span class='ocrx_word' id='word_1_625' title='bbox 1691 4902 1771 4947; x_wconf 89' lang='lat' dir='ltr'><strong>cum</strong></span> <span class='ocrx_word' id='word_1_626' title='bbox 1788 4872 2024 4967; x_wconf 78' lang='lat' dir='ltr'><strong>Evangelinm</strong></span> <span class='ocrx_word' id='word_1_627' title='bbox 2047 4883 2171 4951; x_wconf 82' lang='lat' dir='ltr'><strong>doceat</strong></span> <span class='ocrx_word' id='word_1_628' title='bbox 2192 4884 2236 4953; x_wconf 95' lang='lat' dir='ltr'><strong>de</strong></span> <span class='ocrx_word' id='word_1_629' title='bbox 2259 4884 2366 4975; x_wconf 84' lang='lat' dir='ltr'><strong>spiri-</strong></span> 
     </span>
     <span class='ocr_line' id='line_1_94' title="bbox 1375 4980 2365 5077; baseline 0.009 -27"><span class='ocrx_word' id='word_1_630' title='bbox 1375 4984 1462 5057; x_wconf 86' lang='lat' dir='ltr'><strong>tuali</strong></span> <span class='ocrx_word' id='word_1_631' title='bbox 1479 4999 1513 5055; x_wconf 93' lang='lat' dir='ltr'><strong>et</strong></span> <span class='ocrx_word' id='word_1_632' title='bbox 1532 4994 1701 5071; x_wconf 90' lang='lat' dir='ltr'><strong>perpetua</strong></span> <span class='ocrx_word' id='word_1_633' title='bbox 1719 4980 1857 5051; x_wconf 86' lang='lat' dir='ltr'><strong>iusticia</strong></span> <span class='ocrx_word' id='word_1_634' title='bbox 1873 4982 2007 5061; x_wconf 87' lang='lat' dir='ltr'><strong>cordis,</strong></span> <span class='ocrx_word' id='word_1_635' title='bbox 2033 5006 2106 5051; x_wconf 93' lang='lat' dir='ltr'><strong>non</strong></span> <span class='ocrx_word' id='word_1_636' title='bbox 2130 4984 2279 5077; x_wconf 86' lang='lat' dir='ltr'><strong>requirit</strong></span> <span class='ocrx_word' id='word_1_637' title='bbox 2299 5010 2365 5077; x_wconf 85' lang='lat' dir='ltr'><strong>po·</strong></span> 
     </span>
     <span class='ocr_line' id='line_1_95' title="bbox 1375 5081 2366 5170; baseline 0.004 -13"><span class='ocrx_word' id='word_1_638' title='bbox 1375 5088 1507 5169; x_wconf 72' lang='lat' dir='ltr'><strong>liliam,</strong></span> <span class='ocrx_word' id='word_1_639' title='bbox 1544 5098 1578 5154; x_wconf 92' lang='lat' dir='ltr'><strong>et</strong></span> <span class='ocrx_word' id='word_1_640' title='bbox 1603 5084 1695 5170; x_wconf 87' lang='lat' dir='ltr'><strong>leges</strong></span> <span class='ocrx_word' id='word_1_641' title='bbox 1718 5083 1874 5151; x_wconf 88' lang='lat' dir='ltr'><strong>lorenses</strong></span> <span class='ocrx_word' id='word_1_642' title='bbox 1903 5081 2020 5164; x_wconf 82' lang='lat' dir='ltr'><strong>Mori,</strong></span> <span class='ocrx_word' id='word_1_643' title='bbox 2048 5087 2113 5155; x_wconf 82' lang='lat' dir='ltr'><strong>sed</strong></span> <span class='ocrx_word' id='word_1_644' title='bbox 2140 5088 2302 5158; x_wconf 88' lang='lat' dir='ltr'><strong>concedit</strong></span> <span class='ocrx_word' id='word_1_645' title='bbox 2327 5090 2366 5161; x_wconf 90' lang='lat' dir='ltr'><strong>in</strong></span> 
     </span>
     <span class='ocr_line' id='line_1_96' title="bbox 1374 5183 2367 5277; baseline 0.005 -20"><span class='ocrx_word' id='word_1_646' title='bbox 1374 5184 1441 5257; x_wconf 91' lang='lat' dir='ltr'><strong>hac</strong></span> <span class='ocrx_word' id='word_1_647' title='bbox 1460 5187 1532 5257; x_wconf 86' lang='lat' dir='ltr'><strong>vita</strong></span> <span class='ocrx_word' id='word_1_648' title='bbox 1547 5183 1720 5274; x_wconf 88' lang='lat' dir='ltr'><strong>corporali</strong></span> <span class='ocrx_word' id='word_1_649' title='bbox 1735 5184 1788 5253; x_wconf 91' lang='lat' dir='ltr'><strong>uti</strong></span> <span class='ocrx_word' id='word_1_650' title='bbox 1807 5184 1943 5273; x_wconf 86' lang='lat' dir='ltr'><strong>legibus</strong></span> <span class='ocrx_word' id='word_1_651' title='bbox 1965 5187 2127 5257; x_wconf 86' lang='lat' dir='ltr'><strong>omniurn</strong></span> <span class='ocrx_word' id='word_1_652' title='bbox 2149 5187 2367 5277; x_wconf 89' lang='lat' dir='ltr'><strong>politiarum,</strong></span> 
     </span>
     <span class='ocr_line' id='line_1_97' title="bbox 1442 5286 2366 5380; baseline 0.006 -25"><span class='ocrx_word' id='word_1_653' title='bbox 1442 5288 1574 5380; x_wconf 87' lang='lat' dir='ltr'><strong>quibus</strong></span> <span class='ocrx_word' id='word_1_654' title='bbox 1594 5286 1769 5369; x_wconf 90' lang='lat' dir='ltr'><strong>vivimus,</strong></span> <span class='ocrx_word' id='word_1_655' title='bbox 1808 5286 1917 5357; x_wconf 91' lang='lat' dir='ltr'><strong>modo</strong></span> <span class='ocrx_word' id='word_1_656' title='bbox 1944 5301 1984 5357; x_wconf 93' lang='lat' dir='ltr'><strong>ut</strong></span> <span class='ocrx_word' id='word_1_657' title='bbox 2016 5289 2090 5359; x_wconf 89' lang='lat' dir='ltr'><strong>sint</strong></span> <span class='ocrx_word' id='word_1_658' title='bbox 2112 5302 2366 5361; x_wconf 87' lang='lat' dir='ltr'><strong>consentaneae</strong></span> 
     </span>
     <span class='ocr_line' id='line_1_98' title="bbox 1375 5387 2364 5485; baseline 0.002 -26"><span class='ocrx_word' id='word_1_659' title='bbox 1375 5390 1525 5474; x_wconf 90' lang='lat' dir='ltr'><strong>rationi,</strong></span> <span class='ocrx_word' id='word_1_660' title='bbox 1558 5390 1649 5458; x_wconf 91' lang='lat' dir='ltr'><strong>sicut</strong></span> <span class='ocrx_word' id='word_1_661' title='bbox 1681 5387 1842 5457; x_wconf 89' lang='lat' dir='ltr'><strong>concedit</strong></span> <span class='ocrx_word' id='word_1_662' title='bbox 1871 5390 2032 5485; x_wconf 86' lang='lat' dir='ltr'><strong>omnium</strong></span> <span class='ocrx_word' id='word_1_663' title='bbox 2058 5390 2216 5482; x_wconf 85' lang='lat' dir='ltr'><strong>gentium</strong></span> <span class='ocrx_word' id='word_1_664' title='bbox 2246 5390 2364 5465; x_wconf 82' lang='lat' dir='ltr'><strong>archi-</strong></span> 
     </span>
     <span class='ocr_line' id='line_1_99' title="bbox 1378 5487 1904 5563; baseline -0.004 0"><span class='ocrx_word' id='word_1_665' title='bbox 1378 5492 1550 5563; x_wconf 87' lang='lat' dir='ltr'><strong>tectonica</strong></span> <span class='ocrx_word' id='word_1_666' title='bbox 1567 5502 1628 5559; x_wconf 88' lang='lat' dir='ltr'><strong>aut</strong></span> <span class='ocrx_word' id='word_1_667' title='bbox 1645 5487 1823 5559; x_wconf 87' lang='lat' dir='ltr'><strong>medicina</strong></span> <span class='ocrx_word' id='word_1_668' title='bbox 1840 5490 1904 5562; x_wconf 90' lang='lat' dir='ltr'><strong>uti.</strong></span> 
     </span>
    </p>

    <p class='ocr_par' dir='ltr' id='par_1_32' title="bbox 1378 5587 2366 5888">
     <span class='ocr_line' id='line_1_100' title="bbox 1478 5587 2365 5685; baseline 0.001 -21"><span class='ocrx_word' id='word_1_669' title='bbox 1478 5588 1548 5665; x_wconf 87' lang='lat' dir='ltr'><strong>Sed</strong></span> <span class='ocrx_word' id='word_1_670' title='bbox 1579 5587 1638 5659; x_wconf 91' lang='lat' dir='ltr'><strong>hic</strong></span> <span class='ocrx_word' id='word_1_671' title='bbox 1665 5604 1813 5684; x_wconf 87' lang='lat' dir='ltr'><strong>quaerat</strong></span> <span class='ocrx_word' id='word_1_672' title='bbox 1837 5592 1985 5685; x_wconf 82' lang='lat' dir='ltr'><strong>aliquis:</strong></span> <span class='ocrx_word' id='word_1_673' title='bbox 2018 5588 2109 5663; x_wconf 90' lang='lat' dir='ltr'><strong>Cum</strong></span> <span class='ocrx_word' id='word_1_674' title='bbox 2131 5588 2365 5683; x_wconf 79' lang='lat' dir='ltr'><strong>Evangelinm</strong></span> 
     </span>
     <span class='ocr_line' id='line_1_101' title="bbox 1378 5690 2366 5789; baseline 0.004 -26"><span class='ocrx_word' id='word_1_675' title='bbox 1378 5696 1524 5785; x_wconf 86' lang='lat' dir='ltr'><strong>abroget</strong></span> <span class='ocrx_word' id='word_1_676' title='bbox 1548 5695 1660 5779; x_wconf 80' lang='lat' dir='ltr'><strong>legem</strong></span> <span class='ocrx_word' id='word_1_677' title='bbox 1683 5690 1801 5776; x_wconf 89' lang='lat' dir='ltr'><strong>Mosi,</strong></span> <span class='ocrx_word' id='word_1_678' title='bbox 1841 5715 1905 5762; x_wconf 89' lang='lat' dir='ltr'><strong>cur</strong></span> <span class='ocrx_word' id='word_1_679' title='bbox 1937 5716 2009 5789; x_wconf 83' lang='lat' dir='ltr'><strong>nnn</strong></span> <span class='ocrx_word' id='word_1_680' title='bbox 2035 5694 2140 5763; x_wconf 89' lang='lat' dir='ltr'><strong>etiam</strong></span> <span class='ocrx_word' id='word_1_681' title='bbox 2162 5698 2366 5785; x_wconf 79' lang='lat' dir='ltr'><strong>decalogum</strong></span> 
     </span>
     <span class='ocr_line' id='line_1_102' title="bbox 1379 5794 2366 5888; baseline 0.002 -21"><span class='ocrx_word' id='word_1_682' title='bbox 1379 5795 1551 5887; x_wconf 76' lang='lat' dir='ltr'><strong>abrogat?</strong></span> <span class='ocrx_word' id='word_1_683' title='bbox 1582 5794 1786 5888; x_wconf 88' lang='lat' dir='ltr'><strong>praesertim</strong></span> <span class='ocrx_word' id='word_1_684' title='bbox 1814 5816 1895 5863; x_wconf 86' lang='lat' dir='ltr'><strong>cvrm</strong></span> <span class='ocrx_word' id='word_1_685' title='bbox 1921 5794 1982 5863; x_wconf 90' lang='lat' dir='ltr'><strong>illa</strong></span> <span class='ocrx_word' id='word_1_686' title='bbox 2006 5816 2086 5887; x_wconf 88' lang='lat' dir='ltr'><strong>pars</strong></span> <span class='ocrx_word' id='word_1_687' title='bbox 2112 5794 2197 5883; x_wconf 85' lang='lat' dir='ltr'><strong>legis</strong></span> <span class='ocrx_word' id='word_1_688' title='bbox 2212 5798 2256 5867; x_wconf 91' lang='lat' dir='ltr'><strong>sit</strong></span> <span class='ocrx_word' id='word_1_689' title='bbox 2272 5800 2366 5869; x_wconf 80' lang='lat' dir='ltr'><strong>‹tilb-</strong></span> 
     </span>
    </p>
   </div>
   <div class='ocr_carea' id='block_1_11' title="bbox 1807 5892 1857 5965">
    <p class='ocr_par' dir='ltr' id='par_1_33' title="bbox 1807 5892 1857 5965">
     <span class='ocr_line' id='line_1_103' title="bbox 1807 5892 1857 5965; baseline -0.02 0"><span class='ocrx_word' id='word_1_690' title='bbox 1807 5892 1857 5965; x_wconf 81' lang='grc'><strong>46</strong></span> 
     </span>
    </p>
   </div>
   <div class='ocr_carea' id='block_1_12' title="bbox 0 0 2926 6948">
    <p class='ocr_par' dir='ltr' id='par_1_34' title="bbox 0 0 2926 6948">
     <span class='ocr_line' id='line_1_104' title="bbox 0 0 2926 6948; baseline 0 0"><span class='ocrx_word' id='word_1_691' title='bbox 0 0 2926 6948; x_wconf 95' lang='lat' dir='ltr'><strong> </strong></span> 
     </span>
    </p>
   </div>
  </div>
 </body>
</html>
