5825 6950
339 702 399 783 909

337 878 493 952 Subditus
514 889 589 950 esto
611 874 706 966 ileo,
737 893 771 952 et
798 904 899 973 spera
934 880 973 949 in
1001 904 1054 953 eo.
1113 878 1253 955 Deinde
1281 867 1327 953 et'

600 704 700 783 xttt.
752 710 790 785 b.
818 700 1119 783 ENARRATIO
1145 704 1301 783 EPIST.
1326 703 1477 783 PAllbl
1502 700 1573 779 at>
1598 697 1862 781 ROMANOS.
1911 702 2020 783 CAP.
2047 706 2092 786 V.

2284 704 2368 776 ato

1450 856 1455 863 ¹
1471 879 1524 952 Ac
1537 892 1704 953 teneatur
1714 876 1917 950 discrimen
1927 873 2196 975 philosophicae
2212 876 2365 956 ethri·

334 982 578 1055 consolationes
593 984 847 1074 adiungemus,
872 1006 1023 1077 quarum
1046 984 1187 1080 aliquae
1211 999 1246 1058 et
1273 1010 1314 1057 ex
1367 984 1503 1057 stianee
1517 981 1719 1077 patientiae.

336 1080 383 1153 bis
400 1084 534 1173 causis,
559 1109 647 1180 quas
674 1087 857 1173 recensui,
888 1086 1067 1163 oriuntur.
1140 1086 1187 1161 Ut
1214 1087 1310 1160 enim

333 1202 359 1257 et
376 1187 524 1259 velimus
544 1187 807 1277 obedientiam,
847 1192 944 1285 quod
976 1192 1070 1261 velle
1100 1206 1151 1263 est
1186 1194 1312 1280 virtus,
1366 1242 1375 1262 .

332 1313 407 1384 qssae
436 1290 647 1365 nominatur
677 1289 875 1380 Patientia,
917 1306 950 1366 et
975 1293 1059 1366 laeti
1086 1309 1310 1386 expectemus

330 1394 470 1483 exituro,
496 1416 637 1467 necesse
659 1407 711 1466 est
735 1398 775 1467 in
789 1396 946 1468 adversis
961 1396 1085 1469 videre
1103 1398 1241 1491 aliquas
1255 1422 1312 1469 res

327 1498 447 1583 bonas,
476 1496 611 1572 scilicet
635 1499 856 1573 voluntatem
878 1496 947 1570 Dei
970 1500 1120 1587 bonam,
1142 1524 1309 1595 praesen·

329 1600 404 1671 tiam
419 1598 510 1687 ttet,
534 1600 707 1673 auxilium
722 1599 812 1688 llei,
839 1605 975 1677 bonurn
995 1603 1114 1675 linem.
1147 1619 1153 1627 '

414 1700 509 1775 Cum
528 1697 615 1775 baec
635 1705 730 1777 bona
753 1705 933 1777 cernimus
956 1706 994 1775 in
1016 1704 1192 1793 adversis,
1218 1706 1309 1776 incr·

321 1804 434 1897 pimus
457 1805 581 1902 aliquo
604 1809 713 1880 modo
736 1808 829 1880 relle
851 1802 945 1879 hanc
965 1809 1208 1882 obedientiam
1224 1832 1308 1903 pro-

318 1921 393 2001 pter
408 1906 548 1998 Deum,
575 1924 611 1983 et
624 1934 699 1984 non
714 1924 992 1985 tantumsomus
1014 1912 1052 1983 in
1078 1913 1221 1997 dolore,
1245 1914 1305 1982 sed

314 2011 381 2083 fide
405 2024 441 2084 et
464 2034 527 2105 spe
542 2013 781 2107 vivificamur,
806 2026 841 2085 et
868 2014 991 2109 aliquo
1011 2016 1120 2088 modo
1142 2016 1224 2087 laeti
1247 2039 1305 2085 cx·

314 2126 496 2205 minus
521 2117 667 2188 exitum.
707 2116 797 2190 Nam
815 2118 1011 2191 consolatio
1027 2120 1133 2191 debet
1148 2119 1305 2213 aliquam

1467 1132 1721 1231 Philosopbica
1743 1137 1913 1231 patientia
1939 1151 1991 1210 est
2015 1162 2089 1212 non
2107 1139 2223 1211 iacere
2235 1156 2359 1215 eontra

1365 1244 1539 1315 iusticiam
1557 1254 1617 1314 aut
1634 1240 1723 1312 alias
1737 1240 1886 1315 virtutes
1898 1242 2030 1314 fractos
2046 1242 2188 1328 dolore,
2207 1256 2248 1315 ut
2265 1241 2355 1317 Cato

1362 1348 1446 1419 lacit
1464 1361 1587 1418 contra
1610 1346 1809 1432 iusticiam,
1833 1346 1917 1441 quia
1942 1337 2089 1439 prepter
2108 1346 2270 1417 dolorem
2284 1347 2354 1420 sibi

1362 1450 1535 1522 conscivit
1549 1464 1713 1523 mortem.
1766 1444 1937 1520 Aristidis
1960 1449 2089 1523 tolerat
2113 1447 2263 1522 iniurias
2290 1476 2354 1544 pa-

1361 1552 1510 1641 tienter,
1535 1566 1572 1625 et
1587 1565 1629 1625 ut
1644 1552 1750 1623 dolor
1764 1551 1886 1647 aliquo
1909 1554 2017 1626 modo
2038 1552 2213 1638 leniatur,
2238 1577 2354 1647 quae-
2419 1564 2424 1575 “

1279 1704 1288 1723 .
1360 1656 1407 1727 rit
1434 1656 1523 1731 alias
1540 1676 1665 1727 caustu
1689 1677 1731 1727 ex
1763 1648 1838 1741 bis,
1871 1678 1961 1751 quas
1985 1655 2165 1728 recensui:
2198 1680 2351 1750 quarum

1359 1759 1553 1853 praecipua
1568 1771 1641 1845 est,
1667 1755 1769 1831 Bona
1786 1754 2026 1846 musciantii,
2049 1771 2084 1831 et
2105 1754 2194 1829 baec
2217 1762 2352 1851 qssalis-

1358 1886 1500 1959 cunque
1516 1861 1686 1955 patientia
1702 1876 1905 1957 potestesse
1925 1860 2005 1933 sinc
2027 1884 2089 1957 spe
2112 1861 2234 1934 ausilii
2251 1879 2288 1934 et
2304 1864 2351 1933 li-

1359 1965 1564 2071 berationis.

1457 2116 1528 2191 Sed
1546 2114 1719 2211 patientis
1732 2059 1939 2188 Christiana
1966 2126 2036 2201 est,
2053 2136 2131 2185 noo
2154 2112 2269 2185 solum
2287 2111 2348 2193 ni-
2490 2128 2494 2136 ·

316 2216 504 2304 laetitiam,
529 2220 846 2315 quantulacunque
868 2232 939 2307 est,
965 2221 1004 2292 in
1029 2224 1136 2293 corde
1159 2222 1307 2293 efficere.
1357 2214 1409 2289 bil
1433 2234 1556 2292 contra
1581 2220 1701 2291 Deum
1718 2220 1836 2291 iacere
1863 2218 1995 2291 fractos
2023 2217 2168 2302 dolore,
2199 2229 2241 2289 ut
2263 2216 2349 2287 iacit

317 2316 384 2389 lam
418 2319 466 2393 sit
499 2321 538 2391 in
574 2336 765 2416 conspectu
797 2323 989 2395 discrimen
1018 2326 1305 2397 consolationum
1358 2320 1457 2404 Saul,
1472 2324 1531 2394 sed
1549 2335 1601 2395 est
1615 2322 1738 2417 aliquo
1748 2324 1856 2397 modo
1872 2322 1963 2392 velle
1973 2321 2228 2405 obedientiam,
2244 2320 2348 2408 agni·

316 2416 643 2517 philosophicarum
660 2440 694 2499 et
716 2420 1010 2517 theologicarum.
1091 2514 1096 2525 .

921 2610 928 2625 ⁸
1358 2522 1423 2601 hac
1446 2529 1514 2600 fide
1536 2516 1658 2621 et'spe
1683 2527 1809 2599 auxilii
1832 2526 1949 2598 divini
1977 2539 2012 2599 et
2033 2524 2258 2599 liberationis
2281 2519 2347 2595 ba·

576 2608 666 2663 ³⁰⁰¹
684 2610 929 2677 ll¹¹⁰'⁰¹'l¹⁰¹
946 2616 1045 2666 'w'
1358 2632 1440 2703 bere
1456 2632 1747 2704 corvivificatum
1765 2631 1874 2702 verbo
1891 2626 1979 2717 Dei,
2001 2628 2070 2715 ita,
2096 2645 2135 2702 ut
2156 2628 2277 2722 aliqua
2298 2626 2346 2697 sit

362 2732 398 2801 1.
424 2726 639 2803 Necessitas.

357 2834 397 2907 Ξ.
423 2831 591 2925 Dignitas
608 2834 764 2914 virtutis.

358 2936 398 3011 3.
425 2934 531 3009 Bona
544 2937 771 3013 conscientia.

1356 2734 1492 2807 laetitia
1505 2735 1672 2807 minuens
1688 2735 1866 2806 dolorem:
1893 2747 1934 2805 ut
1948 2732 2064 2804 David
2090 2733 2128 2803 in
2147 2730 2253 2803 exilio
2269 2730 2347 2801 vult

1356 2838 1478 2933 aliquo
1494 2842 1602 2911 modo
1616 2838 1857 2909 obedientiam
1876 2850 2021 2931 propter
2033 2831 2166 2925 Deum,
2179 2847 2214 2905 et
2230 2856 2347 2927 quan·

1356 2964 1464 3035 quam
1489 2942 1668 3033 ingentem
1689 2941 1851 3011 dolorem
1875 2939 2097 3024 circumfert,
2124 2951 2241 3010 umen
2266 2958 2348 3007 sen-

1355 3044 1398 3115 tit
1412 3046 1523 3116 verbo
1545 3044 1722 3115 vivificari
1745 3068 1827 3128 cor,
1848 3056 1887 3113 ut
1909 3042 2030 3140 aliqua
2050 3039 2095 3113 sit
2117 3040 2251 3114 laetitia
2277 3038 2345 3108 uri·

1354 3170 1470 3221 nuens
1495 3140 1668 3220 dolorem.

358 3042 397 3113 4.
421 3036 609 3133 Exempla.

356 3140 396 3219 5.
423 3140 573 3215 Utilitas
594 3140 769 3230 aliorum,
793 3143 893 3218 utin
912 3142 1054 3221 militia.

356 3246 395 3323 6.
419 3242 577 3319 Collatio
604 3260 809 3323 eventuum.

593 3429 909 3500 bootttaotogtct
931 3432 1027 3484 „W
1603 3360 1796 3441 Patientia
1828 3363 2095 3465 probationem.

1456 3509 1498 3584 ld
1516 3524 1585 3591 est,
1611 3510 1782 3603 patieutis
1799 3509 2232 3600 eflicit-explorationem,
2255 3527 2346 3601 quae

1349 3617 1508 3689 ostendit
1536 3616 1642 3687 tidem
1671 3637 1747 3686 noe
1769 3636 1844 3685 esse
1871 3614 2095 3699 simulatam,
2125 3613 2186 3683 sed
2214 3633 2345 3694 veram,

1353 3721 1471 3790 risam
1492 3732 1527 3790 et
1549 3720 1747 3790 ardentem
1804 3711 1974 3788 Ostendit
1998 3729 2116 3786 sutem
2141 3713 2288 3784 afllictio
2309 3728 2344 3783 et

1351 3825 1431 3894 aliis
1445 3836 1479 3893 et
1498 3823 1601 3892 nobis
1617 3821 1720 3913 ipsis,
1735 3819 1840 3888 iidem
1857 3841 1931 3888 non
1948 3819 2149 3892 simulatam
2164 3836 2249 3890 esse.
2290 3814 2345 3886 Ac

1350 3929 1395 3996 de
1415 3924 1570 3996 aliorum
1593 3923 1797 3995 testimonio
1818 3944 1892 3993 non
1910 3935 1961 3992 est
1977 3943 2068 4012 opus
2088 3918 2344 3990 declaratione.

1350 4027 1441 4100 Cum
1467 4027 1529 4098 alii
1559 4027 1704 4106 vident,
1727 4046 1828 4094 senes
1848 4024 2024 4116 sapientes
2045 4022 2153 4093 malle
2179 4017 2345 4106 interfici,
2432 4106 2438 4116 ἢ

1349 4155 1455 4226 quam
1487 4130 1641 4212 abiicere
1671 4127 1950 4211 confessionem,
1990 4125 2251 4196 ratiocinantur
2283 4146 2344 4192 eos

1349 4259 1430 4304 vere
1448 4227 1517 4305 lsoc
1532 4233 1682 4317 sentire,
1708 4234 1804 4324 quod
1823 4231 2054 4320 profitentur,
2082 4251 2163 4296 narn
2179 4226 2257 4296 sani
2274 4221 2341 4294 ho-

1348 4339 1464 4408 mines
1486 4359 1559 4408 non
1575 4335 1707 4407 vellant
1728 4347 1802 4406 tam
1818 4332 1931 4404 tristia
1957 4332 2029 4424 pati
2052 4329 2343 4424 propter-inanes

1348 4441 1498 4513 fabulas.

357 3556 391 3630 l.
416 3553 635 3643 Necessitas,
656 3555 843 3644 videlicet,
868 3559 925 3629 lex
941 3569 978 3632 et
996 3555 1138 3628 iusticia
1152 3551 1233 3634 Dei.

354 3663 392 3734 2.
418 3655 587 3751 Dignitas
610 3658 765 3732 virtutis.

353 3763 390 3836 8.
417 3760 522 3833 Bona
539 3761 766 3836 conscientia.

292 3865 304 3890 ⁹
354 3863 392 3936 4.
423 3861 604 3938 Remissio
623 3879 846 3958 peccatorum
864 3879 897 3936 et
912 3863 1167 3939 reconciliatio.

354 3963 393 4040 5.
423 3966 574 4058 Agnitio
591 3969 809 4061 praesentiae
827 3969 894 4040 Dei
910 3983 945 4039 ct
960 3967 1085 4038 ausilii
1103 3969 1232 4040 divini.

352 4071 390 4143 6.
421 4069 513 4165 Spes
533 4069 767 4162 mitigationis
791 4085 824 4144 et
850 4071 1072 4144 liberationis
1094 4069 1234 4159 finalis,
1261 4088 1296 4145 ct

459 4174 651 4250 invocatio.

353 4271 389 4348 7.
417 4269 603 4369 Exempla.

354 4381 388 4452 8.
420 4375 564 4452 Utilitas
580 4378 745 4454 aliorum.

353 4481 390 4556 9.
417 4477 574 4554 Collatio
590 4497 794 4556 eventuum.

401 4579 641 4658 Considerata
671 4600 790 4660 autem
821 4585 1005 4658 communi
1042 4587 1204 4659 doctrina
1249 4590 1294 4660 de
1449 4589 1536 4664 Plus
1551 4602 1668 4661 autem
1686 4602 1756 4674 est,
1783 4585 1878 4683 quod
1902 4609 1982 4656 curn
2008 4607 2082 4656 non
2103 4579 2285 4654 deficimus
2303 4579 2341 4647 in

311 4675 481 4759 Patientia
504 4699 537 4759 et
566 4688 894 4776 consolationibus,
937 4689 1098 4781 gradatio
1129 4692 1167 4762 in
1197 4703 1294 4764 textu
1345 4695 1623 4777 afflictionibus,
1658 4691 1821 4782 nosipsi
1853 4689 2028 4758 sentimus
2055 4687 2273 4758 incrementa
2306 4695 2342 4752 et

313 4785 434 4859 melius
457 4788 686 4883 intelligetur.
736 4791 942 4866 'l'ribulatio
962 4793 1145 4880 videlicet,
1178 4806 1293 4866 totum
1346 4799 1648 4878 consolationem,
1688 4810 1807 4865 motus
1835 4789 1993 4881 Spiritus
2024 4789 2136 4862 sancti
2171 4799 2205 4858 et
2240 4809 2341 4879 prae-

313 4881 483 4959 baconus
502 4895 728 4966 miseriarum
751 4897 790 4966 in
807 4891 966 4968 Ecclesia
988 4899 1193 4988 patientiam
1216 4897 1293 4968 elfi-
1347 4905 1496 4976 sentiam
1517 4897 1607 4984 Dei,
1631 4897 1724 4968 sicut
1746 4893 1878 4966 Paulus
1897 4891 2032 4989 inquit:
2057 4891 2215 4984 Spiritus
2230 4889 2342 4960 inter-

313 4987 365 5075 cit,
393 4991 563 5064 videlicet
584 4996 622 5068 in
645 4994 721 5081 bis,
748 4998 810 5093 qui
833 5014 986 5072 cernunt
1008 5001 1140 5070 bonam
1162 5001 1292 5072 volun·
1346 5009 1455 5102 pellat
1472 5027 1538 5097 pro
1553 5000 1660 5071 nobis
1672 4999 1861 5090 gemitibus
1880 4995 2195 5068 inenarrabilibus.
2231 4987 2339 5062 item:

313 5103 410 5164 tatem
425 5093 516 5181 Dei,
532 5107 566 5166 et
583 5103 816 5188 praesentiam
829 5099 899 5174 Dei
917 5103 955 5173 in
971 5103 1149 5189 adversis,
1174 5117 1208 5174 et
1223 5104 1292 5175 lide
1347 5105 1543 5200 decepistis
1568 5103 1734 5196 spiritum
1763 5099 1968 5192 adoptionis
1998 5099 2155 5168 filiorum
2182 5094 2340 5164 claman-

314 5197 654 5285 etspeerectisunt:
677 5205 773 5271 utin
792 5203 930 5277 Davide
953 5205 1136 5294 exulante,
1162 5231 1234 5278 nou
1254 5209 1291 5278 in
1346 5228 1416 5286 rem
1439 5207 1544 5284 Abba
1568 5203 1694 5285 Pater,
1737 5205 1800 5300 qui
1833 5205 1894 5274 dat
1922 5199 2166 5272 testimonium
2198 5195 2340 5286 spiritui

315 5291 489 5390 Epicureis
514 5314 576 5375 aut
607 5300 646 5371 in
669 5299 793 5377 Saule:
824 5303 863 5374 bi
892 5323 1125 5382 cumtantom
1150 5313 1293 5383 videant
1345 5330 1482 5386 nostro.
1538 5303 1586 5382 Εἰ
1606 5303 1750 5380 Nabum
1781 5305 1914 5398 primo:
1946 5298 2274 5375 Bonos‘Dominus
2308 5310 2343 5366 et

315 5403 413 5492 mals,
440 5428 515 5476 uon
539 5418 624 5477 sunt
643 5407 827 5500 patientes.
888 5405 937 5481 Ut
958 5413 1066 5500 igitur
1087 5415 1134 5486 sit
1154 5415 1291 5506 paticn·
1345 5417 1551 5490 confortans
1573 5411 1611 5482 in
1628 5411 1686 5482 die
1702 5407 1964 5491 tribulationis,
1990 5419 2024 5477 et
2048 5419 2339 5492 curansaperan-

313 5503 371 5590 tia,
397 5531 538 5579 necesse
553 5523 624 5590 est,
648 5523 688 5580 ut
714 5510 914 5602 praeluceat
929 5513 1092 5586 doctrina
1108 5517 1293 5605 decausis,
1344 5521 1461 5592 tes-in
1480 5519 1610 5609 ipsum.
1658 5509 1787 5584 Esaiae
1809 5511 1893 5586 28.:
1921 5509 2038 5598 Quem
2060 5502 2203 5578 docebit
2225 5503 2341 5571 scicn-

315 5627 412 5696 quare
424 5607 581 5682 Ecclesia
597 5610 753 5683 subiecta
776 5613 822 5688 sit
843 5615 1034 5690 aerumnis.
1086 5617 1174 5691 ltem
1193 5621 1291 5712 fides,
1343 5621 1455 5696 tiam?
1479 5621 1720 5692 Ablactatosa
1739 5615 1840 5688 lacte.
1891 5611 1996 5685 ltcm:
2024 5606 2172 5680 Venatio
2201 5607 2261 5674 dat
2283 5603 2341 5670 iu·

314 5731 393 5798 quae
412 5714 541 5806 accipit
568 5716 893 5788 reconciliationem
928 5731 962 5790 et
992 5721 1106 5794 cernit
1124 5745 1291 5816 praesen·
1343 5725 1538 5797 tellectum.
1589 5719 1696 5792 ltem:
1719 5711 1966 5788 Erudieteum
1990 5703 2342 5782 iniudiciolleuset

313 5813 387 5884 tiam
404 5811 490 5900 Dei,
509 5829 544 5888 et
566 5839 646 5912 spes
668 5841 759 5914 quac
784 5831 942 5912 expectat
965 5822 1137 5897 auxilium
1152 5825 1290 5898 etlibc·
1342 5826 1484 5898 docebit
1500 5848 1593 5896 eum.
1643 5817 1938 5891 Ecclesiast.30.:
1973 5813 2046 5906 Qui
2062 5835 2136 5882 non
2154 5822 2204 5880 est
2225 5820 2340 5878 tenta-

311 5919 488 5995 'tllonffla
1311 5889 1318 6008 l
1345 5945 1420 6018 tus,
1446 5926 1565 6025 qualia
1584 5922 1675 5996 scit?

1358 2425 1455 2497 tione
1469 2427 1584 2499 bonae
1601 2425 1798 2497 voluntatis
1815 2421 1885 2496 Dei
1909 2436 1945 2495 et
1969 2424 2187 2517 praesentiae
2202 2418 2289 2507 Dei,
2312 2439 2347 2492 et
2498 2474 2503 2483 .
