5825 6950
455 758 460 768 ,
550 672 625 750 ssi
1161 671 1289 748 ruti,
1314 673 1431 752 nisi,
1459 619 1670 752 sentiri
1697 675 1998 758 amaurici,
2074 685 2079 690 ·
2127 740 2130 750 ,
2520 691 2596 764 ιιι
2645 679 2646 700 ¹

554 861 702 941 prepter
724 843 981 940 professionem
1003 870 1107 917 verae
1130 850 1313 922 doctrinae
1334 873 1377 919 ex
1393 846 1552 923 Ecclesia
1578 858 1582 892 ¹
1606 857 1838 942 naeirationi,
1862 880 1989 928 sonare
2005 869 2126 927 vticam
2136 859 2203 930 Dei
2220 860 2314 931 inter
2328 859 2486 950 pollutos
2502 873 2598 933 tanti

492 973 497 980 ’
554 950 684 1022 ιὶἱιιιι
699 961 897 1034 conantur,
922 950 1159 1026 consolemur.
1606 958 1849 1052 turpitudine,
1875 973 1909 1032 et
1926 959 2091 1048 colligere
2105 984 2145 1030 ex
2163 963 2293 1033 talibns
2308 959 2503 1034 Ecclesiam
2519 961 2599 1040 Dei.

1608 1061 1693 1134 ldeo
1726 1059 1849 1131 ludaei
1880 1058 2107 1132 vehementer
2137 1059 2452 1136 stomachabantur
2479 1067 2600 1154 initio,

731 1113 784 1190 1⁰
807 1113 989 1192 'haidum
1011 1120 1051 1192 5⁰
1072 1116 1171 1195 'mm
1190 1117 1382 1203 mundum·
1607 1189 1688 1235 cum
1705 1165 1868 1235 viderent
1882 1163 2116 1255 Evangeliiim
2133 1169 2249 1259 spargi
2267 1169 2362 1238 inter
2375 1182 2508 1258 gentes.

665 1257 769 1331 Duae
784 1274 870 1332 sunt
886 1259 1084 1330 sententiae
1097 1259 1346 1353 gravissimae,
1371 1264 1474 1334 valde
1488 1290 1555 1358 pii·

561 1373 712 1453 gnarum
737 1377 819 1433 curn
842 1363 917 1454 lege
937 1377 972 1432 et
990 1363 1164 1454 sapientia
1186 1357 1358 1435 humana.
1420 1364 1556 1453 Altera,

562 1465 660 1560 qnod
674 1461 912 1555 Evangelium
928 1465 1054 1534 offerat
1067 1466 1216 1556 salutem
1231 1467 1402 1553 indignis.
1454 1465 1557 1542 Alte·
1633 1520 1667 1590 ,ἀ
1820 1522 1829 1538 .
1925 1529 1928 1534 .
2337 1524 2346 1541 .
2527 1525 2536 1542 .

561 1591 622 1652 m,
647 1555 746 1660 quod
769 1590 830 1638 eos
850 1568 911 1662 qui
937 1566 1106 1638 videmur
1128 1570 1282 1641 maxime
1298 1573 1416 1661 digni,
1444 1588 1479 1644 et
1497 1599 1557 1642 ex·
1607 1548 1643 1590 vi
1672 1536 1768 1593 entes
1795 1523 1958 1614 videant,
1989 1535 2030 1592 ut
2052 1547 2143 1617 qnae
2165 1524 2208 1591 de
2232 1538 2416 1594 vocatione
2438 1539 2599 1613 gentium

564 1669 700 1741 cellnnt
723 1669 916 1762 sapientia,
946 1670 1082 1740 virtute
1102 1687 1138 1743 et
1156 1671 1363 1764 disciplina,
1390 1677 1450 1746 sed
1474 1700 1557 1768 pro-
1608 1623 1736 1716 p³⁸⁵im
1761 1626 2040 1744 ⁰⁰3¹⁶i⁰¹¹³¹¹¹iff⁹
2066 1638 2101 1744 Εἰ.
2115 1623 2246 1746 pi¹¹i¹¹⁵
2270 1625 2473 1747 dimicande
2489 1631 2601 1719 Pam·

1513 1778 1535 1796 ..
1608 1727 1686 1797 cula
1709 1723 1847 1814 Gratis,
1881 1729 2037 1798 clamitat
2065 1728 2252 1820 disciplina
2275 1751 2349 1798 non
2376 1729 2453 1799 tolli
2478 1754 2600 1821 pecca-

564 1784 645 1892 ΡΨ
660 1768 728 1842 ὴοο
742 1773 849 1890 diem
862 1785 1098 1844 mmmmm
1112 1799 1233 1894 vicem
1242 1772 1448 1895 Bivingdfi’
1473 1802 1557 1848 Μ’
1583 1877 1584 1882 1
1609 1843 1685 1898 tum
1708 1853 1825 1900 coram
1843 1827 1919 1905 Deo
1965 1831 2023 1898 sed
2049 1845 2169 1920 gentes
2193 1847 2226 1902 et
2243 1831 2392 1900 Iiidaeos
2407 1831 2483 1901 sine
2500 1835 2599 1922 agni-

563 1887 645 1944 ciat.
694 1871 804 1946 Ratio
822 1869 980 1944 humana
997 1879 1208 1948 naturaliter
1219 1902 1407 1968 opiniones
1423 1905 1465 1951 ex
1482 1882 1584 1970 lege]
1929 1886 1939 1916 ’

564 1989 660 2046 ortas
689 1989 802 2056 tenet,
832 1977 1060 2068 disciplinam
1088 1979 1334 2070 magnifacit,
1367 1997 1402 2053 et
1424 1984 1557 2056 iudicat
1581 1969 1585 2099 ἰ
1609 1929 1707 2051 ῑξοῃθ
1729 1932 1812 2016 fim’
1835 1932 1902 2052 ⁸⁰.b
1921 1946 2111 2026 {meamet
2130 1957 2207 2053 ηοξ
2223 1956 2319 2017 ‘⁵⁵⁶’
2344 1934 2598 2056 ‘treciphgm'

1607 2047 1653 2103 tis
1675 2048 1819 2126 propter
1836 2036 1950 2105 lilium
1967 2058 2111 2121 omnes,
2138 2060 2199 2129 qui
2217 2039 2357 2106 adeum
2375 2039 2597 2128 confugiunt.

538 2164 542 2169 ,
564 2073 642 2147 13⁰⁰
673 2077 812 2169 Placere
840 2095 969 2166 ¹⁰⁸¹⁰⁵¹
1003 2095 1064 2152 ³¹¹¹
1097 2105 1126 2150 ⁸¹
1152 2106 1241 2175 ‘³⁰⁰⁸
1271 2083 1387 2174 ¹³p⁸⁰⁵
1419 2101 1556 2178 “⁹¹9¹''
1582 2102 1704 2243 illaec
1724 2151 1800 2208 erat
1822 2137 1942 2228 ignota
1968 2139 2092 2208 concio
2115 2132 2328 2234 hypocritis,
2355 2140 2415 2208 scd
2438 2163 2505 2209 nos
2523 2165 2596 2210 eam
2645 2235 2646 2240 ἵ

563 2191 659 2250 cem
691 2203 766 2300 {¹⁰¹¹
795 2181 968 2274 ‘wipere’
1001 2183 1071 2302 ’.ιίδὶ
1102 2198 1249 2275 pmpm
1277 2185 1395 2304 inqua
1422 2191 1557 2307 'nima‘
1582 2246 1586 2328 l
1607 2239 1645 2307 iii
1660 2235 1815 2310 Ecclesia
1839 2263 1942 2310 nosse
1964 2254 1998 2311 et
2021 2254 2317 2332 tencrevoportet,
2345 2256 2491 2333 propter
2506 2243 2597 2312 mul-

562 2275 612 2352 lli
642 2305 726 2376 quia
755 2305 940 2377 nunquam
970 2301 1052 2370 scit,
1090 2311 1184 2380 quae
1209 2304 1334 2359 merita
1369 2290 1556 2376 sufficiant,
1583 2337 1659 2429 *m
1681 2365 1821 2429 causas,
1852 2358 1891 2416 u,
1912 2343 1986 2412 filio
2011 2343 2081 2413 Dei
2103 2343 2283 2414 „phuam
2306 2344 2448 2413 gebim,
2470 2339 2596 2425 hono„

563 2384 662 2504 ¹d⁰⁰.
684 2408 822 2506 ”mpef
855 2386 1000 2507 ,dim
1035 2390 1081 2458 de
1113 2406 1237 2509 giam
1305 2389 1410 2512 lim.
1433 2418 1556 2484 ⁰p¹¹¹¹⁰
1582 2444 1712 2526 litem,
1743 2459 1784 2514 ut
1810 2445 2045 2514 conscientiae
2072 2445 2210 2515 firmam
2240 2446 2518 2516 consolationem
2545 2463 2594 2516 tc-

563 2509 726 2604 omnium
753 2510 883 2558 animis
900 2506 1023 2561 innata
1038 2505 1107 2577 est,
1134 2496 1214 2562 ideo
1230 2487 1410 2564 Pharisaei
1428 2496 1558 2567 nolunt
1582 2523 1586 2604 ι
1701 2559 1713 2614 ¹
1778 2543 1812 2618 h
1939 2570 1958 2616 e
1973 2550 1996 2618 d
2019 2560 2032 2618 ι
2052 2571 2089 2617 π
2110 2571 2212 2618 amur
2226 2545 2381 2618 abEvan
2407 2550 2474 2618 elio

561 2583 756 2659 Ecclesiam
788 2590 908 2682 colligi
940 2616 982 2662 ex
1014 2618 1057 2664 eo
1080 2617 1250 2682 numero,
1283 2597 1346 2689 qui
1368 2597 1458 2668 vivit
1480 2598 1556 2667 sine
1608 2569 1727 2615 Μ’
1813 2571 1887 2632 ‘m'
1912 2571 1937 2616 ¹¹
1999 2572 2050 2618 οε
2090 2573 2108 2618 ⁰
2384 2571 2407 2638 ὅ
2476 2573 2592 2640 ’9¹⁰'

562 2689 770 2782 disciplina,
795 2706 834 2763 u,
851 2717 893 2763 θ,
909 2693 1086 2784 genubus·
1607 2662 1724 2739 pterea
1748 2652 1844 2743 quod
1862 2655 1955 2719 inter
1969 2644 2151 2735 homines,
2178 2673 2330 2743 quorum
2348 2651 2491 2720 maxima
2509 2672 2588 2743 pars

595 2825 599 2834 ·
667 2791 737 2864 sed
767 2788 828 2864 bic
856 2797 1007 2867 maxim,
1034 2799 1252 2892 conspicitur
1274 2799 1399 2892 ingens
1419 2767 1556 2871 miser,-
1607 2751 1711 2843 plena
1736 2765 1788 2824 est
1809 2752 1941 2824 furoris
1964 2765 1999 2827 et
2021 2752 2214 2838 scelerum,
2246 2753 2479 2874 praedicatur.
2536 2749 2592 2822 Ile

1607 2846 1676 2923 hoc
1700 2866 1800 2925 tanto
1822 2855 1988 2926 scandalo
2008 2877 2175 2945 magnum
2198 2867 2233 2926 et
2255 2855 2399 2926 difficile
2420 2867 2595 2926 certamen

563 2893 683 2966 cordia
708 2893 797 2982 Dei,
830 2899 926 2990 quod
951 2924 1054 2970 suum
1077 2898 1332 2993 Evangelium,
1367 2928 1466 2978 suam
1492 2929 1558 2974 vo·
1606 2954 1832 3030 fuitChrmo
1855 2970 1890 3028 e,
1904 2955 2086 3050 Aponon,
2104 2981 2184 3028 ,um
2201 2951 2415 3051 hypocpigig,
2443 2952 2594 3030 egchri.

563 3020 639 3168 {⁰¹¹¹
661 3021 736 3118 ⁰9¹¹
762 2999 877 3069 solum
898 3003 1031 3093 δρψ
1054 3005 1149 3124 imit
1166 3029 1249 3090 ’ω’
1282 3007 1343 3100 (Ῑυί
1368 3006 1557 3126 Minna
1582 3073 1584 3135 l
1605 3069 1681 3130 stus
1695 3055 1764 3130 hoc
1777 3073 1984 3150 argumento
1999 3059 2285 3130 concionaturde
2300 3083 2366 3129 ove
2381 3060 2539 3152 perdita,
2565 3073 2594 3131 et

581 3113 694 3170 renati
720 3115 824 3187 sunt,
856 3106 917 3172 sed
946 3129 1090 3198 prorsus
1116 3121 1210 3178 inter
1231 3133 1355 3178 omnes
1380 3104 1557 3194 homines,
1582 3142 1584 3166 ι

563 3200 670 3272 etiam
702 3197 941 3276 horribilibus
968 3207 1065 3280 vitiis
1088 3210 1357 3286 contaminatos.
1417 3207 1556 3282 Omnes
1581 3167 1584 3226 i
1607 3165 1653 3232 de
1680 3163 1754 3232 51³⁰
1785 3162 1954 3254 pr⁰dig⁰’
1987 3175 2023 3234 εἰ
2052 3162 2153 3233 addit
2183 3160 2426 3232 dnlcmimam
2457 3186 2590 3232 vocem:

1581 3251 1584 3289 l
1717 3265 1726 3282 ·
1906 3264 1915 3282 i
2053 3265 2061 3282 ι
2169 3263 2178 3280 ι

562 3316 665 3375 ,0031
686 3306 732 3374 ,d
754 3306 1030 3398 poeniteam,
1057 3325 1091 3382 ,t
1110 3302 1217 3384 bffm
1240 3313 1386 3384 salumn
1409 3329 1557 3409 Propter
1581 3292 1584 3375 ί
1608 3261 1790 3336 Gaudium
1821 3279 1874 3335 est
1904 3287 1943 3334 in
1974 3266 2080 3336 coelis
2108 3289 2222 3336 maius
2246 3265 2291 3334 de
2312 3286 2387 3336 uno
2412 3278 2594 3356 peccatore

561 3405 676 3476 lilium
698 3403 767 3479 Dei
794 3410 985 3498 omuibus,
1020 3413 1082 3508 qui
1110 3431 1386 3501 convertuntur,
1417 3416 1556 3487 etiamsi
1581 3386 1584 3477 ἷ
1606 3382 1730 3485 {³3⁰⁰oe
1754 3367 2031 3458 ‘'mmm''
2056 3389 2162 3460 qum
2184 3369 2229 3437 de
2250 3381 2444 3459 magma
2468 3391 2593 3439 wem
2645 3461 2646 3470 ι

561 3522 665 3581 antea
695 3509 772 3581 sine
803 3512 990 3606 disciplina
1022 3517 1198 3592 vixerunt,
1263 3516 1317 3589 Ac
1345 3520 1555 3609 magnitudo
1581 3482 1583 3511 τ
1605 3482 1724 3553 ¹⁰⁸¹¹⁸’
1751 3470 1814 3565 qui
1830 3486 2047 3563 mmmmm
2064 3495 2137 3542 ⁰⁰¹¹
2155 3471 2328 3560 ¹¹¹d¹3⁹¹¹L

527 3616 531 3624 '
560 3610 825 3684 misericordiae
842 3611 910 3685 Dei
932 3619 1045 3709 magis
1063 3618 1275 3711 intelligitur
1298 3621 1338 3690 iii
1364 3622 1555 3693 collatione
1707 3618 1862 3694 Econtra
1878 3646 1963 3693 vero
1980 3619 2098 3715 inquit
2106 3615 2269 3692 Christus
2283 3614 2351 3689 hoc
2365 3618 2463 3691 loco:
2491 3617 2596 3700 Veni,

562 3726 597 3783 et
610 3712 698 3805 ipsis
712 3710 883 3793 historiis.
935 3716 1070 3791 Confer
1085 3716 1260 3793 Nazareth
1275 3720 1472 3796 etRomam
1483 3723 1555 3796 Ne-
1607 3722 2037 3795 utvidentescaeciliant.
2090 3720 2190 3809 Item,
2213 3723 2241 3791 si
2258 3721 2350 3792 caeci
2367 3722 2496 3807 essetis,
2521 3746 2596 3791 non

561 3815 661 3885 renis
682 3829 860 3911 tempore,
886 3821 1006 3892 minus
1029 3824 1161 3894 mirum
1184 3838 1256 3910 est,
1281 3849 1409 3897 sonare
1432 3851 1554 3898 vocem
1605 3820 1783 3898 haberetis
1800 3840 1997 3919 peccatum:
2023 3824 2128 3895 Nunc
2142 3824 2261 3896 dicitis
2276 3847 2338 3893 vos
2354 3824 2489 3909 videre,
2516 3825 2596 3895 ideo

560 3914 631 3988 Dei
653 3931 686 3990 et
710 3921 830 4011 colligi
852 3920 1047 3996 Ecclesiam
1070 3927 1109 3995 in
1131 3921 1325 4009 Nazareth,
1361 3928 1424 4000 ubi
1447 3930 1555 4000 disci·
1605 3942 1785 4021 peccatum
1811 3942 1964 4000 vestrum
1988 3942 2119 4000 manet.
2184 3922 2360 3997 Omnium
2383 3950 2502 3996 rerum
2528 3923 2598 3998 hu-

561 4019 661 4113 plina
673 4020 841 4111 florebat,
862 4020 980 4097 adhuc
993 4028 1214 4099 retinebatur
1229 4030 1280 4100 ibi
1297 4054 1377 4100 vera
1392 4032 1554 4103 doctrina
1604 4054 1790 4101 manarum
1806 4033 1938 4123 optima
1953 4055 2007 4101 res
2022 4042 2092 4112 est,
2119 4044 2153 4101 et
2168 4029 2379 4122 pulcerrima
2396 4029 2599 4120 disciplina,

562 4124 702 4207 denno
723 4120 820 4212 Deo,
852 4129 1036 4200 conditore
1055 4129 1217 4201 omnium
1241 4156 1381 4216 rerum,
1408 4148 1554 4205 curante
1603 4132 1643 4205 id
1667 4147 1737 4219 est,
1760 4136 1851 4205 orde
1877 4134 1968 4205 vitae
1991 4146 2174 4217 externae,
2200 4152 2397 4220 congruens
2421 4131 2489 4221 legi
2516 4130 2598 4217 Dei,

561 4216 745 4311 h⁰¹¹¹f¹10⁸i
777 4230 986 4310 exaudiente
1007 4232 1136 4319 iustos,
1170 4246 1204 4303 et
1227 4234 1398 4326 puniente
1421 4238 1554 4309 atrocia
1604 4230 1698 4305 nihil
1721 4235 1848 4306 melius
1872 4249 1933 4308 aut
1956 4232 2114 4327 pulcrius
2131 4229 2238 4303 habet
2256 4228 2341 4302 haec
2359 4227 2515 4302 hnmana
2530 4258 2597 4303 na-

560 4326 703 4399 scslera.
754 4327 871 4430 Erant
891 4345 926 4404 et
949 4358 1065 4405 mores
1085 4330 1245 4422 honesti,
1269 4362 1308 4407 ac
1330 4339 1555 4431 magistratus
1604 4352 1703 4427 tura,
1726 4354 1759 4409 et
1783 4339 1916 4410 accedit
1939 4338 2143 4407 mandatum
2168 4331 2255 4416 Dei,
2281 4358 2354 4427 quo
2375 4335 2598 4408 severissime

559 4428 758 4519 puniebant
785 4434 907 4503 omnia
937 4436 1121 4508 manifesta
1151 4440 1293 4513 scelera.
1345 4438 1394 4513 At
1415 4441 1553 4516 Romae
1603 4442 1838 4534 praecipitur,
1869 4456 1904 4513 et
1932 4454 2050 4511 tamen
2072 4435 2141 4510 hoc
2164 4450 2262 4509 tanto
2287 4439 2383 4508 bono
2406 4440 2599 4529 praeditos,

438 4534 446 4548 '
560 4533 766 4621 praesertim
790 4532 944 4606 Neronis
973 4551 1152 4630 tempore,
1183 4542 1300 4635 qualis
1332 4558 1407 4614 crat
1435 4545 1554 4636 turpi·
1603 4559 1639 4616 et
1662 4544 1795 4637 optime
1818 4558 1991 4626 moratos,
2023 4544 2071 4612 ait
2097 4563 2216 4611 caecos
2240 4562 2333 4625 esse,
2368 4535 2460 4609 hanc
2481 4540 2595 4633 ipsam

560 4632 675 4703 tudo?
724 4632 882 4708 Maxima
907 4639 1101 4713 multitudo
1125 4666 1269 4734 prorsus
1290 4659 1365 4716 erat
1379 4646 1553 4739 epicurea,
1602 4648 1650 4716 ob
1673 4670 1828 4733 causam,
1860 4648 1956 4741 quod
1979 4644 2108 4715 fiducia
2129 4642 2336 4733 disciplinae
2360 4654 2598 4719 contemnunt

561 4745 596 4803 et
610 4735 829 4809 securissime
844 4740 984 4832 ridebat
999 4767 1122 4815 omnes
1135 4742 1344 4837 religiones,
1370 4746 1474 4841 pauci
1490 4750 1552 4819 alii
1602 4745 1848 4838 Evangelium.
1901 4747 1970 4820 Sed
1995 4742 2087 4817 hanc
2107 4744 2307 4815 caecitatem
2332 4758 2367 4815 et
2389 4738 2457 4815 hoc
2471 4769 2598 4838 pecca-

560 4834 724 4907 colebant
738 4839 847 4917 idola,
872 4840 1011 4915 Deinde
1026 4840 1250 4920 horribiliter
1264 4850 1393 4939 polluti
1405 4843 1563 4923 suenint-
1602 4863 1678 4922 tum
1705 4852 1861 4921 mundus
1885 4874 1959 4921 non
1980 4848 2165 4939 intelligit,
2192 4846 2346 4940 suntque
2369 4848 2538 4921 tenebrae
2556 4853 2596 4922 in

559 4936 706 5030 plurimi
727 4942 824 5032 vagis
844 4957 877 5016 ct
899 4944 1084 5036 flagitiosis
1100 4949 1332 5043 libidinibus,
1357 4976 1447 5050 quae
1462 4956 1550 5025 adeo
1601 4966 1738 5037 mento,
1770 4952 1936 5023 videlicet
1966 4950 2207 5023 dubitationes
2233 4949 2276 5018 de
2297 4943 2391 5033 Deo,
2424 4952 2595 5025 securitas

500 5063 505 5071 ·
558 5062 634 5110 non
658 5043 921 5133 puniebantur,
955 5063 995 5122 ut
1016 5051 1122 5122 etiam
1146 5077 1330 5125 concessae
1353 5056 1551 5148 voluptates
1600 5055 1771 5141 carnalis,
1797 5055 2014 5139 diffidentia,
2040 5064 2238 5131 contemtus
2253 5051 2480 5137 mediatoris,
2505 5054 2594 5129 falsa

559 5163 633 5211 esse
656 5158 883 5237 putarentur,
909 5174 950 5221 ac
972 5154 1262 5244 praestantissimi
1282 5158 1432 5226 maxime
1447 5173 1551 5230 erant
1599 5157 1777 5228 invocatio
1814 5159 1926 5227 animi
1960 5153 2160 5227 dubitantis
2198 5166 2234 5225 et
2262 5152 2433 5243 fugientis
2461 5150 2593 5233 Denm.

558 5246 802 5321 contaminati.
856 5250 946 5325 Item
967 5277 1113 5339 usurae,
1140 5271 1174 5327 et
1198 5257 1295 5328 varia
1317 5260 1466 5349 aucupia
1487 5284 1549 5353 pe·
1599 5257 1692 5333 Sunt
1715 5259 1832 5330 etalii
1853 5253 2320 5345 motusaherrantesalege
2336 5252 2404 5325 Dei
2420 5254 2591 5329 innona-

556 5347 683 5417 cuniae
712 5349 811 5422 laudi
832 5356 1064 5431 ducebantur.
1131 5355 1181 5430 Et
1204 5360 1277 5430 fere
1297 5360 1424 5432 similis
1447 5363 1549 5433 furor
1572 5316 1576 5407 i
1597 5362 1740 5433 rabiles.
1799 5358 1878 5435 Etsi
1901 5361 2010 5453 igitur
2032 5380 2150 5431 moras
2172 5356 2309 5429 externi
2329 5356 2422 5429 bene
2443 5382 2590 5453 compo-

515 5482 521 5497 ·
555 5462 634 5520 erat
646 5453 804 5541 gentium
818 5469 894 5529 tolo
907 5459 996 5530 orbe
1008 5472 1197 5533 terrarum.
1250 5459 1352 5533 Talis
1365 5488 1445 5535 rum
1459 5478 1549 5536 esset
1597 5464 1657 5535 siti
1680 5478 1782 5549 sunt,
1807 5476 1926 5535 tamen
1948 5464 2033 5557 quia
2053 5483 2153 5532 mens
2173 5459 2261 5531 furit
2283 5461 2454 5530 adversus
2474 5460 2588 5535 lilium

555 5546 672 5623 Roma
687 5551 841 5629 Neronis
861 5555 1037 5654 t‘enipore,
1061 5576 1182 5635 tamen
1199 5561 1252 5634 ibi
1267 5581 1370 5638 sonat
1385 5592 1453 5638 vox
1467 5565 1547 5649 Dei,
1596 5563 1685 5655 Dei,
1711 5590 1785 5637 nou
1796 5566 1923 5659 accipit
1935 5565 2179 5637 remissionem
2191 5574 2435 5654 peccatorum,
2461 5575 2496 5633 et
2512 5590 2587 5633 ma-

555 5664 591 5722 et
605 5649 795 5731 Ecclesiam
814 5663 970 5753 colligit,
995 5688 1077 5735 cuni
1093 5663 1227 5737 Paulus
1242 5666 1295 5737 ibi
1310 5664 1545 5761 Evangelium
1595 5684 1657 5743 net
1670 5694 1729 5741 rea
1745 5662 1909 5741 aeternae
1923 5669 2015 5755 irae,
2042 5678 2188 5761 propter
2202 5676 2421 5735 contemtum
2435 5663 2585 5749 liliillei,

551 5757 741 5845 praedicat.
793 5760 891 5836 Haec
905 5766 1116 5855 magnitudo
1131 5767 1395 5842 misericordiae
1412 5785 1545 5844 attente
1594 5786 1630 5843 et
1646 5773 1714 5843 alia
1729 5772 1840 5843 multa
1856 5785 2005 5863 peccata.
2055 5768 2135 5841 Hoc
2150 5766 2323 5840 iudiciuin
2335 5766 2506 5841 adversus
2518 5765 2581 5863 liy·

550 5860 806 5937 consideranda
826 5880 891 5939 est.
941 5864 1112 5939 Alienum
1136 5868 1231 5938 enim
1254 5873 1396 5944 videtur
1415 5869 1544 5947 buma—
1593 5873 1746 5967 pocritas
1761 5876 1830 5947 sibi
1845 5875 2024 5969 placentes
2038 5884 2185 5967 propter
2199 5882 2364 5943 externos
2376 5892 2496 5945 mores
2510 5894 2581 5943 nie-

1710 1314 1807 1386 Huic
1830 1301 1965 1386 iudicio
1990 1311 2168 1386 hnmanae
2190 1318 2340 1387 rationis
2363 1322 2601 1412 opponendae

1607 1431 1690 1489 suut
1714 1413 1781 1488 hae
1802 1443 1904 1489 voces
1928 1414 2077 1501 Christi,
2110 1435 2143 1491 et
2159 1420 2314 1490 similes:
2351 1419 2440 1491 Veni
2467 1438 2500 1492 et
2525 1449 2599 1494 non
