5825 6950
543 700 619 786 215
713 775 720 784 ,
1133 669 1259 763 rnre.
1286 681 1404 761 aran
1429 682 1641 758 semera
1668 678 1969 760 sanonum.
2179 722 2184 734 ·
2502 684 2632 856 Ἣ

522 900 525 905 “
650 875 762 962 Saepe
783 883 818 942 et
836 867 907 938 boc
928 863 1043 954 cogito
1067 857 1134 933 bac
1150 847 1384 952 descriptione
1400 857 1536 949 signiti-
1588 859 1625 928 in
1643 882 1702 927 ore
1718 871 1799 943 tuo,
1824 879 1899 926 non
1920 860 2086 931 recedent
2111 862 2156 930 ab
2177 886 2237 932 ore
2258 875 2339 949 tuo,
2364 887 2430 933 nec
2452 863 2498 934 ab
2522 885 2581 932 ore
2631 859 2632 886 ³

549 979 635 1052 cari.
687 973 762 1066 Qui
783 985 853 1055 est,
881 970 916 1039 id
939 981 1008 1052 εει,
1033 965 1131 1034 illins
1155 965 1229 1056 ipse
1249 962 1344 1031 iilius
1360 962 1449 1046 Dei,
1475 959 1536 1052 qni
1588 959 1733 1032 seminis
1766 959 1840 1043 tui,
1880 961 1919 1028 in
1950 962 2218 1054 sempiternum.
2272 963 2582 1064 tuapromissio

551 1084 621 1153 iam
639 1095 721 1149 ante
736 1075 836 1144 vobis
851 1085 901 1141 est
921 1069 1131 1164 promissus:
1160 1064 1257 1134 idem
1275 1060 1333 1132 bic
1356 1065 1425 1132 iam
1442 1062 1539 1131 misit
1589 1075 1735 1134 testatur
1759 1082 1899 1151 semper
1923 1063 2077 1156 aliquam
2104 1065 2261 1136 futuram
2287 1063 2585 1140 esseEcclesiam.
2632 1097 2633 1100 ¹

552 1208 630 1266 me,
655 1175 715 1248 hic
730 1178 822 1246 idem
839 1174 908 1242 iam
926 1194 1066 1266 quoque
1084 1169 1255 1238 liberator
1269 1164 1348 1237 erit.
1400 1163 1473 1234 Nec
1494 1165 1539 1232 ab
1591 1161 1638 1234 Et
1651 1165 1793 1256 quidem
1810 1185 1885 1231 eam
1902 1187 2061 1257 expresse
2077 1166 2201 1237 delinit
2220 1161 2315 1237 bunc
2338 1184 2476 1239 coetum
2495 1191 2581 1252 esse,

553 1281 622 1355 hac
638 1276 931 1371 interpretatione
952 1271 1077 1364 procul
1092 1272 1213 1355 abest,
1238 1268 1333 1361 qnod
1356 1267 1416 1338 alii
1435 1289 1541 1334 enar·
1575 1266 1630 1334 «in
1651 1265 1750 1335 cuius
1773 1288 1835 1334 ore
1859 1265 1904 1335 sit
1926 1267 2073 1337 verbum
2097 1270 2267 1339 traditum
2291 1293 2354 1362 per
2378 1267 2586 1362 Prophetas,
2633 1321 2634 1340 r

553 1399 658 1470 mla
681 1379 795 1452 smmi
816 1376 987 1466 ῘΕΨΙΜῙ8
1009 1396 1132 1442 V00‘ffl
1156 1386 1332 1460 urbem&-
1383 1367 1461 1457 Εέθ
1479 1389 1539 1436 “⁰
1593 1382 1627 1439 el
1654 1366 1846 1459 inquibus
1874 1366 2265 1464 sitspiritusloquens
2294 1369 2586 1466 perPropbetas.

555 1489 620 1583 qui
633 1511 713 1564 ero,
739 1483 778 1552 id
794 1493 866 1562 est,
890 1499 953 1568 ego
968 1476 1029 1544 ille
1046 1473 1238 1565 promissus
1254 1473 1355 1542 vobis
1371 1473 1541 1542 liberator
1594 1467 1673 1539 Non
1692 1469 1801 1558 igitur
1816 1469 1933 1539 inanis
1947 1485 1997 1541 est
2015 1465 2202 1562 Evangelii
2227 1474 2461 1566 praedicatio,
2490 1498 2585 1542 sem-

557 1594 685 1672 adero,
715 1585 778 1680 qui
800 1582 984 1672 aliquanto
1006 1590 1086 1668 post
1109 1599 1169 1645 ero
1192 1576 1301 1645 irater
1324 1588 1454 1657 vester,
1487 1594 1560 1640 as·.
1595 1596 1657 1662 per
1671 1585 1776 1641 errant
1792 1571 1921 1663 aliqui,
1947 1574 2008 1666 qui
2025 1576 2281 1666 amplectentur
2298 1578 2468 1660 verbum,
2495 1576 2587 1645 sicut

558 1704 674 1763 sumta
690 1683 844 1756 hnmana
860 1695 998 1762 natura,
1023 1692 1056 1747 et
1073 1703 1136 1748 vos
1152 1703 1233 1747 vere
1252 1678 1411 1747 liberabo
1426 1700 1446 1746 a
1461 1697 1544 1768 pec·
1595 1672 1701 1772 Rom.
1718 1671 1754 1745 9.
1782 1673 1929 1744 dicitur:
1961 1673 2150 1769 Reliquiae
2177 1676 2293 1746 salvae
2321 1678 2426 1770 fiens,
2455 1678 2494 1748 id
2527 1692 2586 1757 εει,

557 1807 637 1863 cato
655 1803 687 1860 et
702 1813 723 1858 a
741 1799 872 1864 morte,
899 1795 934 1851 et
948 1782 1043 1852 inter
1057 1803 1119 1850 vos
1134 1781 1171 1849 in
1193 1803 1299 1848 carue
1321 1800 1506 1868 resurgens
1524 1797 1544 1844 a
1597 1797 1677 1868 pars
1694 1773 1838 1868 populi,
1865 1777 2115 1865 necmaxirna,
2142 1801 2206 1849 nec
2222 1779 2434 1849 antecellens
2457 1792 2586 1870 poten-

560 1906 694 1975 morte,
720 1910 869 1978 regnum
893 1898 1075 1955 aeternum
1100 1883 1262 1952 iucoabo·
1314 1879 1411 1950 Haec
1434 1882 1546 1949 inter·
1597 1877 1665 1962 tia,
1700 1873 1914 1960 bonoribus,
1945 1877 2085 1970 opibus.
2143 1879 2240 1951 Haec
2258 1882 2430 1950 sententia
2455 1881 2588 1950 illumi

562 1993 712 2090 pretatio
727 1993 771 2060 de
790 1989 862 2057 lilio
882 1985 949 2055 Dei
965 1987 1134 2076 loquente
1154 1997 1189 2053 et
1209 1983 1427 2073 significante
1447 1982 1546 2051 lutu-
1599 1981 1709 2069 ligura
1725 1990 1849 2048 ornata
1865 1992 1926 2050 εει.
1975 1976 2087 2050 Amos
2102 1982 2156 2053 b:
2184 1979 2281 2051 Haec
2296 1983 2383 2053 dicit
2398 1979 2587 2067 Dominus,

560 2121 643 2169 rum
659 2096 872 2174 adventum,
897 2089 1005 2156 simul
1018 2089 1184 2157 admonet
1200 2085 1399 2156 auditorem
1415 2086 1459 2180 de
1484 2106 1547 2150 na·
1599 2080 1699 2151 Sicut
1714 2081 1807 2151 eruit
1824 2094 1995 2171 pastores
2009 2083 2171 2153 faucibus
2191 2085 2305 2154 leonia
2320 2087 2392 2154 duo
2409 2109 2530 2174 crura,
2557 2097 2588 2154 et

561 2215 642 2270 tura
661 2196 783 2266 divina
808 2192 847 2261 in
867 2185 1030 2272 Christo,
1057 2204 1090 2257 et
1111 2201 1191 2278 apte
1211 2187 1376 2276 congruit
1396 2185 1440 2255 acl
1466 2209 1549 2275 pro·
1600 2197 1791 2253 extremam
1808 2182 2004 2264 auriculae,
2031 2185 2080 2254 sic
2096 2185 2345 2256 liberabuntur
2361 2185 2424 2255 filii
2443 2185 2564 2257 lsrael.

474 2339 479 2344 ·
562 2299 770 2382 missiones,
797 2293 897 2387 qu'asi
922 2292 1033 2361 dicat:
1069 2289 1167 2379 Quid
1190 2290 1331 2359 dubitas
1352 2292 1397 2358 de
1420 2288 1550 2356 libera-

581 2402 592 2421 ,
957 2393 966 2409 .
1091 2393 1099 2408 .
1521 2387 1529 2404 .
1702 2333 1866 2404 Alterum
1890 2348 1960 2420 est,
1996 2339 2092 2430 quod
2115 2332 2174 2408 hic
2199 2338 2298 2408 locus
2319 2352 2460 2425 mouet,
2493 2341 2587 2432 quod

562 2401 686 2474 mne?
735 2397 812 2485 133⁰
828 2419 889 2465 ⁰⁹⁰
906 2418 967 2487 ‘¹¹¹¹
984 2417 1064 2478 Μ’
1089 2394 1124 2460 'd
1142 2405 1213 2473 ‘⁸¹’
1240 2414 1304 2481 ‘3⁰
1318 2414 1398 2460 ⁶⁰¹⁰
1416 2411 1551 2506 pwmi‘
1603 2433 1766 2510 Christus
1787 2458 1889 2526 saepe
1906 2437 2017 2508 evasit
2031 2462 2073 2508 ex
2090 2440 2254 2510 manibus
2268 2441 2499 2526 ludaeorum,
2525 2465 2587 2510 nec

563 2495 1552 2678 stittttltttrtttstttt‘tattstzttt
1604 2540 1770 2656 „aaa
1796 2537 2009 2628 „an
2032 2543 2110 2632 re
2129 2537 2264 2634 evis
2288 2566 2396 2661 ser
2418 2544 2583 2614 vav

781 2655 792 2685 '
1605 2652 1837 2711 constitutum
1862 2652 1947 2710 erat.
1998 2640 2448 2716 AdmonemurEcclesasm
2469 2660 2585 2714 eusto-

565 2731 669 2788 nam,
694 2701 912 2774 nuncetiam
929 2700 1058 2783 adero,
1084 2721 1147 2767 vos
1162 2699 1328 2778 servabo,
1353 2720 1400 2767 ne
1419 2690 1480 2765 bic
1496 2708 1553 2788 ty·
1605 2743 1675 2814 diri
1699 2740 1883 2812 divium

564 2831 701 2880 monus
716 2829 780 2875 vos
794 2802 989 2895 opprimat:
1009 2799 1086 2890 Ego
1101 2801 1163 2884 ille
1177 2802 1251 2890 ipse
1267 2796 1383 2879 Deus,
1409 2797 1478 2890 qui¹
1491 2821 1555 2888 po·

564 2925 638 2982 stea
664 2932 724 2979 ero
750 2907 859 2976 scater
878 2916 1012 2986 vester,
1039 2927 1135 2972 nunc
1157 2902 1332 2972 affuturus
1353 2925 1444 2973 sum,
1495 2897 1556 2970 Sic

566 3010 758 3106 quadrabit
781 3022 816 3078 et
838 3007 946 3075 illud:
984 3003 1060 3093 Qui
1081 3005 1171 3088 erit,
1201 3004 1300 3074 misit
1323 3026 1399 3088 me,
1430 3002 1470 3070 id
1493 3012 1556 3085 est,

566 3115 629 3184 ille
651 3127 772 3183 noster
791 3111 963 3179 liberator
979 3107 1040 3200 qui
1056 3108 1123 3176 erit
1143 3107 1253 3178 irater
1267 3117 1387 3175 noster
1401 3117 1556 3175 assumta
1607 3055 1718 3141 ΜΨ
1742 3060 1819 3118 “³²
1842 3064 2000 3119 sermm
2026 3049 2177 3136 P³⁰¹¹¹³2
2210 3073 2291 3122 ‘¹¹⁰¹
2315 3075 2465 3144 Pf⁰P¹⁰f
2489 3067 2594 3122 ¹¹¹⁰ss

567 3238 693 3299 carne,
720 3213 783 3308 qui
806 3209 906 3280 vobis
931 3210 1125 3299 promissus
1147 3221 1216 3288 est,
1242 3207 1341 3278 misit
1361 3230 1430 3278 me.
1482 3202 1556 3277 Re·
1607 3153 1693 3236 fun’
1717 3174 1822 3268 qun
1840 3173 1919 3268 cuni
1936 3147 2008 3269 Nei
2010 3175 2031 3219 ⁰
2054 3176 2135 3270 ‘im‘
2152 3154 2445 3240 5⁰⁵⁸ib-im‘fficit
2471 3177 2591 3252 P‘W'

1526 3307 1535 3322 .
1608 3267 1734 3326 cerunt
1765 3275 1799 3322 er
1827 3253 1959 3322 bestrae
1986 3277 2024 3321 m
2054 3279 2171 3336 circo,
2202 3269 2238 3327 at
2263 3280 2283 3325 a
2306 3254 2451 3326 Nerone
2480 3257 2594 3326 bellua

567 3313 1013 3405 “¹¹⁸⁰ii¹¹¹“⁹¹⁸¹³²i⁰¹¹⁸⁵
1034 3311 1103 3381 ¹⁰⁰i
1121 3307 1388 3428 5⁰M⁰⁸⁹J¹ii⁸3
1416 3332 1557 3401 “qm'
1610 3356 1725 3428 multo
1747 3355 1922 3425 deteriore
1986 3379 2067 3426 uam
2092 3358 2186 3428 ullae
2205 3359 2301 3428 ferae
2322 3373 2424 3428 erant
2493 3357 2596 3427 ermi-

566 3421 635 3491 bus
651 3419 783 3510 deligat
806 3416 930 3498 lector,
957 3437 1063 3508 quarn
1087 3413 1201 3497 volet,
1229 3426 1295 3483 etss
1311 3435 1450 3484 vrcruae
1474 3422 1558 3479 sunt
1610 3443 1656 3531 δὴ
1678 3482 1757 3527 eum
1782 3379 2101 3529 ,andem’ssterfici
2144 3383 2491 3533 attestimonimgd'
2521 3461 2530 3479 .

568 3545 711 3605 omnes,
734 3519 794 3587 sed
816 3530 996 3611 postrema
1008 3515 1306 3586 accommodatior
1322 3529 1374 3586 est
1389 3518 1435 3585 ad
1451 3509 1558 3584 Chri·
1934 3560 1975 3577 ..
2032 3513 2121 3580 ...²
2462 3484 2598 3550 ’ΜΒΝ

1610 3562 1812 3632 ostenderet
1832 3560 1944 3630 iuturr
1965 3563 2099 3634 rudrcn.
2151 3560 2366 3635 Ostenderat
2381 3561 2480 3635 Deus
2500 3579 2598 3633 antea

568 3623 612 3695 ‘fi
629 3644 827 3716 pmmm'
1610 3662 1732 3733 multis
1752 3662 1952 3743 miraculis,
1977 3664 2047 3733 sibi
2064 3664 2200 3753 placere
2216 3664 2377 3751 Paulum,
2402 3680 2438 3737 et
2459 3680 2599 3737 consta·

834 3778 873 3857 T
873 3780 1020 3857 ulerunt
1037 3805 1125 3879 ergo
1138 3776 1295 3880 lapides,
1610 3766 1672 3834 bat
1697 3762 1873 3833 Neronem
1905 3764 2082 3853 pollutum
2117 3790 2190 3837 esse
2215 3767 2406 3837 sceleribus
2438 3769 2599 3837 omnium

671 3925 743 3997 Hic
772 3922 1057 4017 disputationum
1089 3920 1128 3991 in
1153 3918 1312 3991 Ecclesia
1345 3920 1459 3990 exitus
1490 3931 1559 3990 est:
1611 3864 1837 3957 ¹⁰¹Pi⁵⁵imi⁸⁸
1895 3862 1986 3935 cum
2012 3867 2121 3958 ibim*
2142 3870 2398 3941 imeffiffl‘luf
2417 3866 2497 3938 ⁰⁶⁰
2525 3870 2598 3961 Pit·

573 4028 668 4096 ν..
746 4027 755 4046 .
820 4028 829 4045 .
1029 4023 1038 4040 .
1090 4025 1098 4040 .
1147 4050 1154 4063 ,
1194 4022 1203 4039 .
1342 4023 1351 4040 .
1443 4022 1452 4038 .
1535 4020 1561 4038 .-
1612 3992 1712 4051 cesta,
1745 3967 1850 4036 atali
1881 3981 2066 4058 portento,
2101 3971 2247 4041 evidens
2267 3987 2516 4061 argumentum
2541 3986 2601 4051 est,

609 4042 670 4099 ιω
698 4052 795 4098 emm
818 4048 920 4117 ’ὤρη
947 4046 1059 4113 magn
1088 4037 1292 4107 'mmm’
1323 4036 1414 4092 mut
1442 4035 1562 4115 ’ψη
1611 4084 1742 4142 restare
1764 4068 1860 4139 aliud
1880 4070 2070 4157 iudicium,
2095 4071 2133 4141 iu
2158 4098 2229 4167 quo
2244 4070 2339 4145 Deus
2359 4076 2542 4159 ostendet,
2567 4096 2601 4141 ss

571 4126 656 4203 Esa.
676 4130 728 4201 lb:
762 4125 895 4199 Audite
917 4125 1120 4209 audientes,
1152 4137 1187 4193 et
1216 4125 1326 4193 nolite
1354 4124 1569 4215 intelligere,
1613 4197 1686 4243 non
1703 4171 1854 4241 oblitum
1879 4195 1950 4241 esse
1972 4171 2092 4257 pauli,
2124 4196 2229 4268 quem
2254 4189 2354 4245 ame,
2377 4180 2602 4266 approbave,

575 4223 1064 4349 9¹⁰³⁰⁰³i⁰rp⁰p⁰nh¹¹ii¹⁸’
1091 4222 1560 4345 e¹p⁸³''6⁸2³.0b⁸⁰¹¹r⁰¹¹'
1612 4288 1664 4344 rat
1709 4272 2116 4345 etasePaulumdilii
2163 4278 2340 4348 Neronem
2359 4278 2496 4347 veroin
2518 4275 2602 4347 bor-

574 4348 636 4404 tur
656 4333 902 4411 oculseorum‚
926 4354 970 4398 ne
992 4328 1148 4398 videant.
1202 4325 1382 4397 Terrrlnle
1404 4328 1560 4417 prolecto
1612 4328 2022 4466 ren’daspoenasahiici·
2082 4300 2137 4366 δ’

575 4436 810 4529 spectaculum
827 4448 888 4517 est,
913 4430 1009 4524 quod
1023 4428 1173 4497 maxima
1191 4442 1225 4498 et
1240 4429 1275 4498 in
1293 4429 1441 4521 speciem
1460 4453 1561 4520 prae-

1945 2737 2159 2839 Quanquam
2181 2746 2290 2836 igitur
2310 2748 2388 2817 vult
2405 2743 2499 2818 Deus
2524 2747 2590 2814 ali-

1605 2869 1714 2940 quos,
1740 2856 1906 2935 tauquam
1923 2844 2055 2916 milites
2070 2871 2111 2918 ea
2127 2849 2202 2920 acie
2218 2849 2369 2934 absumi,
2395 2863 2512 2919 tamen
2526 2841 2591 2916 bos

1606 2961 1740 3032 servat,
1786 2960 1826 3016 ut
1861 2946 1959 3036 prius
1998 2950 2215 3020 curriculum
2253 2973 2359 3022 suum
2392 2951 2592 3020 absolvant:

576 4536 791 4608 stantissima
807 4558 888 4627 pars
904 4530 1040 4622 generis
1054 4524 1204 4600 humani
1224 4532 1356 4600 talibus
1370 4530 1473 4600 trariis
1487 4530 1563 4620 agi·
1714 4522 1764 4597 Ut
1786 4537 1902 4594 atatem
1927 4522 2059 4598 Paulus
2082 4542 2185 4599 antea
2210 4551 2311 4621 saepe
2341 4544 2498 4601 servatus
2517 4544 2604 4610 erat,

577 4652 693 4723 tatur,
717 4652 756 4709 ut
778 4636 982 4706 manifestae
998 4631 1076 4701 voci
1090 4628 1158 4702 Dei
1172 4646 1294 4702 contra
1310 4632 1562 4702 conscientiam
1613 4628 1663 4699 sic
1678 4628 1831 4697 sciamus
1846 4639 1956 4698 totam
1970 4626 2162 4699 Ecclesiam
2178 4632 2321 4713 servari,
2346 4657 2420 4703 non
2436 4628 2603 4704 humanis

576 4741 792 4821 adversetur,
817 4739 938 4806 vident
955 4738 991 4803 in
1014 4728 1175 4818 Christo,
1198 4728 1387 4827 Prophetis
1413 4746 1448 4805 et
1463 4734 1563 4824 Apo·
1615 4729 1772 4801 consiliis
1792 4730 2014 4823 principum,
2038 4736 2098 4802 sed
2124 4730 2234 4804 aDeo
2259 4735 2490 4816 mirabiliter,
2513 4736 2604 4805 sicut

579 4840 698 4924 stolis,
723 4839 905 4908 manifesta
925 4835 994 4907 Dei
1015 4833 1234 4919 tes‘timonia,
1260 4850 1293 4905 et
1315 4848 1431 4905 tamen
1455 4860 1563 4927 repn-
1615 4833 1767 4925 plurima
1791 4832 1883 4902 dicta
1908 4846 2091 4905 testantur.
2148 4833 2278 4911 Psalm.
2304 4836 2382 4907 tt:
2419 4836 2603 4907 Liberavit

579 4956 706 5034 gnam,
731 4965 799 5010 nec
816 4955 950 5010 tantum
967 4951 1184 5028 repugnant,
1209 4938 1269 5005 sed
1288 4936 1392 5006 etiam
1409 4937 1563 5021 emedio
1616 4956 1804 5026 pauperem
1822 4958 1839 5001 a
1857 4946 2018 5023 potente,
2046 4961 2256 5029 pauperem,
2282 4938 2340 5009 cui
2358 4962 2431 5008 non
2449 4955 2523 5011 erat
2540 4942 2602 5009 ad.

578 5044 703 5116 tollere
718 5043 878 5112 doctores
894 5053 1077 5123 conantur,
1102 5038 1191 5107 sicut
1206 5033 1263 5106 bic
1282 5038 1417 5129 lapides
1433 5039 1565 5110 tollunt
1615 5039 1729 5122 iutor,
1762 5048 1795 5103 et
1819 5030 1934 5104 Oscae
1954 5036 2003 5107 1.;
2037 5038 2189 5109 Salvabo
2210 5064 2268 5111 eos
2292 5041 2329 5109 in
2353 5042 2500 5112 domino
2527 5040 2602 5113 Deo

578 5148 623 5215 ad
638 5145 862 5215 obruendum
879 5135 1074 5211 Christum.
1105 5136 1175 5209 Sed
1194 5140 1265 5209 duo
1280 5134 1366 5209 baec
1380 5140 1565 5225 discamus,
1615 5161 1698 5222 suo,
1731 5147 1765 5205 et
1788 5159 1862 5204 non
1883 5138 2027 5208 salvabo
2053 5164 2113 5210 eos
2133 5142 2171 5209 in
2201 5167 2284 5213 arcu
2310 5155 2344 5212 et
2368 5142 2500 5233 gladio,
2551 5139 2605 5214 Ac

580 5247 736 5339 primum
765 5245 830 5314 etsi
862 5241 964 5314 multi
994 5243 1246 5325 adversantur,
1278 5255 1396 5312 tamen
1425 5242 1565 5335 aliquos
1615 5262 1712 5308 nunc
1731 5236 1882 5306 maxime
1904 5262 2143 5332 proponamus
2160 5245 2264 5313 nobis
2286 5239 2493 5315 huiusmodi
2510 5244 2603 5315 dicta

581 5347 745 5437 amplecti
767 5344 1000 5435 Evangelium
1025 5365 1165 5412 necesse
1188 5354 1257 5425 est,
1281 5341 1371 5412 sicut
1394 5342 1564 5432 scriptum
1617 5355 1651 5411 et
1673 5339 1830 5431 exempla
1857 5344 2105 5429 congruentia,
2128 5346 2211 5439 quia
2235 5346 2419 5417 manifeste
2442 5350 2603 5417 videmus

582 5462 634 5521 est
648 5444 772 5518 Esaiae
784 5442 861 5517 55.:
896 5444 1054 5515 Verbum
1071 5468 1187 5513 meum
1205 5468 1279 5512 non
1302 5457 1497 5515 revertetur
1519 5446 1564 5514 ad
1616 5438 1781 5513 Ecclesiis
1799 5442 1926 5532 passim
1944 5450 2061 5514 deesse
2078 5447 2251 5538 praesidia
2269 5443 2442 5530 humana,
2469 5464 2503 5520 et
2515 5448 2602 5518 alibi

580 5574 745 5633 vacuum,
771 5564 834 5622 etc.
884 5538 932 5619 Ει
948 5570 1086 5636 semper
1102 5566 1303 5615 mansuram
1320 5568 1393 5615 esse
1408 5545 1565 5640 aliquam
1600 5542 1767 5643 Tuscos,
1790 5542 1876 5612 alibi
1893 5544 1980 5615 alios
1998 5569 2094 5638 reges
2109 5571 2267 5619 exercere
2283 5550 2467 5620 saevitiam
2481 5554 2519 5619 in
2532 5546 2602 5619 Ec-

580 5646 795 5736 Ecclesiam,
823 5650 933 5721 multa
956 5648 1047 5717 dicta
1068 5657 1261 5731 testantur,
1285 5660 1322 5717 ut
1344 5642 1470 5717 Esaiae
1486 5643 1565 5717 59.:
1617 5644 1748 5716 clesias,
1801 5642 1841 5711 ln
1860 5639 1917 5713 bis
1932 5650 2110 5718 aerumnis
2125 5674 2165 5719 ac
2179 5651 2421 5735 corisolatione
2440 5676 2507 5725 nos
2526 5674 2603 5721 sus-

582 5750 663 5822 Hoc
678 5754 803 5823 foedus
818 5776 936 5822 meum
951 5772 1031 5817 cum
1046 5748 1107 5832 eis,
1132 5747 1218 5817 dicit
1233 5748 1416 5819 dominus:
1449 5749 1564 5840 Spiri·
1617 5761 1813 5829 tentemus,
1836 5742 1951 5817 Deum
1966 5763 2084 5819 tamen
2098 5766 2318 5825 servaturum
2334 5776 2409 5823 esse
2423 5754 2601 5849 reliquias,

581 5867 640 5925 tus
661 5876 760 5925 meus
773 5854 836 5947 qui
856 5866 909 5925 est
931 5853 970 5921 in
991 5863 1043 5937 te,
1068 5862 1103 5921 et
1116 5848 1223 5921 verba
1238 5873 1331 5937 mea,
1349 5873 1447 5943 ¹quae
1462 5850 1566 5944 posui
1588 5928 1593 5943 ,
1617 5848 1709 5921 sicut
1730 5848 1769 5918 in
1786 5845 1936 5921 Daniele
1957 5852 2001 5923 de
2016 5846 2084 5925 hoc
2096 5854 2173 5947 ipso
2192 5868 2350 5949 tempore
2363 5856 2601 5949 promittitur:
