5825 6950
326 649 380 726 53
758 646 841 717 xtt.
892 641 1192 718 ENARRATlO
1222 634 1719 718 lNEVANG.10ANNlS.
1771 640 1877 715 CAl‘.
1906 643 1933 716 l.
2314 660 2364 736 54

327 821 508 894 (metanda
525 834 588 890 est.
635 813 738 888 Nunc
763 819 963 896 adtentum
987 820 1111 896 redeo,
1144 818 1180 888 in
1199 841 1269 910 quo
1286 832 1321 886 et
1342 800 1346 804 i
1371 807 1592 892 Ecclesiam,
1641 825 1676 882 et
1705 814 1898 904 perducere
1928 819 1972 886 ad
2007 833 2189 894 aeternnm
2217 845 2362 920 patrem.

326 921 394 994 boc
414 924 618 992 monendus
641 933 692 990 „t
713 921 843 1011 leem,
870 922 967 1013 quod
989 920 1221 990 insulsissime
1238 920 1320 1012 qui.
1371 912 1532 982 Primum
1549 911 1623 1006 ipse
1638 926 1748 1003 gestat
1765 939 1894 1006 poenas
1915 933 2135 1009 peccatorum
2150 943 2363 1020 nostrornm,

327 1029 405 1094 dam
429 1023 656 1114 interpretati
687 1023 1004 1094 suntvocabnlum
1026 1025 1151 1116 κηφᾶς
1174 1046 1239 1113 pro
1260 1044 1321 1092 κε·
1373 1028 1407 1085 ⁰1
1431 1015 1545 1105 Plflffll
1576 1029 1721 1106 Paloeffl·
1781 1017 1920 1090 Deinde
1944 1047 2022 1092 ‘⁰¹¹¹
2050 1027 2218 1116 placavit,
2256 1035 2361 1108 ellam

328 1129 445 1222 gagg,
473 1126 510 1194 id
537 1140 608 1206 est,
643 1125 773 1216 capite,
807 1148 886 1195 cum
913 1146 1057 1216 prorsus
1079 1124 1148 1192 alia
1175 1148 1241 1192 vox
1262 1123 1320 1209 sit,
1372 1140 1439 1186 nos
1461 1117 1617 1190 adducit.
1676 1117 1775 1188 Sicut
1799 1117 1904 1194 Rom.
1929 1119 1965 1196 5.
1987 1125 2133 1200 dicitnr:
2166 1130 2234 1204 Per
2265 1133 2360 1212 bunc

326 1232 446 1324 χηφᾶ,
472 1228 591 1299 aliena
606 1252 627 1298 a
644 1223 778 1297 Graeca
798 1226 941 1316 lingua,
966 1249 1090 1317 rupem
1108 1225 1320 1315 significans.
1372 1213 1543 1288 habemus
1562 1242 1736 1290 accessum
1754 1220 1793 1290 in
1812 1225 1958 1310 gratiam
1976 1221 2078 1300 hanc.
2131 1231 2203 1303 Sed
2228 1250 2262 1309 et
2284 1241 2361 1332 ipse

1372 1319 1508 1412 inquitt
1533 1315 1611 1408 Ego
1628 1345 1705 1391 sum
1728 1322 1806 1403 via,
1834 1327 1962 1396 veritas
1989 1343 2023 1398 et
2045 1331 2135 1418 vita,
2164 1359 2268 1408 nemo
2298 1367 2358 1412 ve-

331 1430 591 1504 „mmmm
618 1421 1319 1527 volup135usegndgfnssalilaeam.
1372 1422 1425 1490 nit
1440 1425 1483 1491 ad
1509 1435 1643 1513 patrem
1661 1424 1728 1492 nisi
1746 1448 1809 1515 per
1829 1451 1898 1499 me.
1950 1428 2010 1500 Sic
2032 1430 2140 1521 igitur
2162 1443 2359 1514 accedimus

1370 1526 1415 1592 ad
1431 1523 1544 1594 Deum
1562 1538 1692 1594 stantes
1709 1526 1747 1594 in
1764 1520 1829 1598 h'ac
1845 1531 1948 1612 scala,
1976 1532 2139 1606 videlicet
2155 1538 2192 1607 in
2206 1537 2360 1630 Christo,

1371 1627 1505 1694 scilicet
1535 1625 1622 1711 lide,
1670 1621 1739 1696 hoc
1772 1643 1842 1715 est,
1892 1657 1974 1702 vere
2003 1648 2217 1732 statuentes,
2262 1651 2359 1738 qnod

1371 1740 1515 1819 propter
1530 1723 1625 1798 hunc
1640 1744 1803 1799 aeternus
1818 1745 1917 1823 pater
1940 1737 2045 1806 nobis
2069 1741 2153 1810 velit
2177 1765 2250 1816 esse
2276 1772 2360 1839 pro-

1371 1830 1504 1920 picius,
1550 1852 1615 1898 nos
1651 1831 1837 1918 exaudire,
1878 1837 1983 1906 nobis
2007 1841 2091 1909 dare
2114 1842 2222 1914 vitam
2247 1863 2358 1920 aeter-

1370 1955 1470 2001 nam:
1498 1927 1563 2000 hac
1587 1931 1655 2001 fide
1673 1934 1863 2025 accipimus
1877 1935 2120 2010 remissionem
2138 1965 2360 2036 peccatorum

1372 2049 1514 2126 propter
1530 2027 1625 2102 httnc
1649 2036 1880 2106 mediatorem
1909 2052 1942 2109 et
1961 2044 2181 2132 pontilicem,
2209 2045 2274 2122 hac
2291 2055 2360 2124 fide

1352 2136 1460 2206 .facta
1488 2135 1666 2205 invocatio
1691 2140 1893 2226 exauditur,
1931 2136 1997 2212 hac
2019 2143 2088 2213 lide
2110 2155 2360 2246 consequimur

1370 2241 1478 2307 vitam
1498 2253 1688 2311 aeternam.

418 1581 525 1652 Haec
538 1577 687 1652 historia
704 1604 794 1676 quae
810 1579 849 1649 in
865 1581 980 1671 primo
1005 1581 1119 1679 capite
1142 1596 1319 1660 narratur,

338 1686 484 1755 eontinet
497 1708 640 1777 eaquae
655 1684 860 1755 acciderunt
874 1683 992 1754 statim
1010 1696 1090 1772 post
1106 1683 1319 1774 baptismum

336 1785 478 1872 Christi,
502 1809 586 1856 cum
616 1786 687 1856 iam
710 1785 1070 1878 complessetannum
1089 1785 1150 1853 80.
1166 1786 1233 1854 sub
1249 1786 1320 1852 ini-

336 1892 415 1961 tium
429 1889 548 1972 veris,
574 1911 646 1980 quo
661 1901 820 1986 tempore
836 1890 961 1956 docere
985 1886 1121 1976 coepit,
1149 1911 1189 1956 ac
1210 1887 1318 1956 trium

336 2015 504 2062 annornm
518 1990 628 2059 series
641 2014 681 2059 ex
700 1986 1001 2078 hocEvangelista
1019 1984 1237 2077 deprehendi
1254 2013 1319 2079 po-

338 2111 402 2164 test.
462 2090 587 2162 lncoat
618 2093 730 2182 igitur
752 2093 822 2160 iam
844 2088 1007 2162 Christus
1028 2113 1128 2160 suam
1155 2085 1320 2175 scholam,

340 2210 477 2268 nvoean
490 2194 707 2284 discipulos,
731 2195 930 2274 Andream,
956 2191 1137 2273 loannem,
1163 2192 1320 2276 Petrum,

340 2295 533 2390 Philippum
562 2311 597 2365 et
619 2291 887 2366 Natltanae'lem.
928 2289 1139 2364 Offendittir
1153 2311 1268 2364 autem
1285 2311 1318 2364 et

346 2397 523 2470 acclamet
543 2393 676 2468 humili
695 2399 810 2489 specie
825 2393 969 2468 Christi.
1022 2393 1183 2466 Primum
1199 2421 1319 2466 move·
1369 2437 1454 2512 Ec„

357 2517 407 2572 tur
426 2501 572 2594 quaestio
600 2503 643 2569 dc
670 2501 800 2589 patria,
844 2500 1032 2568 videbatur
1053 2500 1247 2570 absurdum
1278 2523 1320 2568 ex

346 2596 619 2694 pagoriazaretlt,
644 2626 686 2672 ex
696 2598 856 2672 Galilaea
875 2599 1186 2685 venireMessiam,
1213 2626 1317 2694 quem

343 2707 485 2776 sciebant
500 2730 546 2774 ex
561 2704 660 2793 regio
674 2727 805 2794 genere
821 2717 1011 2774 venturum
1033 2727 1116 2774 esse.
1168 2696 1216 2772 Et
1230 2705 1320 2773 ima-

339 2807 540 2894 ginabantur
564 2821 726 2897 parentes
743 2808 818 2875 fore
841 2807 979 2897 amplos
1005 2820 1041 2874 et
1066 2819 1245 2897 potentes,
1284 2822 1319 2875 et

336 2935 439 2998 apsnm
467 2908 771 3002 praesentientem
797 2909 976 2991 adultum,
1018 2901 1222 2977 habiturum
1246 2932 1320 2977 esse

333 3028 480 3083 catervas
504 3034 693 3104 procerum
717 3011 920 3090 adiunctas,
954 3011 1116 3080 loturum
1134 3011 1173 3078 in
1190 3011 1318 3100 guber-

332 3115 471 3186 natione
495 3112 638 3204 rcipub.
662 3126 702 3181 ut
729 3126 859 3182 norant
889 3125 990 3183 antea
1016 3135 1234 3182 summorum
1262 3114 1318 3181 vi-

331 3241 448 3286 rorum
465 3217 685 3285 incrementa
701 3216 741 3283 in
757 3213 863 3284 lsrael
880 3212 1033 3284 illustria
1047 3213 1174 3298 luisse,
1199 3227 1238 3282 ut
1254 3213 1320 3284 Sa-

330 3319 474 3405 muelis,
517 3315 679 3388 Davidis.
744 3313 840 3406 Ergo
863 3310 1081 3386 Nathanae'l·
1095 3316 1263 3385 dubitans
1286 3332 1320 3385 et

331 3423 485 3491 offensus
512 3421 730 3491 absurditate
756 3420 799 3489 de
821 3418 955 3511 patria,
990 3417 1125 3510 inquit:
1159 3415 1254 3489 Num
1280 3442 1320 3486 ex

330 3518 503 3594 Nazareth
527 3522 664 3617 aliquid
686 3523 770 3591 honi
795 3520 955 3590 orietur?
989 3520 1087 3611 quasi
1108 3521 1220 3590 dicat:
1246 3520 1318 3589 No-

330 3641 396 3695 stra
412 3625 584 3695 vaticinia
609 3649 682 3694 non
708 3625 890 3694 adducunt
907 3617 1073 3691 Messiam
1090 3646 1131 3691 ex
1147 3619 1320 3695 Galilaea.

330 3728 403 3799 lloc
431 3727 633 3819 exemplum
665 3749 788 3796 rursus
810 3728 994 3809 admonet,
1028 3745 1073 3792 ne
1096 3724 1321 3794 offendamur

332 3824 456 3899 humili
478 3830 597 3919 specie
619 3826 817 3913 Ecclesiae,
844 3829 902 3895 sed
926 3827 1149 3919 inquiramus
1170 3828 1318 3897 verbnm

330 3932 415 4013 Dei,
449 3947 484 4003 et
515 3931 716 4001 testimonia
742 3930 875 4001 divina.
939 3925 989 3999 lta
1013 3923 1071 3997 hic
1091 3930 1322 3999 confirmatur

330 4030 527 4105 Nathanael
552 4033 746 4113 miraculo,
787 4056 867 4101 cum
890 4029 1057 4119 intelligit
1080 4054 1116 4097 se
1139 4033 1319 4101 absentem

329 4152 553 4227 conspectum
570 4158 643 4205 esse
658 4161 676 4203 a
690 4130 854 4215 Christo,
880 4135 946 4202 sub
964 4132 1040 4202 lico.

1473 2337 1580 2428 Quod
1598 2365 1679 2410 vero
1696 2341 1858 2412 nominat
1869 2343 2036 2433 Angelos,
2061 2349 2234 2439 significat
2250 2367 2360 2426 totam

1456 2441 1590 2539 esiam,¹
1613 2465 1653 2511 ac
1675 2443 1861 2535 praecipue
1882 2449 2058 2540 doctores,
2085 2467 2118 2522 et
2142 2449 2177 2522 hi
2204 2457 2358 2545 primum

1370 2545 1583 2629 ascendunt,
1616 2558 1736 2634 postea
1760 2548 1999 2636 descendunt,
2034 2552 2069 2620 id
2093 2577 2234 2650 quoque
2260 2559 2360 2628 vide-

1371 2659 1430 2716 tur
1462 2646 1676 2716 mirandum.
1745 2645 1817 2717 Sed
1854 2673 1895 2718 eo
1924 2651 2170 2744 intelligantur
2205 2660 2359 2748 primum

1369 2749 1575 2832 ascendere,
1613 2747 1695 2842 quia
1719 2747 1850 2840 singuli
1874 2753 1974 2843 prius
1998 2756 2168 2828 debemus
2193 2785 2359 2852 quaerere

1371 2849 1698 2921 reconciliationem
1714 2875 1796 2920 cum
1813 2845 1902 2939 Deo,
1930 2867 1965 2924 et
1977 2856 2021 2932 ab
2037 2881 2078 2926 eo
2095 2860 2252 2952 accipere
2266 2866 2361 2933 dona

1371 2968 1515 3044 propter
1537 2951 1662 3026 filium.
1722 2949 1848 3024 Postea
1869 2978 1953 3025 vero
1979 2959 2208 3048 descendere,
2234 2979 2268 3034 et
2292 2966 2361 3034 im-

1370 3055 1493 3145 pertiri
1520 3048 1606 3124 haec
1631 3056 1725 3126 dona
1754 3055 1851 3137 aliis,
1886 3059 2105 3144 doctrinam,
2132 3065 2360 3152 gubernatio·

1369 3180 1472 3239 nem,
1507 3169 1542 3226 et
1574 3155 1770 3227 ministeria
1803 3157 1899 3228 ittxta
1929 3165 2161 3232 vocationem.
2228 3163 2361 3261 Estque

1369 3253 1456 3326 haec
1470 3257 1674 3325 dulcissima
1698 3260 1811 3346 imago
1829 3255 2023 3348 Ecclesiae,
2050 3289 2156 3356 quam
2174 3263 2271 3338 Deus
2286 3271 2360 3360 ipse

1370 3358 1572 3450 proposuit,
1599 3372 1736 3427 ostensa
1753 3358 1843 3428 scala
1860 3359 1976 3448 lacoh,
2004 3377 2036 3433 et
2052 3367 2097 3433 de
2112 3390 2180 3458 qua
2196 3365 2360 3440 Christus

1372 3458 1430 3531 hic
1452 3484 1519 3530 nos
1549 3461 1717 3532 admonet
1747 3485 1885 3553 semper
1909 3463 1947 3533 in
1971 3483 2161 3559 conspectu
2186 3465 2360 3545 habenda.

1372 3562 1463 3633 Nam
1482 3566 1525 3659 de
1541 3563 1664 3633 multis
1681 3565 1817 3653 magnis
1830 3569 1936 3636 rebus
1953 3567 2032 3660 pios
2047 3572 2232 3659 admonet,
2260 3576 2361 3645 vide-

1371 3666 1471 3750 licet,
1495 3666 1590 3759 quod
1609 3689 1671 3757 per
1685 3664 1800 3735 solnm
1827 3662 1923 3739 hunc
1940 3666 2106 3741 Messinm
2125 3673 2168 3742 sit
2183 3677 2300 3746 aditus
2316 3679 2361 3749 ad

1371 3782 1552 3837 aeternum
1579 3782 1731 3858 patrem,
1770 3792 1845 3839 non
1868 3794 1930 3862 per
1960 3774 2146 3865 opiniones
2178 3771 2363 3865 humanas,

1372 3896 1445 3939 non
1463 3894 1524 3959 per
1540 3870 1664 3940 merita
1680 3883 1813 3945 nostra.
1867 3870 1955 3944 ltem
1983 3877 2077 3967 quod
2103 3871 2187 3945 haec
2212 3903 2361 3969 persona

1372 3974 1417 4044 sit
1433 3967 1547 4051 Dens,
1575 3990 1609 4041 et
1624 3967 1743 4045 homo.
1785 3971 1873 4042 Item
1888 3978 1983 4067 quod
2003 3981 2189 4049 ascendere
2207 4005 2272 4049 nos
2287 3982 2361 4071 pri-

1374 4099 1491 4158 mum,
1519 4087 1552 4142 et
1576 4100 1593 4143 a
1619 4071 1695 4144 Deo
1721 4076 2062 4161 reconciliationem,
2097 4095 2130 4151 et
2151 4082 2244 4151 dona
2271 4084 2363 4153 acci-

1372 4201 1454 4269 pere
1470 4190 1648 4268 oporteat,
1688 4192 1722 4246 et
1747 4178 1875 4247 deinde
1896 4200 1934 4247 ea
1961 4180 2111 4269 proferri
2137 4195 2173 4251 ct
2197 4186 2361 4265 exerceri,

1372 4294 1414 4349 ut
1437 4276 1535 4349 Deus
1565 4278 1779 4364 celebretur,
1820 4294 1853 4348 ct
1875 4280 2043 4349 beneficia
2066 4280 2129 4351 lilii
2153 4278 2221 4351 Dei
2255 4286 2362 4354 inno·

1372 4395 1518 4451 tescant.
1579 4378 1677 4451 Sicut
1700 4377 1825 4450 Petrus
1850 4380 1990 4473 inquit,
2024 4406 2090 4451 nos
2114 4400 2255 4456 vocatos
2278 4409 2363 4471 esse,

426 4476 528 4548 Haec
541 4492 594 4548 est
607 4477 721 4547 dulcis
737 4474 926 4566 descriptio
937 4474 1087 4545 Messias
1103 4470 1322 4555 etEcclesiae
1374 4497 1413 4553 ut
1430 4504 1634 4551 enarremus
1652 4483 1798 4551 virtutes
1823 4482 1920 4571 eius,
1948 4484 2009 4577 qui
2033 4507 2097 4553 110³
2118 4486 2156 4553 in
2181 4486 2364 4557 admiran.

334 4601 443 4656 snmta
467 4605 510 4649 ex
532 4576 661 4649 Genes.
684 4604 759 4672 cap.
777 4579 838 4649 28.
865 4578 908 4645 de
935 4577 1026 4645 scala
1051 4574 1178 4670 iacob,
1220 4571 1320 4643 Scala
1373 4589 1460 4655 dum
1475 4586 1598 4653 lumen
1615 4584 1764 4653 vocavit.

333 4704 379 4757 est
402 4687 480 4776 ipse
501 4676 685 4763 Christus,
716 4680 901 4749 cacumine
926 4692 1075 4766 tangens
1098 4677 1256 4759 coelum,
1282 4686 1320 4742 ul
1476 4682 1632 4777 Exposui
1648 4683 1804 4754 breviter
1818 4686 2007 4787 praecipua
2024 4688 2114 4759 dicta
2138 4688 2244 4780 primi
2267 4693 2364 4783 capi-

333 4789 367 4855 io
383 4785 520 4858 Genesi
545 4784 692 4853 dicitur:
729 4783 811 4875 quia
838 4796 888 4851 est
911 4781 948 4846 in
976 4804 1017 4849 eo
1039 4793 1165 4851 natura
1187 4776 1321 4849 divina.
1375 4789 1438 4873 vis,
1474 4790 1518 4857 de
1541 4810 1611 4880 quo
1634 4810 1737 4877 saepe
1760 4788 1955 4859 extiterunt
1974 4790 2130 4877 ingentia
2160 4794 2363 4879 certamina,

335 4888 413 4958 ldeo
429 4890 467 4958 in
485 4884 617 4955 Genesi
637 4883 729 4953 clare
754 4882 902 4971 dicitur,
928 4878 1024 4951 Dens
1047 4880 1191 4949 innixus
1213 4878 1321 4947 fuisse
1374 4894 1434 4960 sed
1460 4910 1588 4982 sequor
1607 4904 1641 4961 et
1654 4890 1789 4959 retineo
1809 4891 1943 4979 optima
1958 4891 2027 4961 fide
2044 4906 2215 4977 veterem,
2243 4918 2361 4964 veram

337 4994 459 5067 scalae.
515 4986 690 5059 Consistit
713 5000 828 5055 autem
852 4988 1017 5067 interra,
1042 4984 1124 5077 qul?t
1144 4972 1322 5077 lllyo'ssss·
1375 5007 1408 5062 et
1426 5005 1631 5084 perpetuam
1658 4985 1850 5059 catholicae
1864 4988 2040 5063 Ecclesiae
2063 4991 2195 5065 Christi
2220 5007 2362 5064 senten-

336 5096 455 5164 snmsit
470 5086 668 5163 humanam
695 5101 878 5173 naturam,
921 5086 1111 5155 obnoxiam
1138 5082 1324 5153 doloribus
1376 5096 1473 5168 tiam,
1527 5090 1623 5163 Utile
1646 5106 1828 5163 estantem
1846 5094 1982 5163 moneri
2004 5096 2101 5187 pios,
2129 5092 2362 5189 quaedehoe

336 5219 364 5263 et
380 5194 498 5267 morti.
550 5192 621 5265 Sed
639 5185 726 5260 haec
742 5189 832 5258 scala
850 5204 968 5258 tamen
985 5188 1171 5277 coniungit
1185 5184 1322 5253 coelum
1376 5198 1454 5266 loco
1472 5194 1652 5264 extiterint
1667 5198 1945 5282 controversiae,
1973 5209 2006 5266 et
2027 5200 2206 5291 quomodo
2221 5196 2291 5267 sint
2308 5223 2364 5268 re·

336 5314 368 5367 ct
384 5316 531 5377 terram,
558 5298 592 5362 id
611 5307 682 5377 est,
708 5288 822 5361 Deum
839 5306 874 5360 θῑ
889 5286 1094 5361 Eccletlssm·
1146 5286 1324 5378 01¹⁰quss
1375 5299 1562 5376 fucandae,
1597 5320 1641 5365 ne
1667 5292 1781 5385 ignari
1805 5317 1925 5365 earum
1953 5299 2221 5369 contentionum
2245 5323 2381 5369 assen-a

337 5402 469 5470 coelom
485 5398 617 5469 dicitur
634 5419 706 5464 esse
725 5408 906 5485 apertum,
933 5392 1105 5481 significat
1122 5389 1192 5457 iam
1210 5388 1323 5458 Deum
1376 5398 1658 5472 fiammlevibue
1675 5398 1844 5485 ingeniis,
1870 5422 2022 5493 quorum
2048 5401 2242 5491 petulantia
2267 5416 2363 5471 vege.

340 5502 533 5595 propicium
552 5522 625 5569 esse
650 5513 684 5565 et
705 5495 877 5585 respicere
902 5494 1108 5564 invocantes
1129 5492 1263 5583 ipsnm‘,
1291 5500 1324 5558 et
1377 5524 1586 5571 reservares
1607 5514 1835 5573 renovantur.

341 5604 484 5673 salvare.
1481 5598 1535 5671 Ac
1556 5602 1741 5693 praecipua
1759 5600 1940 5671 dimicatio
1964 5616 2013 5671 est
2030 5626 2109 5671 cnm
2126 5601 2367 5686 Samosateno,

452 4315 621 4392 Posthac
649 4314 817 4391 videbitis
843 4316 980 4388 coelum
1008 4326 1186 4415 apertum.

435 5722 544 5812 Quod
557 5742 640 5787 vero
654 5718 694 5785 in
711 5714 777 5785 hac
792 5713 882 5785 scala
900 5715 1095 5785 ascendunt
1117 5688 1156 5782 et
1180 5713 1326 5778 descen·
1379 5706 1479 5775 cnins
1511 5702 1688 5773 cavillatio
1719 5704 1756 5773 in
1786 5703 1935 5793 speciem
1974 5704 2132 5795 profanis
2161 5696 2367 5773 hominibus

258 5805 259 5814 ,
344 5824 427 5896 dunt
450 5822 588 5911 angeli,
629 5819 799 5911 significat
828 5813 1012 5888 Christum
1042 5816 1158 5907 ipsum
1192 5825 1326 5903 gestare
1380 5806 1532 5877 maxime
1552 5802 1710 5973 videtur4
1718 5804 1902 5939 quocinna.
1962 5805 2130 5875 Alienum
2155 5804 2248 5873 enim
2269 5804 2368 5923 tride-
