<?xml version="1.0" encoding="UTF-8"?>
<!DOCTYPE html PUBLIC "-//W3C//DTD XHTML 1.0 Transitional//EN"
    "http://www.w3.org/TR/xhtml1/DTD/xhtml1-transitional.dtd">
<html xmlns="http://www.w3.org/1999/xhtml" xml:lang="en" lang="en">
 <head>
  <title>
</title>
<meta http-equiv="Content-Type" content="text/html;charset=utf-8" />
  <meta name='ocr-system' content='tesseract 3.04.00' />
  <meta name='ocr-capabilities' content='ocr_page ocr_carea ocr_par ocr_line ocrx_word'/>
</head>
<body>
  <div class='ocr_page' id='page_1' title='image "./philippimelanth08bindgoog_0259.png"; bbox 0 0 5825 6950; ppageno 0'>
   <div class='ocr_carea' id='block_1_1' title="bbox 820 1399 2430 1506">
    <p class='ocr_par' dir='ltr' id='par_1_1' title="bbox 820 1399 2430 1506">
     <span class='ocr_line' id='line_1_1' title="bbox 820 1399 2430 1506; baseline -0.01 0"><span class='ocrx_word' id='word_1_1' title='bbox 820 1408 1251 1506; x_wconf 78' lang='lat' dir='ltr'><strong>cuMMnuuauu</strong></span> <span class='ocrx_word' id='word_1_2' title='bbox 1286 1405 1355 1491; x_wconf 91' lang='lat' dir='ltr'><strong>IN</strong></span> <span class='ocrx_word' id='word_1_3' title='bbox 1393 1401 1748 1492; x_wconf 75' lang='lat' dir='ltr'><strong>upls&#39;runntu</strong></span> <span class='ocrx_word' id='word_1_4' title='bbox 1784 1403 1970 1494; x_wconf 81' lang='lat' dir='ltr'>PAULI</span> <span class='ocrx_word' id='word_1_5' title='bbox 2006 1403 2091 1490; x_wconf 87' lang='lat' dir='ltr'><strong>Al)</strong></span> <span class='ocrx_word' id='word_1_6' title='bbox 2129 1399 2430 1492; x_wconf 82' lang='lat' dir='ltr'><strong>ROMANOS.</strong></span> 
     </span>
    </p>
   </div>
   <div class='ocr_carea' id='block_1_2' title="bbox 1486 1637 1765 1656">
    <p class='ocr_par' dir='ltr' id='par_1_2' title="bbox 1486 1637 1765 1656">
     <span class='ocr_line' id='line_1_2' title="bbox 1486 1637 1765 1656; baseline 0.004 -1"><span class='ocrx_word' id='word_1_7' title='bbox 1486 1637 1765 1656; x_wconf 55' lang='lat' dir='ltr'><strong>nna*</strong></span> 
     </span>
    </p>
   </div>
   <div class='ocr_carea' id='block_1_3' title="bbox 665 1799 2608 2033">
    <p class='ocr_par' dir='ltr' id='par_1_3' title="bbox 665 1799 2608 2033">
     <span class='ocr_line' id='line_1_3' title="bbox 665 1799 2608 1963; baseline -0.02 -24"><span class='ocrx_word' id='word_1_8' title='bbox 665 1869 997 1963; x_wconf 62' lang='lat' dir='ltr'><strong>assumentum</strong></span> <span class='ocrx_word' id='word_1_9' title='bbox 1027 1856 1280 1949; x_wconf 80' lang='lat' dir='ltr'><strong>Epistulae</strong></span> <span class='ocrx_word' id='word_1_10' title='bbox 1312 1856 1475 1927; x_wconf 68' lang='lat' dir='ltr'><strong>Paulis</strong></span> <span class='ocrx_word' id='word_1_11' title='bbox 1495 1853 1552 1926; x_wconf 79' lang='lat' dir='ltr'><strong>ud</strong></span> <span class='ocrx_word' id='word_1_12' title='bbox 1655 1835 1858 1929; x_wconf 81' lang='lat' dir='ltr'><strong>Evangelii,</strong></span> <span class='ocrx_word' id='word_1_13' title='bbox 1889 1859 1963 1906; x_wconf 93' lang='lat' dir='ltr'><strong>non</strong></span> <span class='ocrx_word' id='word_1_14' title='bbox 1984 1835 2085 1906; x_wconf 84' lang='lat' dir='ltr'><strong>firma</strong></span> <span class='ocrx_word' id='word_1_15' title='bbox 2108 1833 2305 1925; x_wconf 88' lang='lat' dir='ltr'><strong>consolatio</strong></span> <span class='ocrx_word' id='word_1_16' title='bbox 2330 1799 2575 1914; x_wconf 77' lang='lat' dir='ltr'><strong>couscientiamn,</strong></span> <span class='ocrx_word' id='word_1_17' title='bbox 2607 1933 2608 1936; x_wconf 8' lang='grc' dir='ltr'><strong>Ἴ</strong></span> 
     </span>
     <span class='ocr_line' id='line_1_4' title="bbox 986 1933 2576 2033; baseline -0.013 -10"><span class='ocrx_word' id='word_1_18' title='bbox 986 1965 1224 2033; x_wconf 73' lang='lat' dir='ltr'><strong>Romanos.</strong></span> <span class='ocrx_word' id='word_1_19' title='bbox 1656 1965 1731 2010; x_wconf 93' lang='lat' dir='ltr'><strong>non</strong></span> <span class='ocrx_word' id='word_1_20' title='bbox 1754 1965 1835 2010; x_wconf 88' lang='lat' dir='ltr'><strong>vera</strong></span> <span class='ocrx_word' id='word_1_21' title='bbox 1858 1939 2035 2009; x_wconf 77' lang='lat' dir='ltr'><strong>invocatio</strong></span> <span class='ocrx_word' id='word_1_22' title='bbox 2051 1938 2195 2008; x_wconf 87' lang='lat' dir='ltr'><strong>retineri</strong></span> <span class='ocrx_word' id='word_1_23' title='bbox 2212 1949 2338 2026; x_wconf 88' lang='lat' dir='ltr'><strong>potest.</strong></span> <span class='ocrx_word' id='word_1_24' title='bbox 2387 1933 2482 2024; x_wconf 89' lang='lat' dir='ltr'><strong>Quod</strong></span> <span class='ocrx_word' id='word_1_25' title='bbox 2500 1949 2576 2005; x_wconf 87' lang='lat' dir='ltr'><strong>auten</strong></span> 
     </span>
    </p>
   </div>
   <div class='ocr_carea' id='block_1_4' title="bbox 501 2037 2615 5901">
    <p class='ocr_par' dir='ltr' id='par_1_4' title="bbox 501 2037 2615 5901">
     <span class='ocr_line' id='line_1_5' title="bbox 1627 2037 2576 2132; baseline -0.008 -19"><span class='ocrx_word' id='word_1_26' title='bbox 1627 2075 1628 2078; x_wconf 40' lang='lat'>¹</span> <span class='ocrx_word' id='word_1_27' title='bbox 1658 2042 1790 2112; x_wconf 88' lang='lat' dir='ltr'><strong>Paulus</strong></span> <span class='ocrx_word' id='word_1_28' title='bbox 1808 2044 1857 2112; x_wconf 84' lang='lat' dir='ltr'><strong>de</strong></span> <span class='ocrx_word' id='word_1_29' title='bbox 1879 2037 1945 2111; x_wconf 87' lang='lat' dir='ltr'><strong>hac</strong></span> <span class='ocrx_word' id='word_1_30' title='bbox 1967 2041 2042 2132; x_wconf 88' lang='lat' dir='ltr'><strong>ipsa</strong></span> <span class='ocrx_word' id='word_1_31' title='bbox 2065 2039 2237 2110; x_wconf 87' lang='lat' dir='ltr'><strong>sententia</strong></span> <span class='ocrx_word' id='word_1_32' title='bbox 2268 2037 2498 2120; x_wconf 79' lang='lat' dir='ltr'><strong>concionatur,</strong></span> <span class='ocrx_word' id='word_1_33' title='bbox 2528 2039 2576 2106; x_wconf 81' lang='lat' dir='ltr'><strong>uu</strong></span> 
     </span>
     <span class='ocr_line' id='line_1_6' title="bbox 501 2114 2576 2241; baseline -0.012 -11"><span class='ocrx_word' id='word_1_34' title='bbox 501 2197 507 2216; x_wconf 89' lang='lat'><strong>·</strong></span> <span class='ocrx_word' id='word_1_35' title='bbox 615 2114 831 2229; x_wconf 76' lang='lat' dir='ltr'><strong>Duaesune</strong></span> <span class='ocrx_word' id='word_1_36' title='bbox 846 2148 1016 2241; x_wconf 88' lang='lat' dir='ltr'><strong>epistolae</strong></span> <span class='ocrx_word' id='word_1_37' title='bbox 1031 2157 1163 2237; x_wconf 89' lang='lat' dir='ltr'><strong>partes:</strong></span> <span class='ocrx_word' id='word_1_38' title='bbox 1190 2141 1453 2234; x_wconf 87' lang='lat' dir='ltr'><strong>priorcontinet</strong></span> <span class='ocrx_word' id='word_1_39' title='bbox 1464 2142 1605 2229; x_wconf 80' lang='lat' dir='ltr'><strong>longam</strong></span> <span class='ocrx_word' id='word_1_40' title='bbox 1658 2147 1768 2237; x_wconf 87' lang='lat' dir='ltr'><strong>liquet</strong></span> <span class='ocrx_word' id='word_1_41' title='bbox 1791 2143 1965 2232; x_wconf 83' lang='lat' dir='ltr'><strong>exipsius</strong></span> <span class='ocrx_word' id='word_1_42' title='bbox 1992 2163 2165 2220; x_wconf 76' lang='lat' dir='ltr'>sermone.</span> <span class='ocrx_word' id='word_1_43' title='bbox 2229 2137 2437 2212; x_wconf 86' lang='lat' dir='ltr'><strong>Retinemus</strong></span> <span class='ocrx_word' id='word_1_44' title='bbox 2456 2137 2576 2228; x_wconf 79' lang='lat' dir='ltr'><strong>igiturn</strong></span> 
     </span>
     <span class='ocr_line' id='line_1_7' title="bbox 616 2239 2579 2347; baseline -0.013 -17"><span class='ocrx_word' id='word_1_45' title='bbox 616 2253 909 2347; x_wconf 86' lang='lat' dir='ltr'><strong>disputationem:</strong></span> <span class='ocrx_word' id='word_1_46' title='bbox 935 2247 1267 2339; x_wconf 89' lang='lat' dir='ltr'><strong>inpostcrioresunt</strong></span> <span class='ocrx_word' id='word_1_47' title='bbox 1284 2246 1512 2334; x_wconf 88' lang='lat' dir='ltr'><strong>praeceptade</strong></span> <span class='ocrx_word' id='word_1_48' title='bbox 1529 2261 1605 2310; x_wconf 86' lang='lat' dir='ltr'><strong>mo·</strong></span> <span class='ocrx_word' id='word_1_49' title='bbox 1658 2241 1786 2340; x_wconf 80' lang='grc' dir='ltr'><strong><em>ῥητὸν,</em></strong></span> <span class='ocrx_word' id='word_1_50' title='bbox 1813 2245 1894 2338; x_wconf 87' lang='lat' dir='ltr'><strong>quia</strong></span> <span class='ocrx_word' id='word_1_51' title='bbox 1917 2246 1961 2314; x_wconf 89' lang='lat' dir='ltr'><strong>ad</strong></span> <span class='ocrx_word' id='word_1_52' title='bbox 1986 2243 2023 2313; x_wconf 94' lang='lat' dir='ltr'><strong>id</strong></span> <span class='ocrx_word' id='word_1_53' title='bbox 2047 2255 2247 2331; x_wconf 81' lang='lat' dir='ltr'><strong>congruunt</strong></span> <span class='ocrx_word' id='word_1_54' title='bbox 2268 2263 2453 2312; x_wconf 87' lang='lat' dir='ltr'><strong>consensus</strong></span> <span class='ocrx_word' id='word_1_55' title='bbox 2473 2239 2579 2332; x_wconf 85' lang='lat' dir='ltr'><strong>reliquae</strong></span> 
     </span>
     <span class='ocr_line' id='line_1_8' title="bbox 617 2341 2613 2438; baseline -0.011 -7"><span class='ocrx_word' id='word_1_56' title='bbox 617 2362 728 2432; x_wconf 79' lang='lat' dir='ltr'><strong>ribus.</strong></span> <span class='ocrx_word' id='word_1_57' title='bbox 762 2355 816 2424; x_wconf 85' lang='lat' dir='ltr'><strong>Ac</strong></span> <span class='ocrx_word' id='word_1_58' title='bbox 829 2352 1077 2423; x_wconf 87' lang='lat' dir='ltr'><strong>multitantum</strong></span> <span class='ocrx_word' id='word_1_59' title='bbox 1098 2343 1189 2416; x_wconf 90' lang='lat' dir='ltr'><strong>hanc</strong></span> <span class='ocrx_word' id='word_1_60' title='bbox 1205 2363 1415 2438; x_wconf 84' lang='lat' dir='ltr'><strong>postremam</strong></span> <span class='ocrx_word' id='word_1_61' title='bbox 1435 2345 1605 2436; x_wconf 78' lang='lat' dir='ltr'>pagellam</span> <span class='ocrx_word' id='word_1_62' title='bbox 1660 2343 1889 2437; x_wconf 76' lang='lat' dir='ltr'>propheticae</span> <span class='ocrx_word' id='word_1_63' title='bbox 1911 2359 1947 2416; x_wconf 92' lang='lat' dir='ltr'><strong>et</strong></span> <span class='ocrx_word' id='word_1_64' title='bbox 1964 2341 2197 2432; x_wconf 81' lang='lat' dir='ltr'><strong>Evangelicae</strong></span> <span class='ocrx_word' id='word_1_65' title='bbox 2223 2344 2416 2434; x_wconf 83' lang='lat' dir='ltr'><strong>scripturae</strong></span> <span class='ocrx_word' id='word_1_66' title='bbox 2435 2355 2579 2434; x_wconf 77' lang='lat' dir='ltr'><strong>perpetuu</strong></span> <span class='ocrx_word' id='word_1_67' title='bbox 2612 2413 2613 2432; x_wconf 47' lang='lat'><strong>,</strong></span> 
     </span>
     <span class='ocr_line' id='line_1_9' title="bbox 619 2442 2579 2545; baseline -0.014 -14"><span class='ocrx_word' id='word_1_68' title='bbox 619 2467 665 2533; x_wconf 91' lang='lat' dir='ltr'><strong>de</strong></span> <span class='ocrx_word' id='word_1_69' title='bbox 680 2459 842 2528; x_wconf 90' lang='lat' dir='ltr'><strong>moribus</strong></span> <span class='ocrx_word' id='word_1_70' title='bbox 858 2466 1004 2523; x_wconf 88' lang='lat' dir='ltr'><strong>censent</strong></span> <span class='ocrx_word' id='word_1_71' title='bbox 1016 2473 1113 2518; x_wconf 92' lang='lat' dir='ltr'><strong>nunc</strong></span> <span class='ocrx_word' id='word_1_72' title='bbox 1129 2451 1219 2518; x_wconf 86' lang='lat' dir='ltr'><strong>lectu</strong></span> <span class='ocrx_word' id='word_1_73' title='bbox 1236 2452 1378 2536; x_wconf 81' lang='lat' dir='ltr'><strong>dignam</strong></span> <span class='ocrx_word' id='word_1_74' title='bbox 1397 2471 1487 2530; x_wconf 90' lang='lat' dir='ltr'><strong>esse,</strong></span> <span class='ocrx_word' id='word_1_75' title='bbox 1513 2469 1607 2514; x_wconf 75' lang='lat' dir='ltr'><strong>eam·</strong></span> <span class='ocrx_word' id='word_1_76' title='bbox 1658 2465 1691 2520; x_wconf 70' lang='grc' dir='ltr'><strong>ει</strong></span> <span class='ocrx_word' id='word_1_77' title='bbox 1708 2450 1917 2518; x_wconf 71' lang='lat' dir='ltr'>eruditiores</span> <span class='ocrx_word' id='word_1_78' title='bbox 1935 2448 2070 2545; x_wconf 66' lang='lat' dir='ltr'><strong>pitres,</strong></span> <span class='ocrx_word' id='word_1_79' title='bbox 2097 2459 2131 2515; x_wconf 77' lang='lat' dir='ltr'><strong>ec</strong></span> <span class='ocrx_word' id='word_1_80' title='bbox 2147 2446 2277 2515; x_wconf 79' lang='lat' dir='ltr'><strong>iudicia</strong></span> <span class='ocrx_word' id='word_1_81' title='bbox 2298 2445 2477 2540; x_wconf 71' lang='lat' dir='ltr'><strong>peritarum</strong></span> <span class='ocrx_word' id='word_1_82' title='bbox 2492 2455 2516 2510; x_wconf 77' lang='lat' dir='ltr'><strong>ct</strong></span> <span class='ocrx_word' id='word_1_83' title='bbox 2532 2442 2579 2531; x_wconf 78' lang='lat' dir='ltr'><strong>pie-</strong></span> 
     </span>
     <span class='ocr_line' id='line_1_10' title="bbox 620 2543 2580 2659; baseline -0.012 -26"><span class='ocrx_word' id='word_1_84' title='bbox 620 2586 690 2659; x_wconf 89' lang='lat' dir='ltr'><strong>quc</strong></span> <span class='ocrx_word' id='word_1_85' title='bbox 705 2561 827 2648; x_wconf 75' lang='lat' dir='ltr'><strong>legunt</strong></span> <span class='ocrx_word' id='word_1_86' title='bbox 840 2569 880 2626; x_wconf 91' lang='lat' dir='ltr'><strong>ut</strong></span> <span class='ocrx_word' id='word_1_87' title='bbox 894 2553 1044 2623; x_wconf 87' lang='lat' dir='ltr'><strong>llesiodi</strong></span> <span class='ocrx_word' id='word_1_88' title='bbox 1060 2565 1118 2622; x_wconf 91' lang='lat' dir='ltr'><strong>aut</strong></span> <span class='ocrx_word' id='word_1_89' title='bbox 1133 2550 1338 2644; x_wconf 88' lang='lat' dir='ltr'><strong>P&#39;nocylidis</strong></span> <span class='ocrx_word' id='word_1_90' title='bbox 1352 2551 1490 2638; x_wconf 74' lang='lat' dir='ltr'><strong>poe&#39;ma.</strong></span> <span class='ocrx_word' id='word_1_91' title='bbox 1536 2545 1607 2617; x_wconf 90' lang='lat' dir='ltr'><strong>Sn-</strong></span> <span class='ocrx_word' id='word_1_92' title='bbox 1660 2574 1738 2622; x_wconf 89' lang='lat' dir='ltr'><strong>rum</strong></span> <span class='ocrx_word' id='word_1_93' title='bbox 1768 2551 2061 2619; x_wconf 76' lang='lat' dir='ltr'><strong>conscientiarum</strong></span> <span class='ocrx_word' id='word_1_94' title='bbox 2095 2549 2132 2616; x_wconf 93' lang='lat' dir='ltr'><strong>in</strong></span> <span class='ocrx_word' id='word_1_95' title='bbox 2158 2543 2329 2622; x_wconf 83' lang='lat' dir='ltr'><strong>Ecclesia.</strong></span> <span class='ocrx_word' id='word_1_96' title='bbox 2394 2543 2480 2615; x_wconf 88' lang='lat' dir='ltr'><strong>llaec</strong></span> <span class='ocrx_word' id='word_1_97' title='bbox 2501 2543 2580 2611; x_wconf 83' lang='lat' dir='ltr'><strong>omnir</strong></span> 
     </span>
     <span class='ocr_line' id='line_1_11' title="bbox 620 2647 2580 2757; baseline -0.012 -24"><span class='ocrx_word' id='word_1_98' title='bbox 620 2662 761 2757; x_wconf 89' lang='lat' dir='ltr'><strong>periura</strong></span> <span class='ocrx_word' id='word_1_99' title='bbox 781 2653 876 2726; x_wconf 92' lang='lat' dir='ltr'><strong>nihil</strong></span> <span class='ocrx_word' id='word_1_100' title='bbox 898 2655 1120 2726; x_wconf 75' lang='lat' dir='ltr'><strong>arbitrantur</strong></span> <span class='ocrx_word' id='word_1_101' title='bbox 1144 2654 1188 2723; x_wconf 87' lang='lat' dir='ltr'><strong>ad</strong></span> <span class='ocrx_word' id='word_1_102' title='bbox 1213 2675 1278 2722; x_wconf 87' lang='lat' dir='ltr'><strong>nos</strong></span> <span class='ocrx_word' id='word_1_103' title='bbox 1298 2651 1490 2740; x_wconf 88' lang='lat' dir='ltr'><strong>pertinere,</strong></span> <span class='ocrx_word' id='word_1_104' title='bbox 1525 2648 1609 2741; x_wconf 86' lang='lat' dir='ltr'><strong>quia</strong></span> <span class='ocrx_word' id='word_1_105' title='bbox 1659 2675 1739 2722; x_wconf 90' lang='lat' dir='ltr'><strong>eum</strong></span> <span class='ocrx_word' id='word_1_106' title='bbox 1762 2651 2001 2732; x_wconf 76' lang='lat' dir='ltr'><strong>consentiant,</strong></span> <span class='ocrx_word' id='word_1_107' title='bbox 2041 2651 2124 2719; x_wconf 87' lang='lat' dir='ltr'><strong>satis</strong></span> <span class='ocrx_word' id='word_1_108' title='bbox 2146 2650 2247 2718; x_wconf 89' lang='lat' dir='ltr'><strong>lirma</strong></span> <span class='ocrx_word' id='word_1_109' title='bbox 2274 2647 2468 2719; x_wconf 86' lang='lat' dir='ltr'><strong>testimonia</strong></span> <span class='ocrx_word' id='word_1_110' title='bbox 2485 2659 2580 2714; x_wconf 83' lang='lat' dir='ltr'><strong>nostrae</strong></span> 
     </span>
     <span class='ocr_line' id='line_1_12' title="bbox 621 2743 2582 2861; baseline -0.01 -26"><span class='ocrx_word' id='word_1_111' title='bbox 621 2773 751 2861; x_wconf 89' lang='lat' dir='ltr'><strong>putant</strong></span> <span class='ocrx_word' id='word_1_112' title='bbox 772 2771 912 2828; x_wconf 88' lang='lat' dir='ltr'><strong>tantum</strong></span> <span class='ocrx_word' id='word_1_113' title='bbox 932 2758 1026 2827; x_wconf 80' lang='lat' dir='ltr'><strong>rixas</strong></span> <span class='ocrx_word' id='word_1_114' title='bbox 1050 2778 1123 2824; x_wconf 90' lang='lat' dir='ltr'><strong>esse</strong></span> <span class='ocrx_word' id='word_1_115' title='bbox 1145 2757 1190 2822; x_wconf 90' lang='lat' dir='ltr'><strong>de</strong></span> <span class='ocrx_word' id='word_1_116' title='bbox 1215 2751 1367 2824; x_wconf 88' lang='lat' dir='ltr'><strong>ludaicis</strong></span> <span class='ocrx_word' id='word_1_117' title='bbox 1388 2750 1607 2829; x_wconf 75' lang='lat' dir='ltr'><strong>ceremoniis,</strong></span> <span class='ocrx_word' id='word_1_118' title='bbox 1659 2753 1958 2845; x_wconf 79' lang='lat' dir='ltr'><strong>interpretationis</strong></span> <span class='ocrx_word' id='word_1_119' title='bbox 1991 2745 2185 2832; x_wconf 87' lang='lat' dir='ltr'><strong>habemus,</strong></span> <span class='ocrx_word' id='word_1_120' title='bbox 2224 2773 2292 2820; x_wconf 90' lang='lat' dir='ltr'><strong>nec</strong></span> <span class='ocrx_word' id='word_1_121' title='bbox 2321 2747 2493 2820; x_wconf 88' lang='lat' dir='ltr'><strong>calumnias</strong></span> <span class='ocrx_word' id='word_1_122' title='bbox 2508 2743 2582 2814; x_wconf 84' lang='lat' dir='ltr'><strong>lleu·</strong></span> 
     </span>
     <span class='ocr_line' id='line_1_13' title="bbox 623 2831 2582 2956; baseline -0.013 -21"><span class='ocrx_word' id='word_1_123' title='bbox 623 2872 667 2938; x_wconf 94' lang='lat' dir='ltr'><strong>de</strong></span> <span class='ocrx_word' id='word_1_124' title='bbox 697 2862 827 2956; x_wconf 85' lang='lat' dir='ltr'><strong>quibus</strong></span> <span class='ocrx_word' id='word_1_125' title='bbox 851 2883 948 2929; x_wconf 92' lang='lat' dir='ltr'><strong>nunc</strong></span> <span class='ocrx_word' id='word_1_126' title='bbox 970 2883 1075 2927; x_wconf 92' lang='lat' dir='ltr'><strong>nemo</strong></span> <span class='ocrx_word' id='word_1_127' title='bbox 1097 2857 1221 2945; x_wconf 85' lang='lat' dir='ltr'><strong>litigat.</strong></span> <span class='ocrx_word' id='word_1_128' title='bbox 1286 2853 1357 2924; x_wconf 87' lang='lat' dir='ltr'><strong>Sed</strong></span> <span class='ocrx_word' id='word_1_129' title='bbox 1381 2855 1485 2942; x_wconf 80' lang='lat' dir='ltr'><strong>longe</strong></span> <span class='ocrx_word' id='word_1_130' title='bbox 1506 2851 1607 2921; x_wconf 86' lang='lat' dir='ltr'><strong>aliter</strong></span> <span class='ocrx_word' id='word_1_131' title='bbox 1659 2855 1809 2945; x_wconf 76' lang='lat' dir='ltr'><strong>singeri,</strong></span> <span class='ocrx_word' id='word_1_132' title='bbox 1834 2853 2028 2938; x_wconf 89' lang='lat' dir='ltr'><strong>Mustelae,</strong></span> <span class='ocrx_word' id='word_1_133' title='bbox 2055 2851 2248 2951; x_wconf 89' lang='lat' dir='ltr'><strong>Campani,</strong></span> <span class='ocrx_word' id='word_1_134' title='bbox 2274 2867 2340 2924; x_wconf 88' lang='lat' dir='ltr'><strong>aut</strong></span> <span class='ocrx_word' id='word_1_135' title='bbox 2358 2831 2492 2921; x_wconf 73' lang='lat' dir='ltr'><strong>aliorum</strong></span> <span class='ocrx_word' id='word_1_136' title='bbox 2510 2845 2582 2936; x_wconf 89' lang='lat' dir='ltr'><strong>perti·</strong></span> 
     </span>
     <span class='ocr_line' id='line_1_14' title="bbox 624 2945 2582 3056; baseline -0.014 -16"><span class='ocrx_word' id='word_1_137' title='bbox 624 2965 849 3040; x_wconf 85' lang='lat' dir='ltr'><strong>sentiendum</strong></span> <span class='ocrx_word' id='word_1_138' title='bbox 865 2973 927 3033; x_wconf 91' lang='lat' dir='ltr'><strong>est.</strong></span> <span class='ocrx_word' id='word_1_139' title='bbox 980 2958 1083 3030; x_wconf 86' lang='lat' dir='ltr'><strong>Prior</strong></span> <span class='ocrx_word' id='word_1_140' title='bbox 1099 2982 1180 3050; x_wconf 87' lang='lat' dir='ltr'><strong>pars</strong></span> <span class='ocrx_word' id='word_1_141' title='bbox 1203 2953 1308 3030; x_wconf 91' lang='lat' dir='ltr'><strong>habet</strong></span> <span class='ocrx_word' id='word_1_142' title='bbox 1332 2955 1621 3056; x_wconf 82' lang='lat' dir='ltr'><strong>disputationem</strong></span> <span class='ocrx_word' id='word_1_143' title='bbox 1659 2957 1866 3041; x_wconf 87' lang='lat' dir='ltr'><strong>mescimus,</strong></span> <span class='ocrx_word' id='word_1_144' title='bbox 1899 2956 1962 3050; x_wconf 91' lang='lat' dir='ltr'><strong>qui</strong></span> <span class='ocrx_word' id='word_1_145' title='bbox 1983 2957 2221 3027; x_wconf 80' lang='lat' dir='ltr'><strong>vociferantur</strong></span> <span class='ocrx_word' id='word_1_146' title='bbox 2244 2977 2313 3026; x_wconf 88' lang='lat' dir='ltr'><strong>nos</strong></span> <span class='ocrx_word' id='word_1_147' title='bbox 2334 2953 2495 3042; x_wconf 75' lang='lat' dir='ltr'><strong>adfingere</strong></span> <span class='ocrx_word' id='word_1_148' title='bbox 2510 2945 2582 3016; x_wconf 81' lang='lat' dir='ltr'><strong>Paulo</strong></span> 
     </span>
     <span class='ocr_line' id='line_1_15' title="bbox 624 3045 2582 3140; baseline -0.014 0"><span class='ocrx_word' id='word_1_149' title='bbox 624 3068 777 3140; x_wconf 84' lang='lat' dir='ltr'><strong>maxime</strong></span> <span class='ocrx_word' id='word_1_150' title='bbox 790 3063 1021 3133; x_wconf 89' lang='lat' dir='ltr'><strong>necessariam</strong></span> <span class='ocrx_word' id='word_1_151' title='bbox 1038 3061 1203 3130; x_wconf 91' lang='lat' dir='ltr'><strong>omnibus</strong></span> <span class='ocrx_word' id='word_1_152' title='bbox 1224 3057 1352 3126; x_wconf 89' lang='lat' dir='ltr'><strong>seculis</strong></span> <span class='ocrx_word' id='word_1_153' title='bbox 1367 3069 1402 3126; x_wconf 91' lang='lat' dir='ltr'><strong>et</strong></span> <span class='ocrx_word' id='word_1_154' title='bbox 1424 3057 1609 3126; x_wconf 90' lang='lat' dir='ltr'><strong>universae</strong></span> <span class='ocrx_word' id='word_1_155' title='bbox 1661 3083 1789 3129; x_wconf 87' lang='lat' dir='ltr'><strong>novam</strong></span> <span class='ocrx_word' id='word_1_156' title='bbox 1813 3072 1848 3130; x_wconf 87' lang='lat' dir='ltr'><strong>et</strong></span> <span class='ocrx_word' id='word_1_157' title='bbox 1870 3058 2060 3130; x_wconf 84' lang='lat' dir='ltr'><strong>absurdam</strong></span> <span class='ocrx_word' id='word_1_158' title='bbox 2083 3057 2318 3137; x_wconf 88' lang='lat' dir='ltr'><strong>sententiam,</strong></span> <span class='ocrx_word' id='word_1_159' title='bbox 2358 3079 2398 3126; x_wconf 86' lang='lat' dir='ltr'><strong>ac</strong></span> <span class='ocrx_word' id='word_1_160' title='bbox 2418 3055 2528 3124; x_wconf 86' lang='lat' dir='ltr'><strong>interea</strong></span> <span class='ocrx_word' id='word_1_161' title='bbox 2543 3045 2582 3138; x_wconf 83' lang='lat' dir='ltr'><strong>ipsi</strong></span> 
     </span>
     <span class='ocr_line' id='line_1_16' title="bbox 624 3149 2614 3252; baseline -0.013 -10"><span class='ocrx_word' id='word_1_162' title='bbox 624 3167 812 3242; x_wconf 75' lang='lat' dir='ltr'><strong>Ecclesiae.</strong></span> <span class='ocrx_word' id='word_1_163' title='bbox 853 3162 1024 3234; x_wconf 87' lang='lat' dir='ltr'><strong>Continet</strong></span> <span class='ocrx_word' id='word_1_164' title='bbox 1046 3163 1140 3231; x_wconf 85' lang='lat' dir='ltr'><strong>enirn</strong></span> <span class='ocrx_word' id='word_1_165' title='bbox 1166 3161 1372 3252; x_wconf 89' lang='lat' dir='ltr'><strong>praecipuos</strong></span> <span class='ocrx_word' id='word_1_166' title='bbox 1393 3172 1429 3229; x_wconf 90' lang='lat' dir='ltr'><strong>et</strong></span> <span class='ocrx_word' id='word_1_167' title='bbox 1447 3154 1610 3250; x_wconf 90' lang='lat' dir='ltr'><strong>proprios</strong></span> <span class='ocrx_word' id='word_1_168' title='bbox 1662 3161 1851 3232; x_wconf 84' lang='lat' dir='ltr'><strong>inflectunt</strong></span> <span class='ocrx_word' id='word_1_169' title='bbox 1864 3159 1969 3231; x_wconf 90' lang='lat' dir='ltr'><strong>Pauli</strong></span> <span class='ocrx_word' id='word_1_170' title='bbox 1995 3160 2089 3231; x_wconf 88' lang='lat' dir='ltr'><strong>dicta</strong></span> <span class='ocrx_word' id='word_1_171' title='bbox 2114 3161 2159 3229; x_wconf 90' lang='lat' dir='ltr'><strong>ad</strong></span> <span class='ocrx_word' id='word_1_172' title='bbox 2183 3159 2307 3228; x_wconf 90' lang='lat' dir='ltr'><strong>civiles</strong></span> <span class='ocrx_word' id='word_1_173' title='bbox 2333 3149 2583 3238; x_wconf 84' lang='lat' dir='ltr'><strong>etbumanasopi-</strong></span> <span class='ocrx_word' id='word_1_174' title='bbox 2612 3155 2614 3216; x_wconf 67' lang='grc' dir='ltr'><strong>ς</strong></span> 
     </span>
     <span class='ocr_line' id='line_1_17' title="bbox 625 3257 2614 3348; baseline -0.009 -6"><span class='ocrx_word' id='word_1_175' title='bbox 625 3276 722 3342; x_wconf 87' lang='lat' dir='ltr'><strong>locos</strong></span> <span class='ocrx_word' id='word_1_176' title='bbox 752 3268 934 3338; x_wconf 81' lang='lat' dir='ltr'><strong>doctrinae</strong></span> <span class='ocrx_word' id='word_1_177' title='bbox 965 3261 1206 3345; x_wconf 83' lang='lat' dir='ltr'><strong>Christianae,</strong></span> <span class='ocrx_word' id='word_1_178' title='bbox 1246 3262 1416 3332; x_wconf 88' lang='lat' dir='ltr'><strong>discernit</strong></span> <span class='ocrx_word' id='word_1_179' title='bbox 1446 3257 1610 3346; x_wconf 81' lang='lat' dir='ltr'><strong>Evange-</strong></span> <span class='ocrx_word' id='word_1_180' title='bbox 1662 3265 1808 3345; x_wconf 80' lang='lat' dir='ltr'><strong>niones,</strong></span> <span class='ocrx_word' id='word_1_181' title='bbox 1828 3265 1873 3332; x_wconf 87' lang='lat' dir='ltr'><strong>de</strong></span> <span class='ocrx_word' id='word_1_182' title='bbox 1887 3262 2024 3332; x_wconf 86' lang='lat' dir='ltr'><strong>iusticia</strong></span> <span class='ocrx_word' id='word_1_183' title='bbox 2040 3275 2074 3332; x_wconf 92' lang='lat' dir='ltr'><strong>et</strong></span> <span class='ocrx_word' id='word_1_184' title='bbox 2089 3261 2273 3347; x_wconf 88' lang='lat' dir='ltr'><strong>moribus,</strong></span> <span class='ocrx_word' id='word_1_185' title='bbox 2312 3285 2352 3330; x_wconf 90' lang='lat' dir='ltr'><strong>ac</strong></span> <span class='ocrx_word' id='word_1_186' title='bbox 2374 3273 2614 3348; x_wconf 46' lang='lat' dir='ltr'><strong>magnaurae,</strong></span> 
     </span>
     <span class='ocr_line' id='line_1_18' title="bbox 626 3352 2614 3457; baseline -0.015 -13"><span class='ocrx_word' id='word_1_187' title='bbox 626 3369 860 3457; x_wconf 80' lang='lat' dir='ltr'><strong>liumaLege</strong></span> <span class='ocrx_word' id='word_1_188' title='bbox 877 3380 913 3437; x_wconf 92' lang='lat' dir='ltr'><strong>et</strong></span> <span class='ocrx_word' id='word_1_189' title='bbox 933 3361 1221 3455; x_wconf 88' lang='lat' dir='ltr'><strong>aPhilosophla,</strong></span> <span class='ocrx_word' id='word_1_190' title='bbox 1247 3375 1422 3432; x_wconf 84' lang='lat' dir='ltr'><strong>monstrat</strong></span> <span class='ocrx_word' id='word_1_191' title='bbox 1443 3359 1611 3432; x_wconf 87' lang='lat' dir='ltr'><strong>beneficia</strong></span> <span class='ocrx_word' id='word_1_192' title='bbox 1662 3365 1802 3436; x_wconf 66' lang='lat' dir='ltr'><strong>dentiae</strong></span> <span class='ocrx_word' id='word_1_193' title='bbox 1823 3366 1966 3434; x_wconf 67' lang='lat' dir='ltr'><strong>laudem</strong></span> <span class='ocrx_word' id='word_1_194' title='bbox 2000 3385 2074 3433; x_wconf 67' lang='lat' dir='ltr'><strong>esse</strong></span> <span class='ocrx_word' id='word_1_195' title='bbox 2096 3375 2244 3455; x_wconf 64' lang='lat' dir='ltr'><strong>putans,</strong></span> <span class='ocrx_word' id='word_1_196' title='bbox 2280 3362 2468 3452; x_wconf 53' lang='lat' dir='ltr'><strong>excogitare</strong></span> <span class='ocrx_word' id='word_1_197' title='bbox 2490 3352 2614 3444; x_wconf 57' lang='lat' dir='ltr'><strong>conclu-3</strong></span> 
     </span>
     <span class='ocr_line' id='line_1_19' title="bbox 626 3449 2615 3560; baseline -0.013 -15"><span class='ocrx_word' id='word_1_198' title='bbox 626 3472 772 3557; x_wconf 86' lang='lat' dir='ltr'><strong>Christi,</strong></span> <span class='ocrx_word' id='word_1_199' title='bbox 798 3470 1040 3539; x_wconf 88' lang='lat' dir='ltr'><strong>remissionem</strong></span> <span class='ocrx_word' id='word_1_200' title='bbox 1057 3467 1496 3559; x_wconf 79' lang='lat' dir='ltr'><strong>peccatorumgratuitam,</strong></span> <span class='ocrx_word' id='word_1_201' title='bbox 1522 3462 1612 3531; x_wconf 89' lang='lat' dir='ltr'><strong>libe·</strong></span> <span class='ocrx_word' id='word_1_202' title='bbox 1661 3492 1744 3537; x_wconf 89' lang='lat' dir='ltr'><strong>nam</strong></span> <span class='ocrx_word' id='word_1_203' title='bbox 1775 3467 2126 3560; x_wconf 88' lang='lat' dir='ltr'><strong>interpretationem,</strong></span> <span class='ocrx_word' id='word_1_204' title='bbox 2146 3465 2147 3469; x_wconf 65' lang='grc'>’</span> <span class='ocrx_word' id='word_1_205' title='bbox 2169 3490 2258 3560; x_wconf 90' lang='lat' dir='ltr'><strong>quae</strong></span> <span class='ocrx_word' id='word_1_206' title='bbox 2294 3490 2374 3537; x_wconf 89' lang='lat' dir='ltr'><strong>cum</strong></span> <span class='ocrx_word' id='word_1_207' title='bbox 2410 3449 2585 3557; x_wconf 75' lang='lat' dir='ltr'><strong>philosoplis,</strong></span> <span class='ocrx_word' id='word_1_208' title='bbox 2613 3508 2615 3549; x_wconf 60' lang='lat'><strong>,</strong></span> 
     </span>
     <span class='ocr_line' id='line_1_20' title="bbox 628 3564 2615 3659; baseline -0.014 -10"><span class='ocrx_word' id='word_1_209' title='bbox 628 3578 800 3649; x_wconf 91' lang='lat' dir='ltr'><strong>rationem</strong></span> <span class='ocrx_word' id='word_1_210' title='bbox 826 3594 846 3639; x_wconf 88' lang='lat' dir='ltr'><strong>a</strong></span> <span class='ocrx_word' id='word_1_211' title='bbox 878 3585 993 3641; x_wconf 88' lang='lat' dir='ltr'><strong>morte</strong></span> <span class='ocrx_word' id='word_1_212' title='bbox 1022 3583 1183 3653; x_wconf 89' lang='lat' dir='ltr'><strong>aeterna,</strong></span> <span class='ocrx_word' id='word_1_213' title='bbox 1216 3568 1487 3657; x_wconf 80' lang='lat' dir='ltr'><strong>imputationem</strong></span> <span class='ocrx_word' id='word_1_214' title='bbox 1511 3564 1613 3633; x_wconf 89' lang='lat' dir='ltr'><strong>iusti·</strong></span> <span class='ocrx_word' id='word_1_215' title='bbox 1663 3594 1741 3639; x_wconf 79' lang='lat' dir='ltr'><strong>cum</strong></span> <span class='ocrx_word' id='word_1_216' title='bbox 1759 3570 1939 3639; x_wconf 82' lang='lat' dir='ltr'><strong>communi</strong></span> <span class='ocrx_word' id='word_1_217' title='bbox 1956 3592 2060 3638; x_wconf 81' lang='lat' dir='ltr'><strong>sensu</strong></span> <span class='ocrx_word' id='word_1_218' title='bbox 2076 3568 2237 3637; x_wconf 86' lang='lat' dir='ltr'><strong>omnium</strong></span> <span class='ocrx_word' id='word_1_219' title='bbox 2254 3569 2442 3659; x_wconf 85' lang='lat' dir='ltr'><strong>impiorum</strong></span> <span class='ocrx_word' id='word_1_220' title='bbox 2462 3568 2585 3649; x_wconf 83' lang='lat' dir='ltr'><strong>congruat</strong></span> <span class='ocrx_word' id='word_1_221' title='bbox 2614 3612 2615 3645; x_wconf 50' lang='lat'>3</span> 
     </span>
     <span class='ocr_line' id='line_1_21' title="bbox 630 3666 2615 3762; baseline -0.01 -16"><span class='ocrx_word' id='word_1_222' title='bbox 630 3681 724 3760; x_wconf 87' lang='lat' dir='ltr'><strong>ciac,</strong></span> <span class='ocrx_word' id='word_1_223' title='bbox 758 3673 986 3743; x_wconf 89' lang='lat' dir='ltr'><strong>donationem</strong></span> <span class='ocrx_word' id='word_1_224' title='bbox 1007 3670 1161 3761; x_wconf 88' lang='lat' dir='ltr'><strong>Spiritus</strong></span> <span class='ocrx_word' id='word_1_225' title='bbox 1186 3670 1300 3737; x_wconf 86' lang='lat' dir='ltr'><strong>sancti</strong></span> <span class='ocrx_word' id='word_1_226' title='bbox 1326 3682 1360 3737; x_wconf 92' lang='lat' dir='ltr'><strong>et</strong></span> <span class='ocrx_word' id='word_1_227' title='bbox 1380 3669 1472 3739; x_wconf 87' lang='lat' dir='ltr'><strong>vitae</strong></span> <span class='ocrx_word' id='word_1_228' title='bbox 1501 3680 1614 3737; x_wconf 88' lang='lat' dir='ltr'><strong>aeter·</strong></span> <span class='ocrx_word' id='word_1_229' title='bbox 1663 3672 1821 3762; x_wconf 84' lang='lat' dir='ltr'><strong>Fiugunt</strong></span> <span class='ocrx_word' id='word_1_230' title='bbox 1852 3670 2001 3741; x_wconf 87' lang='lat' dir='ltr'><strong>Paulum</strong></span> <span class='ocrx_word' id='word_1_231' title='bbox 2031 3666 2117 3741; x_wconf 88' lang='lat' dir='ltr'><strong>hacc</strong></span> <span class='ocrx_word' id='word_1_232' title='bbox 2146 3670 2264 3755; x_wconf 88' lang='lat' dir='ltr'><strong>velle,</strong></span> <span class='ocrx_word' id='word_1_233' title='bbox 2313 3666 2468 3741; x_wconf 86' lang='lat' dir='ltr'><strong>hominrs</strong></span> <span class='ocrx_word' id='word_1_234' title='bbox 2496 3673 2615 3754; x_wconf 45' lang='lat' dir='ltr'><strong>proptu,</strong></span> 
     </span>
     <span class='ocr_line' id='line_1_22' title="bbox 629 3761 2615 3863; baseline -0.012 -14"><span class='ocrx_word' id='word_1_235' title='bbox 629 3804 707 3850; x_wconf 90' lang='lat' dir='ltr'><strong>nae.</strong></span> <span class='ocrx_word' id='word_1_236' title='bbox 760 3773 814 3844; x_wconf 89' lang='lat' dir='ltr'><strong>De</strong></span> <span class='ocrx_word' id='word_1_237' title='bbox 837 3771 893 3843; x_wconf 91' lang='lat' dir='ltr'><strong>his</strong></span> <span class='ocrx_word' id='word_1_238' title='bbox 908 3773 1017 3841; x_wconf 87' lang='lat' dir='ltr'><strong>tantis</strong></span> <span class='ocrx_word' id='word_1_239' title='bbox 1034 3773 1142 3841; x_wconf 90' lang='lat' dir='ltr'><strong>rebus</strong></span> <span class='ocrx_word' id='word_1_240' title='bbox 1164 3771 1412 3853; x_wconf 89' lang='lat' dir='ltr'><strong>concionatur,</strong></span> <span class='ocrx_word' id='word_1_241' title='bbox 1438 3794 1511 3837; x_wconf 92' lang='lat' dir='ltr'><strong>non</strong></span> <span class='ocrx_word' id='word_1_242' title='bbox 1536 3782 1614 3837; x_wconf 88' lang='lat' dir='ltr'><strong>tan·</strong></span> <span class='ocrx_word' id='word_1_243' title='bbox 1665 3774 1788 3859; x_wconf 81' lang='lat' dir='ltr'><strong>fidem,</strong></span> <span class='ocrx_word' id='word_1_244' title='bbox 1814 3774 1850 3841; x_wconf 90' lang='lat' dir='ltr'><strong>id</strong></span> <span class='ocrx_word' id='word_1_245' title='bbox 1872 3787 1942 3858; x_wconf 91' lang='lat' dir='ltr'><strong>est,</strong></span> <span class='ocrx_word' id='word_1_246' title='bbox 1968 3772 2221 3863; x_wconf 76' lang='lat' dir='ltr'><strong>professionem</strong></span> <span class='ocrx_word' id='word_1_247' title='bbox 2248 3766 2416 3843; x_wconf 88' lang='lat' dir='ltr'><strong>historiae</strong></span> <span class='ocrx_word' id='word_1_248' title='bbox 2437 3761 2615 3849; x_wconf 68' lang='lat' dir='ltr'><strong>decidua,</strong></span> 
     </span>
     <span class='ocr_line' id='line_1_23' title="bbox 631 3870 2615 3965; baseline -0.012 -14"><span class='ocrx_word' id='word_1_249' title='bbox 631 3896 708 3953; x_wconf 90' lang='lat' dir='ltr'><strong>tum</strong></span> <span class='ocrx_word' id='word_1_250' title='bbox 729 3878 845 3965; x_wconf 81' lang='lat' dir='ltr'><strong>litigat</strong></span> <span class='ocrx_word' id='word_1_251' title='bbox 866 3878 910 3945; x_wconf 88' lang='lat' dir='ltr'><strong>de</strong></span> <span class='ocrx_word' id='word_1_252' title='bbox 932 3874 1151 3947; x_wconf 89' lang='lat' dir='ltr'><strong>ceremoniis.</strong></span> <span class='ocrx_word' id='word_1_253' title='bbox 1216 3870 1289 3941; x_wconf 89' lang='lat' dir='ltr'><strong>Nec</strong></span> <span class='ocrx_word' id='word_1_254' title='bbox 1313 3874 1523 3951; x_wconf 87' lang='lat' dir='ltr'><strong>absurdam,</strong></span> <span class='ocrx_word' id='word_1_255' title='bbox 1550 3894 1614 3939; x_wconf 89' lang='lat' dir='ltr'><strong>nec</strong></span> <span class='ocrx_word' id='word_1_256' title='bbox 1666 3890 1699 3947; x_wconf 73' lang='lat' dir='ltr'><strong>ec</strong></span> <span class='ocrx_word' id='word_1_257' title='bbox 1724 3878 1836 3945; x_wconf 80' lang='lat' dir='ltr'><strong>bunos</strong></span> <span class='ocrx_word' id='word_1_258' title='bbox 1859 3899 1992 3959; x_wconf 68' lang='lat' dir='ltr'><strong>mores,</strong></span> <span class='ocrx_word' id='word_1_259' title='bbox 2017 3874 2148 3948; x_wconf 59' lang='lat' dir='ltr'><strong>hahes-e</strong></span> <span class='ocrx_word' id='word_1_260' title='bbox 2171 3877 2464 3945; x_wconf 56' lang='lat' dir='ltr'><strong>condonationem</strong></span> <span class='ocrx_word' id='word_1_261' title='bbox 2485 3877 2587 3958; x_wconf 77' lang='lat' dir='ltr'><strong>peccate</strong></span> <span class='ocrx_word' id='word_1_262' title='bbox 2614 3912 2615 3953; x_wconf 50' lang='lat'>7</span> 
     </span>
     <span class='ocr_line' id='line_1_24' title="bbox 632 3969 2588 4067; baseline -0.011 -16"><span class='ocrx_word' id='word_1_263' title='bbox 632 4002 763 4051; x_wconf 81' lang='lat' dir='ltr'><strong>novam</strong></span> <span class='ocrx_word' id='word_1_264' title='bbox 789 3977 1116 4067; x_wconf 80' lang='lat' dir='ltr'><strong>interpretationem</strong></span> <span class='ocrx_word' id='word_1_265' title='bbox 1140 3975 1257 4063; x_wconf 70' lang='lat' dir='ltr'><strong>gigno.</strong></span> <span class='ocrx_word' id='word_1_266' title='bbox 1310 3972 1388 4063; x_wconf 89' lang='lat' dir='ltr'><strong>lpsa</strong></span> <span class='ocrx_word' id='word_1_267' title='bbox 1412 3974 1519 4043; x_wconf 91' lang='lat' dir='ltr'><strong>series</strong></span> <span class='ocrx_word' id='word_1_268' title='bbox 1543 3974 1616 4041; x_wconf 87' lang='lat' dir='ltr'><strong>dis·</strong></span> <span class='ocrx_word' id='word_1_269' title='bbox 1667 4003 1765 4063; x_wconf 81' lang='lat' dir='ltr'><strong>rum,</strong></span> <span class='ocrx_word' id='word_1_270' title='bbox 1790 3990 1824 4046; x_wconf 91' lang='lat' dir='ltr'><strong>et</strong></span> <span class='ocrx_word' id='word_1_271' title='bbox 1840 3977 1910 4046; x_wconf 88' lang='lat' dir='ltr'><strong>dici</strong></span> <span class='ocrx_word' id='word_1_272' title='bbox 1929 3979 2051 4047; x_wconf 87' lang='lat' dir='ltr'><strong>iustos.</strong></span> <span class='ocrx_word' id='word_1_273' title='bbox 2096 3973 2151 4049; x_wconf 78' lang='lat' dir='ltr'><strong>Ac</strong></span> <span class='ocrx_word' id='word_1_274' title='bbox 2167 3976 2342 4055; x_wconf 79' lang='lat' dir='ltr'><strong>iusticiam</strong></span> <span class='ocrx_word' id='word_1_275' title='bbox 2360 3969 2588 4045; x_wconf 76' lang='lat' dir='ltr'><strong>cocamlleoess</strong></span> 
     </span>
     <span class='ocr_line' id='line_1_25' title="bbox 632 4073 2589 4174; baseline -0.013 -22"><span class='ocrx_word' id='word_1_276' title='bbox 632 4079 826 4174; x_wconf 88' lang='lat' dir='ltr'><strong>putationis</strong></span> <span class='ocrx_word' id='word_1_277' title='bbox 842 4076 1013 4147; x_wconf 88' lang='lat' dir='ltr'><strong>Paulinae</strong></span> <span class='ocrx_word' id='word_1_278' title='bbox 1028 4076 1133 4145; x_wconf 86' lang='lat' dir='ltr'><strong>efficit</strong></span> <span class='ocrx_word' id='word_1_279' title='bbox 1147 4073 1238 4144; x_wconf 89' lang='lat' dir='ltr'><strong>hanc</strong></span> <span class='ocrx_word' id='word_1_280' title='bbox 1252 4075 1484 4159; x_wconf 87' lang='lat' dir='ltr'><strong>sententiam,</strong></span> <span class='ocrx_word' id='word_1_281' title='bbox 1510 4096 1615 4168; x_wconf 89' lang='lat' dir='ltr'><strong>qnam</strong></span> <span class='ocrx_word' id='word_1_282' title='bbox 1667 4076 1758 4149; x_wconf 84' lang='lat' dir='ltr'><strong>hanc</strong></span> <span class='ocrx_word' id='word_1_283' title='bbox 1780 4079 2062 4173; x_wconf 89' lang='lat' dir='ltr'><strong>qualemcunque</strong></span> <span class='ocrx_word' id='word_1_284' title='bbox 2084 4079 2311 4168; x_wconf 88' lang='lat' dir='ltr'><strong>disciplinam</strong></span> <span class='ocrx_word' id='word_1_285' title='bbox 2337 4101 2441 4171; x_wconf 85' lang='lat' dir='ltr'><strong>quam</strong></span> <span class='ocrx_word' id='word_1_286' title='bbox 2469 4076 2589 4165; x_wconf 85' lang='lat' dir='ltr'><strong>praestant</strong></span> 
     </span>
     <span class='ocr_line' id='line_1_26' title="bbox 634 4170 2589 4276; baseline -0.013 -21"><span class='ocrx_word' id='word_1_287' title='bbox 634 4185 758 4255; x_wconf 81' lang='lat' dir='ltr'><strong>reddo.</strong></span> <span class='ocrx_word' id='word_1_288' title='bbox 832 4176 897 4249; x_wconf 89' lang='lat' dir='ltr'><strong>Est</strong></span> <span class='ocrx_word' id='word_1_289' title='bbox 925 4193 1042 4249; x_wconf 84' lang='lat' dir='ltr'><strong>autem</strong></span> <span class='ocrx_word' id='word_1_290' title='bbox 1064 4179 1109 4252; x_wconf 88' lang='lat' dir='ltr'><strong>ab</strong></span> <span class='ocrx_word' id='word_1_291' title='bbox 1136 4178 1213 4267; x_wconf 87' lang='lat' dir='ltr'><strong>ipso</strong></span> <span class='ocrx_word' id='word_1_292' title='bbox 1235 4176 1427 4276; x_wconf 87' lang='lat' dir='ltr'><strong>apostolico</strong></span> <span class='ocrx_word' id='word_1_293' title='bbox 1456 4198 1618 4247; x_wconf 88' lang='lat' dir='ltr'><strong>sermone</strong></span> <span class='ocrx_word' id='word_1_294' title='bbox 1666 4178 1850 4265; x_wconf 85' lang='lat' dir='ltr'><strong>homines,</strong></span> <span class='ocrx_word' id='word_1_295' title='bbox 1876 4194 1908 4251; x_wconf 89' lang='lat' dir='ltr'><strong>et</strong></span> <span class='ocrx_word' id='word_1_296' title='bbox 1929 4174 2021 4249; x_wconf 89' lang='lat' dir='ltr'><strong>hanc</strong></span> <span class='ocrx_word' id='word_1_297' title='bbox 2042 4180 2113 4269; x_wconf 85' lang='lat' dir='ltr'><strong>legi</strong></span> <span class='ocrx_word' id='word_1_298' title='bbox 2138 4178 2212 4249; x_wconf 80' lang='lat' dir='ltr'><strong>Dei&#39;</strong></span> <span class='ocrx_word' id='word_1_299' title='bbox 2230 4181 2448 4251; x_wconf 80' lang='lat' dir='ltr'><strong>satisfacere:</strong></span> <span class='ocrx_word' id='word_1_300' title='bbox 2479 4170 2589 4243; x_wconf 86' lang='lat' dir='ltr'><strong>reiiciurt</strong></span> 
     </span>
     <span class='ocr_line' id='line_1_27' title="bbox 584 4277 2590 4372; baseline -0.012 -17"><span class='ocrx_word' id='word_1_301' title='bbox 584 4360 589 4369; x_wconf 86' lang='lat'><strong>.</strong></span> <span class='ocrx_word' id='word_1_302' title='bbox 633 4284 804 4357; x_wconf 88' lang='lat' dir='ltr'><strong>sumenda</strong></span> <span class='ocrx_word' id='word_1_303' title='bbox 838 4282 1030 4362; x_wconf 91' lang='lat' dir='ltr'><strong>sententia,</strong></span> <span class='ocrx_word' id='word_1_304' title='bbox 1067 4303 1141 4347; x_wconf 92' lang='lat' dir='ltr'><strong>non</strong></span> <span class='ocrx_word' id='word_1_305' title='bbox 1170 4280 1238 4348; x_wconf 90' lang='lat' dir='ltr'><strong>alia</strong></span> <span class='ocrx_word' id='word_1_306' title='bbox 1268 4280 1475 4368; x_wconf 84' lang='lat' dir='ltr'><strong>imaginatio</strong></span> <span class='ocrx_word' id='word_1_307' title='bbox 1505 4278 1618 4348; x_wconf 87' lang='lat' dir='ltr'><strong>adlin-</strong></span> <span class='ocrx_word' id='word_1_308' title='bbox 1668 4280 1753 4353; x_wconf 83' lang='lat' dir='ltr'><strong>hacc</strong></span> <span class='ocrx_word' id='word_1_309' title='bbox 1780 4283 1974 4372; x_wconf 83' lang='lat' dir='ltr'><strong>paradoxa,</strong></span> <span class='ocrx_word' id='word_1_310' title='bbox 2009 4296 2172 4369; x_wconf 80' lang='lat' dir='ltr'><strong>naturam</strong></span> <span class='ocrx_word' id='word_1_311' title='bbox 2202 4277 2359 4351; x_wconf 89' lang='lat' dir='ltr'><strong>hominis</strong></span> <span class='ocrx_word' id='word_1_312' title='bbox 2386 4280 2525 4349; x_wconf 85' lang='lat' dir='ltr'><strong>vitiatam</strong></span> <span class='ocrx_word' id='word_1_313' title='bbox 2542 4288 2590 4343; x_wconf 82' lang='lat' dir='ltr'><strong>esu,</strong></span> 
     </span>
     <span class='ocr_line' id='line_1_28' title="bbox 634 4377 2592 4478; baseline -0.011 -21"><span class='ocrx_word' id='word_1_314' title='bbox 634 4387 748 4478; x_wconf 78' lang='lat' dir='ltr'><strong>ganda</strong></span> <span class='ocrx_word' id='word_1_315' title='bbox 779 4394 903 4453; x_wconf 86' lang='lat' dir='ltr'><strong>contra</strong></span> <span class='ocrx_word' id='word_1_316' title='bbox 937 4377 1110 4451; x_wconf 86' lang='lat' dir='ltr'><strong>sermonis</strong></span> <span class='ocrx_word' id='word_1_317' title='bbox 1141 4381 1407 4471; x_wconf 83' lang='lat' dir='ltr'><strong>proprietatem.</strong></span> <span class='ocrx_word' id='word_1_318' title='bbox 1481 4380 1621 4449; x_wconf 88' lang='lat' dir='ltr'><strong>Deinde</strong></span> <span class='ocrx_word' id='word_1_319' title='bbox 1669 4400 1701 4455; x_wconf 76' lang='lat' dir='ltr'><strong>ec</strong></span> <span class='ocrx_word' id='word_1_320' title='bbox 1718 4408 1794 4452; x_wconf 89' lang='lat' dir='ltr'><strong>non</strong></span> <span class='ocrx_word' id='word_1_321' title='bbox 1816 4405 1915 4472; x_wconf 87' lang='lat' dir='ltr'><strong>posse</strong></span> <span class='ocrx_word' id='word_1_322' title='bbox 1936 4384 2003 4473; x_wconf 81' lang='lat' dir='ltr'><strong>legi</strong></span> <span class='ocrx_word' id='word_1_323' title='bbox 2022 4381 2089 4453; x_wconf 91' lang='lat' dir='ltr'><strong>Dei</strong></span> <span class='ocrx_word' id='word_1_324' title='bbox 2105 4378 2321 4453; x_wconf 80' lang='lat' dir='ltr'><strong>satisfacere:</strong></span> <span class='ocrx_word' id='word_1_325' title='bbox 2346 4397 2380 4453; x_wconf 89' lang='lat' dir='ltr'><strong>et</strong></span> <span class='ocrx_word' id='word_1_326' title='bbox 2394 4378 2478 4451; x_wconf 87' lang='lat' dir='ltr'><strong>hanc</strong></span> <span class='ocrx_word' id='word_1_327' title='bbox 2497 4386 2592 4444; x_wconf 82' lang='lat' dir='ltr'><strong>ustura</strong></span> 
     </span>
     <span class='ocr_line' id='line_1_29' title="bbox 635 4482 2592 4573; baseline -0.013 -15"><span class='ocrx_word' id='word_1_328' title='bbox 635 4502 757 4558; x_wconf 85' lang='lat' dir='ltr'><strong>nostra</strong></span> <span class='ocrx_word' id='word_1_329' title='bbox 777 4484 1023 4573; x_wconf 89' lang='lat' dir='ltr'><strong>interpretatio</strong></span> <span class='ocrx_word' id='word_1_330' title='bbox 1039 4483 1217 4573; x_wconf 86' lang='lat' dir='ltr'><strong>aptissime</strong></span> <span class='ocrx_word' id='word_1_331' title='bbox 1239 4483 1416 4555; x_wconf 86' lang='lat' dir='ltr'><strong>consentit</strong></span> <span class='ocrx_word' id='word_1_332' title='bbox 1438 4508 1518 4553; x_wconf 87' lang='lat' dir='ltr'><strong>curn</strong></span> <span class='ocrx_word' id='word_1_333' title='bbox 1540 4506 1621 4573; x_wconf 91' lang='lat' dir='ltr'><strong>per·</strong></span> <span class='ocrx_word' id='word_1_334' title='bbox 1669 4485 1930 4569; x_wconf 76' lang='lat' dir='ltr'><strong>infirmitatum,</strong></span> <span class='ocrx_word' id='word_1_335' title='bbox 1968 4486 2226 4557; x_wconf 61' lang='lat' dir='ltr'><strong>dubitationem</strong></span> <span class='ocrx_word' id='word_1_336' title='bbox 2255 4486 2300 4553; x_wconf 67' lang='lat' dir='ltr'><strong>de</strong></span> <span class='ocrx_word' id='word_1_337' title='bbox 2333 4482 2408 4553; x_wconf 64' lang='lat' dir='ltr'><strong>Deo</strong></span> <span class='ocrx_word' id='word_1_338' title='bbox 2437 4494 2467 4549; x_wconf 54' lang='grc' dir='ltr'><strong>οι</strong></span> <span class='ocrx_word' id='word_1_339' title='bbox 2494 4486 2592 4545; x_wconf 69' lang='lat' dir='ltr'><strong>caetero</strong></span> 
     </span>
     <span class='ocr_line' id='line_1_30' title="bbox 635 4578 2593 4683; baseline -0.001 -24"><span class='ocrx_word' id='word_1_340' title='bbox 635 4602 741 4683; x_wconf 89' lang='lat' dir='ltr'><strong>petua</strong></span> <span class='ocrx_word' id='word_1_341' title='bbox 762 4586 924 4672; x_wconf 83' lang='lat' dir='ltr'><strong>doctrina</strong></span> <span class='ocrx_word' id='word_1_342' title='bbox 945 4585 1073 4654; x_wconf 89' lang='lat' dir='ltr'><strong>tradita</strong></span> <span class='ocrx_word' id='word_1_343' title='bbox 1095 4585 1133 4652; x_wconf 90' lang='lat' dir='ltr'><strong>in</strong></span> <span class='ocrx_word' id='word_1_344' title='bbox 1157 4581 1344 4675; x_wconf 87' lang='lat' dir='ltr'><strong>Prophetis</strong></span> <span class='ocrx_word' id='word_1_345' title='bbox 1364 4598 1398 4654; x_wconf 89' lang='lat' dir='ltr'><strong>et</strong></span> <span class='ocrx_word' id='word_1_346' title='bbox 1413 4582 1621 4673; x_wconf 77' lang='lat' dir='ltr'><strong>Evangelio.</strong></span> <span class='ocrx_word' id='word_1_347' title='bbox 1669 4590 1824 4671; x_wconf 87' lang='lat' dir='ltr'><strong>morbos,</strong></span> <span class='ocrx_word' id='word_1_348' title='bbox 1849 4609 1938 4679; x_wconf 90' lang='lat' dir='ltr'><strong>quos</strong></span> <span class='ocrx_word' id='word_1_349' title='bbox 1954 4587 2199 4678; x_wconf 89' lang='lat' dir='ltr'><strong>complectitur</strong></span> <span class='ocrx_word' id='word_1_350' title='bbox 2214 4600 2395 4677; x_wconf 88' lang='lat' dir='ltr'><strong>peccatum</strong></span> <span class='ocrx_word' id='word_1_351' title='bbox 2408 4578 2593 4671; x_wconf 52' lang='lat' dir='ltr'><strong>originum</strong></span> 
     </span>
     <span class='ocr_line' id='line_1_31' title="bbox 636 4682 2593 4785; baseline -0.013 -25"><span class='ocrx_word' id='word_1_352' title='bbox 636 4690 766 4760; x_wconf 82' lang='lat' dir='ltr'><strong>Extant</strong></span> <span class='ocrx_word' id='word_1_353' title='bbox 789 4699 824 4757; x_wconf 87' lang='lat' dir='ltr'><strong>et</strong></span> <span class='ocrx_word' id='word_1_354' title='bbox 846 4686 994 4776; x_wconf 79' lang='lat' dir='ltr'><strong>vestigia</strong></span> <span class='ocrx_word' id='word_1_355' title='bbox 1016 4686 1056 4753; x_wconf 90' lang='lat' dir='ltr'><strong>in</strong></span> <span class='ocrx_word' id='word_1_356' title='bbox 1078 4682 1289 4775; x_wconf 82' lang='lat' dir='ltr'><strong>Ambrosio,</strong></span> <span class='ocrx_word' id='word_1_357' title='bbox 1320 4685 1474 4785; x_wconf 86' lang='lat' dir='ltr'><strong>Basilio,</strong></span> <span class='ocrx_word' id='word_1_358' title='bbox 1498 4682 1622 4773; x_wconf 81' lang='lat' dir='ltr'><strong>Augu.-</strong></span> <span class='ocrx_word' id='word_1_359' title='bbox 1670 4712 1751 4759; x_wconf 88' lang='lat' dir='ltr'><strong>vere</strong></span> <span class='ocrx_word' id='word_1_360' title='bbox 1773 4701 1910 4779; x_wconf 89' lang='lat' dir='ltr'><strong>peccata</strong></span> <span class='ocrx_word' id='word_1_361' title='bbox 1934 4713 2052 4773; x_wconf 88' lang='lat' dir='ltr'><strong>coram</strong></span> <span class='ocrx_word' id='word_1_362' title='bbox 2076 4686 2165 4757; x_wconf 91' lang='lat' dir='ltr'><strong>Deo.</strong></span> <span class='ocrx_word' id='word_1_363' title='bbox 2242 4685 2402 4777; x_wconf 86' lang='lat' dir='ltr'><strong>Spuerbe</strong></span> <span class='ocrx_word' id='word_1_364' title='bbox 2427 4682 2593 4755; x_wconf 75' lang='lat' dir='ltr'><strong>deridentes</strong></span> 
     </span>
     <span class='ocr_line' id='line_1_32' title="bbox 637 4785 2594 4887; baseline -0.008 -26"><span class='ocrx_word' id='word_1_365' title='bbox 637 4792 749 4874; x_wconf 89' lang='lat' dir='ltr'><strong>stino,</strong></span> <span class='ocrx_word' id='word_1_366' title='bbox 782 4788 977 4878; x_wconf 84' lang='lat' dir='ltr'><strong>Gregorio,</strong></span> <span class='ocrx_word' id='word_1_367' title='bbox 1009 4801 1044 4857; x_wconf 91' lang='lat' dir='ltr'><strong>et</strong></span> <span class='ocrx_word' id='word_1_368' title='bbox 1068 4785 1265 4861; x_wconf 82' lang='lat' dir='ltr'><strong>Bernardo.</strong></span> <span class='ocrx_word' id='word_1_369' title='bbox 1339 4789 1507 4883; x_wconf 83' lang='lat' dir='ltr'><strong>Denique</strong></span> <span class='ocrx_word' id='word_1_370' title='bbox 1529 4786 1624 4857; x_wconf 90' lang='lat' dir='ltr'><strong>iudi·</strong></span> <span class='ocrx_word' id='word_1_371' title='bbox 1671 4814 1760 4883; x_wconf 89' lang='lat' dir='ltr'><strong>quae</strong></span> <span class='ocrx_word' id='word_1_372' title='bbox 1782 4791 1826 4857; x_wconf 88' lang='lat' dir='ltr'><strong>de</strong></span> <span class='ocrx_word' id='word_1_373' title='bbox 1849 4804 1991 4887; x_wconf 88' lang='lat' dir='ltr'><strong>peccato</strong></span> <span class='ocrx_word' id='word_1_374' title='bbox 2016 4790 2165 4878; x_wconf 84' lang='lat' dir='ltr'><strong>originis</strong></span> <span class='ocrx_word' id='word_1_375' title='bbox 2194 4790 2365 4874; x_wconf 87' lang='lat' dir='ltr'><strong>dicimus,</strong></span> <span class='ocrx_word' id='word_1_376' title='bbox 2401 4791 2594 4856; x_wconf 75' lang='lat' dir='ltr'><strong>revocantia</strong></span> 
     </span>
     <span class='ocr_line' id='line_1_33' title="bbox 637 4878 2615 4995; baseline -0.012 -33"><span class='ocrx_word' id='word_1_377' title='bbox 637 4894 733 4963; x_wconf 87' lang='lat' dir='ltr'><strong>cium</strong></span> <span class='ocrx_word' id='word_1_378' title='bbox 747 4886 925 4963; x_wconf 81' lang='lat' dir='ltr'><strong>Ecclesiae</strong></span> <span class='ocrx_word' id='word_1_379' title='bbox 940 4901 1096 4960; x_wconf 89' lang='lat' dir='ltr'><strong>nostram</strong></span> <span class='ocrx_word' id='word_1_380' title='bbox 1117 4890 1444 4983; x_wconf 86' lang='lat' dir='ltr'><strong>interpretationem</strong></span> <span class='ocrx_word' id='word_1_381' title='bbox 1461 4911 1623 4979; x_wconf 91' lang='lat' dir='ltr'><strong>compro·</strong></span> <span class='ocrx_word' id='word_1_382' title='bbox 1672 4894 1715 4961; x_wconf 90' lang='lat' dir='ltr'><strong>ad</strong></span> <span class='ocrx_word' id='word_1_383' title='bbox 1740 4884 2017 4981; x_wconf 85' lang='lat' dir='ltr'><strong>philosophiam:</strong></span> <span class='ocrx_word' id='word_1_384' title='bbox 2044 4888 2092 4960; x_wconf 85' lang='lat' dir='ltr'><strong>Et</strong></span> <span class='ocrx_word' id='word_1_385' title='bbox 2107 4891 2144 4959; x_wconf 92' lang='lat' dir='ltr'><strong>in</strong></span> <span class='ocrx_word' id='word_1_386' title='bbox 2168 4914 2324 4977; x_wconf 89' lang='lat' dir='ltr'><strong>summa,</strong></span> <span class='ocrx_word' id='word_1_387' title='bbox 2349 4913 2421 4959; x_wconf 93' lang='lat' dir='ltr'><strong>non</strong></span> <span class='ocrx_word' id='word_1_388' title='bbox 2442 4882 2526 4955; x_wconf 91' lang='lat' dir='ltr'><strong>aliud</strong></span> <span class='ocrx_word' id='word_1_389' title='bbox 2542 4878 2594 4943; x_wconf 86' lang='lat' dir='ltr'><strong>im·</strong></span> <span class='ocrx_word' id='word_1_390' title='bbox 2613 4912 2615 4995; x_wconf 54' lang='lat' dir='ltr'><strong>p</strong></span> 
     </span>
     <span class='ocr_line' id='line_1_34' title="bbox 637 4976 2595 5084; baseline -0.009 -19"><span class='ocrx_word' id='word_1_391' title='bbox 637 4996 716 5065; x_wconf 87' lang='lat' dir='ltr'><strong>bat:</strong></span> <span class='ocrx_word' id='word_1_392' title='bbox 749 4992 915 5063; x_wconf 86' lang='lat' dir='ltr'><strong>videlicet</strong></span> <span class='ocrx_word' id='word_1_393' title='bbox 938 4992 1018 5084; x_wconf 91' lang='lat' dir='ltr'><strong>piae</strong></span> <span class='ocrx_word' id='word_1_394' title='bbox 1039 5004 1074 5062; x_wconf 86' lang='lat' dir='ltr'><strong>et</strong></span> <span class='ocrx_word' id='word_1_395' title='bbox 1099 4993 1230 5083; x_wconf 90' lang='lat' dir='ltr'><strong>peritae</strong></span> <span class='ocrx_word' id='word_1_396' title='bbox 1253 4992 1489 5064; x_wconf 89' lang='lat' dir='ltr'><strong>conscientiae</strong></span> <span class='ocrx_word' id='word_1_397' title='bbox 1514 5012 1624 5079; x_wconf 81' lang='lat' dir='ltr'><strong>agno·</strong></span> <span class='ocrx_word' id='word_1_398' title='bbox 1673 4994 1841 5081; x_wconf 80' lang='lat' dir='ltr'><strong>ginautur</strong></span> <span class='ocrx_word' id='word_1_399' title='bbox 1856 5014 1928 5062; x_wconf 87' lang='lat' dir='ltr'><strong>csse</strong></span> <span class='ocrx_word' id='word_1_400' title='bbox 1945 4992 2119 5062; x_wconf 90' lang='lat' dir='ltr'><strong>iusticiam</strong></span> <span class='ocrx_word' id='word_1_401' title='bbox 2138 5016 2257 5062; x_wconf 90' lang='lat' dir='ltr'><strong>coram</strong></span> <span class='ocrx_word' id='word_1_402' title='bbox 2274 4990 2369 5077; x_wconf 90' lang='lat' dir='ltr'><strong>Deo,</strong></span> <span class='ocrx_word' id='word_1_403' title='bbox 2395 5001 2450 5059; x_wconf 88' lang='lat' dir='ltr'><strong>aut</strong></span> <span class='ocrx_word' id='word_1_404' title='bbox 2467 5004 2550 5079; x_wconf 86' lang='lat' dir='ltr'><strong>quan</strong></span> <span class='ocrx_word' id='word_1_405' title='bbox 2567 4976 2595 5041; x_wconf 74' lang='lat' dir='ltr'><strong>la</strong></span> 
     </span>
     <span class='ocr_line' id='line_1_35' title="bbox 641 5090 2615 5187; baseline -0.006 -22"><span class='ocrx_word' id='word_1_406' title='bbox 641 5108 744 5167; x_wconf 91' lang='lat' dir='ltr'><strong>scunt</strong></span> <span class='ocrx_word' id='word_1_407' title='bbox 757 5094 796 5162; x_wconf 89' lang='lat' dir='ltr'><strong>in</strong></span> <span class='ocrx_word' id='word_1_408' title='bbox 812 5093 904 5163; x_wconf 87' lang='lat' dir='ltr'><strong>veris</strong></span> <span class='ocrx_word' id='word_1_409' title='bbox 920 5094 1174 5165; x_wconf 89' lang='lat' dir='ltr'><strong>certaminibus</strong></span> <span class='ocrx_word' id='word_1_410' title='bbox 1189 5097 1416 5166; x_wconf 89' lang='lat' dir='ltr'><strong>statuendum</strong></span> <span class='ocrx_word' id='word_1_411' title='bbox 1439 5113 1533 5177; x_wconf 89' lang='lat' dir='ltr'><strong>esse,</strong></span> <span class='ocrx_word' id='word_1_412' title='bbox 1559 5111 1625 5158; x_wconf 83' lang='lat' dir='ltr'><strong>nos</strong></span> <span class='ocrx_word' id='word_1_413' title='bbox 1672 5091 1739 5163; x_wconf 87' lang='lat' dir='ltr'><strong>Dei</strong></span> <span class='ocrx_word' id='word_1_414' title='bbox 1763 5094 1935 5183; x_wconf 87' lang='lat' dir='ltr'><strong>postulat,</strong></span> <span class='ocrx_word' id='word_1_415' title='bbox 1961 5094 2030 5161; x_wconf 89' lang='lat' dir='ltr'><strong>nisi</strong></span> <span class='ocrx_word' id='word_1_416' title='bbox 2053 5094 2150 5163; x_wconf 87' lang='lat' dir='ltr'><strong>illam</strong></span> <span class='ocrx_word' id='word_1_417' title='bbox 2173 5096 2284 5187; x_wconf 89' lang='lat' dir='ltr'><strong>ipsam</strong></span> <span class='ocrx_word' id='word_1_418' title='bbox 2309 5091 2533 5181; x_wconf 87' lang='lat' dir='ltr'><strong>disciplinam,</strong></span> <span class='ocrx_word' id='word_1_419' title='bbox 2558 5090 2615 5168; x_wconf 63' lang='lat' dir='ltr'><strong>qn*</strong></span> 
     </span>
     <span class='ocr_line' id='line_1_36' title="bbox 639 5178 2596 5289; baseline -0.012 -23"><span class='ocrx_word' id='word_1_420' title='bbox 639 5220 715 5266; x_wconf 89' lang='lat' dir='ltr'><strong>non</strong></span> <span class='ocrx_word' id='word_1_421' title='bbox 731 5209 875 5289; x_wconf 89' lang='lat' dir='ltr'><strong>propter</strong></span> <span class='ocrx_word' id='word_1_422' title='bbox 889 5210 1009 5265; x_wconf 89' lang='lat' dir='ltr'><strong>nostra</strong></span> <span class='ocrx_word' id='word_1_423' title='bbox 1023 5197 1228 5283; x_wconf 81' lang='lat' dir='ltr'><strong>benefacta,</strong></span> <span class='ocrx_word' id='word_1_424' title='bbox 1253 5220 1328 5267; x_wconf 92' lang='lat' dir='ltr'><strong>non</strong></span> <span class='ocrx_word' id='word_1_425' title='bbox 1344 5208 1487 5287; x_wconf 89' lang='lat' dir='ltr'><strong>propter</strong></span> <span class='ocrx_word' id='word_1_426' title='bbox 1501 5192 1626 5281; x_wconf 81' lang='lat' dir='ltr'><strong>legem,</strong></span> <span class='ocrx_word' id='word_1_427' title='bbox 1673 5207 1837 5265; x_wconf 87' lang='lat' dir='ltr'><strong>contenta</strong></span> <span class='ocrx_word' id='word_1_428' title='bbox 1852 5207 1904 5265; x_wconf 92' lang='lat' dir='ltr'><strong>est</strong></span> <span class='ocrx_word' id='word_1_429' title='bbox 1920 5190 2156 5287; x_wconf 87' lang='lat' dir='ltr'><strong>philosophia.</strong></span> <span class='ocrx_word' id='word_1_430' title='bbox 2215 5194 2318 5265; x_wconf 86' lang='lat' dir='ltr'><strong>Hanc</strong></span> <span class='ocrx_word' id='word_1_431' title='bbox 2332 5192 2522 5287; x_wconf 88' lang='lat' dir='ltr'><strong>opinionem</strong></span> <span class='ocrx_word' id='word_1_432' title='bbox 2536 5178 2596 5251; x_wconf 84' lang='lat' dir='ltr'><strong>Pels-</strong></span> 
     </span>
     <span class='ocr_line' id='line_1_37' title="bbox 642 5277 2596 5391; baseline -0.008 -23"><span class='ocrx_word' id='word_1_433' title='bbox 642 5300 703 5368; x_wconf 85' lang='lat' dir='ltr'><strong>sed</strong></span> <span class='ocrx_word' id='word_1_434' title='bbox 718 5298 826 5389; x_wconf 80' lang='lat' dir='ltr'><strong>gratis</strong></span> <span class='ocrx_word' id='word_1_435' title='bbox 842 5311 985 5390; x_wconf 89' lang='lat' dir='ltr'><strong>propter</strong></span> <span class='ocrx_word' id='word_1_436' title='bbox 998 5292 1180 5370; x_wconf 88' lang='lat' dir='ltr'><strong>Christum</strong></span> <span class='ocrx_word' id='word_1_437' title='bbox 1194 5298 1363 5391; x_wconf 89' lang='lat' dir='ltr'><strong>consequi</strong></span> <span class='ocrx_word' id='word_1_438' title='bbox 1381 5295 1625 5364; x_wconf 87' lang='lat' dir='ltr'><strong>remissionem</strong></span> <span class='ocrx_word' id='word_1_439' title='bbox 1676 5296 1753 5387; x_wconf 83' lang='lat' dir='ltr'><strong>gius</strong></span> <span class='ocrx_word' id='word_1_440' title='bbox 1785 5296 1961 5387; x_wconf 83' lang='lat' dir='ltr'><strong>professus</strong></span> <span class='ocrx_word' id='word_1_441' title='bbox 1990 5311 2066 5381; x_wconf 89' lang='lat' dir='ltr'><strong>est,</strong></span> <span class='ocrx_word' id='word_1_442' title='bbox 2107 5298 2168 5366; x_wconf 87' lang='lat' dir='ltr'><strong>sed</strong></span> <span class='ocrx_word' id='word_1_443' title='bbox 2189 5298 2322 5366; x_wconf 87' lang='lat' dir='ltr'><strong>semina</strong></span> <span class='ocrx_word' id='word_1_444' title='bbox 2354 5316 2467 5385; x_wconf 88' lang='lat' dir='ltr'><strong>sparsa</strong></span> <span class='ocrx_word' id='word_1_445' title='bbox 2494 5277 2596 5358; x_wconf 75' lang='lat' dir='ltr'><strong>suntin</strong></span> 
     </span>
     <span class='ocr_line' id='line_1_38' title="bbox 641 5391 2596 5492; baseline -0.007 -23"><span class='ocrx_word' id='word_1_446' title='bbox 641 5416 863 5492; x_wconf 88' lang='lat' dir='ltr'><strong>peecatorum</strong></span> <span class='ocrx_word' id='word_1_447' title='bbox 894 5412 928 5469; x_wconf 91' lang='lat' dir='ltr'><strong>et</strong></span> <span class='ocrx_word' id='word_1_448' title='bbox 956 5399 1226 5488; x_wconf 90' lang='lat' dir='ltr'><strong>imputationem</strong></span> <span class='ocrx_word' id='word_1_449' title='bbox 1254 5398 1433 5477; x_wconf 83' lang='lat' dir='ltr'><strong>iusticias,</strong></span> <span class='ocrx_word' id='word_1_450' title='bbox 1466 5396 1555 5477; x_wconf 86' lang='lat' dir='ltr'><strong>fide,</strong></span> <span class='ocrx_word' id='word_1_451' title='bbox 1588 5392 1624 5461; x_wconf 91' lang='lat' dir='ltr'><strong>id</strong></span> <span class='ocrx_word' id='word_1_452' title='bbox 1675 5398 1937 5469; x_wconf 88' lang='lat' dir='ltr'><strong>commentariis</strong></span> <span class='ocrx_word' id='word_1_453' title='bbox 1953 5392 2133 5488; x_wconf 81' lang='lat' dir='ltr'><strong>Origenis.</strong></span> <span class='ocrx_word' id='word_1_454' title='bbox 2197 5394 2339 5469; x_wconf 82' lang='lat' dir='ltr'><strong>Etcum</strong></span> <span class='ocrx_word' id='word_1_455' title='bbox 2356 5397 2401 5466; x_wconf 93' lang='lat' dir='ltr'><strong>sit</strong></span> <span class='ocrx_word' id='word_1_456' title='bbox 2421 5391 2528 5483; x_wconf 91' lang='lat' dir='ltr'><strong>opinio</strong></span> <span class='ocrx_word' id='word_1_457' title='bbox 2546 5400 2596 5451; x_wconf 74' lang='lat' dir='ltr'><strong>tot·</strong></span> 
     </span>
     <span class='ocr_line' id='line_1_39' title="bbox 642 5490 2596 5591; baseline -0.01 -18"><span class='ocrx_word' id='word_1_458' title='bbox 642 5515 712 5587; x_wconf 89' lang='lat' dir='ltr'><strong>est,</strong></span> <span class='ocrx_word' id='word_1_459' title='bbox 731 5502 858 5573; x_wconf 83' lang='lat' dir='ltr'><strong>fiducia</strong></span> <span class='ocrx_word' id='word_1_460' title='bbox 873 5501 1065 5591; x_wconf 88' lang='lat' dir='ltr'><strong>promissae</strong></span> <span class='ocrx_word' id='word_1_461' title='bbox 1079 5500 1342 5571; x_wconf 85' lang='lat' dir='ltr'><strong>misericordiae</strong></span> <span class='ocrx_word' id='word_1_462' title='bbox 1359 5511 1504 5590; x_wconf 87' lang='lat' dir='ltr'><strong>propter</strong></span> <span class='ocrx_word' id='word_1_463' title='bbox 1518 5492 1627 5565; x_wconf 85' lang='lat' dir='ltr'><strong>Chri·</strong></span> <span class='ocrx_word' id='word_1_464' title='bbox 1675 5512 1839 5569; x_wconf 89' lang='lat' dir='ltr'><strong>sentanea</strong></span> <span class='ocrx_word' id='word_1_465' title='bbox 1860 5499 1993 5569; x_wconf 91' lang='lat' dir='ltr'><strong>indicio</strong></span> <span class='ocrx_word' id='word_1_466' title='bbox 2015 5502 2164 5570; x_wconf 89' lang='lat' dir='ltr'><strong>rationis</strong></span> <span class='ocrx_word' id='word_1_467' title='bbox 2179 5496 2385 5577; x_wconf 88' lang='lat' dir='ltr'><strong>humanae,·</strong></span> <span class='ocrx_word' id='word_1_468' title='bbox 2401 5518 2484 5588; x_wconf 89' lang='lat' dir='ltr'><strong>quae</strong></span> <span class='ocrx_word' id='word_1_469' title='bbox 2503 5508 2557 5557; x_wconf 91' lang='lat' dir='ltr'><strong>non</strong></span> <span class='ocrx_word' id='word_1_470' title='bbox 2569 5490 2596 5547; x_wconf 71' lang='lat' dir='ltr'><strong>tlt</strong></span> 
     </span>
     <span class='ocr_line' id='line_1_40' title="bbox 642 5580 2595 5695; baseline -0.011 -21"><span class='ocrx_word' id='word_1_471' title='bbox 642 5618 748 5674; x_wconf 89' lang='lat' dir='ltr'><strong>stum.</strong></span> <span class='ocrx_word' id='word_1_472' title='bbox 798 5600 1065 5673; x_wconf 83' lang='lat' dir='ltr'><strong>Haerententia</strong></span> <span class='ocrx_word' id='word_1_473' title='bbox 1086 5604 1198 5673; x_wconf 90' lang='lat' dir='ltr'><strong>deleta</strong></span> <span class='ocrx_word' id='word_1_474' title='bbox 1222 5602 1262 5671; x_wconf 92' lang='lat' dir='ltr'><strong>in</strong></span> <span class='ocrx_word' id='word_1_475' title='bbox 1275 5599 1449 5684; x_wconf 86' lang='lat' dir='ltr'><strong>Ecclesia,</strong></span> <span class='ocrx_word' id='word_1_476' title='bbox 1476 5609 1626 5691; x_wconf 88' lang='lat' dir='ltr'><strong>quantae</strong></span> <span class='ocrx_word' id='word_1_477' title='bbox 1675 5615 1815 5690; x_wconf 81' lang='lat' dir='ltr'><strong>experta</strong></span> <span class='ocrx_word' id='word_1_478' title='bbox 1839 5624 1923 5670; x_wconf 84' lang='lat' dir='ltr'><strong>vero</strong></span> <span class='ocrx_word' id='word_1_479' title='bbox 1946 5625 2096 5695; x_wconf 85' lang='lat' dir='ltr'><strong>pavores</strong></span> <span class='ocrx_word' id='word_1_480' title='bbox 2121 5614 2156 5673; x_wconf 92' lang='lat' dir='ltr'><strong>et</strong></span> <span class='ocrx_word' id='word_1_481' title='bbox 2177 5602 2450 5671; x_wconf 87' lang='lat' dir='ltr'><strong>consolationem</strong></span> <span class='ocrx_word' id='word_1_482' title='bbox 2472 5580 2595 5659; x_wconf 71' lang='lat' dir='ltr'><strong>vesanit</strong></span> 
     </span>
     <span class='ocr_line' id='line_1_41' title="bbox 642 5680 2596 5796; baseline -0.005 -21"><span class='ocrx_word' id='word_1_483' title='bbox 642 5705 807 5775; x_wconf 87' lang='lat' dir='ltr'><strong>tenebrae</strong></span> <span class='ocrx_word' id='word_1_484' title='bbox 823 5701 1045 5796; x_wconf 82' lang='lat' dir='ltr'><strong>sequnntur?</strong></span> <span class='ocrx_word' id='word_1_485' title='bbox 1070 5702 1152 5773; x_wconf 92' lang='lat' dir='ltr'><strong>Non</strong></span> <span class='ocrx_word' id='word_1_486' title='bbox 1175 5701 1328 5790; x_wconf 81' lang='lat' dir='ltr'><strong>intelligi</strong></span> <span class='ocrx_word' id='word_1_487' title='bbox 1346 5716 1499 5789; x_wconf 83' lang='lat' dir='ltr'><strong>possunt</strong></span> <span class='ocrx_word' id='word_1_488' title='bbox 1518 5700 1626 5769; x_wconf 88' lang='lat' dir='ltr'><strong>bene·</strong></span> <span class='ocrx_word' id='word_1_489' title='bbox 1676 5702 1911 5792; x_wconf 90' lang='lat' dir='ltr'><strong>poenitentia,</strong></span> <span class='ocrx_word' id='word_1_490' title='bbox 1942 5703 2044 5771; x_wconf 77' lang='lat' dir='ltr'><strong>facile</strong></span> <span class='ocrx_word' id='word_1_491' title='bbox 2068 5699 2229 5773; x_wconf 90' lang='lat' dir='ltr'><strong>homiues</strong></span> <span class='ocrx_word' id='word_1_492' title='bbox 2252 5698 2337 5770; x_wconf 88' lang='lat' dir='ltr'><strong>haec</strong></span> <span class='ocrx_word' id='word_1_493' title='bbox 2358 5690 2494 5769; x_wconf 76' lang='grc' dir='ltr'>πιθανὰ</span> <span class='ocrx_word' id='word_1_494' title='bbox 2512 5680 2596 5773; x_wconf 66' lang='lat' dir='ltr'><strong>,mple-</strong></span> 
     </span>
     <span class='ocr_line' id='line_1_42' title="bbox 642 5785 2594 5901; baseline -0.006 -28"><span class='ocrx_word' id='word_1_495' title='bbox 642 5805 722 5875; x_wconf 87' lang='lat' dir='ltr'><strong>licia</strong></span> <span class='ocrx_word' id='word_1_496' title='bbox 749 5798 908 5884; x_wconf 83' lang='lat' dir='ltr'><strong>Christi,</strong></span> <span class='ocrx_word' id='word_1_497' title='bbox 953 5826 1026 5872; x_wconf 93' lang='lat' dir='ltr'><strong>non</strong></span> <span class='ocrx_word' id='word_1_498' title='bbox 1062 5803 1218 5895; x_wconf 88' lang='lat' dir='ltr'><strong>conspici</strong></span> <span class='ocrx_word' id='word_1_499' title='bbox 1249 5802 1440 5871; x_wconf 85' lang='lat' dir='ltr'><strong>discrimen</strong></span> <span class='ocrx_word' id='word_1_500' title='bbox 1475 5802 1563 5901; x_wconf 86' lang='lat' dir='ltr'><strong>legis</strong></span> <span class='ocrx_word' id='word_1_501' title='bbox 1593 5812 1628 5870; x_wconf 88' lang='lat' dir='ltr'><strong>et</strong></span> <span class='ocrx_word' id='word_1_502' title='bbox 1675 5818 1829 5878; x_wconf 84' lang='lat' dir='ltr'><strong>ctuntur.</strong></span> <span class='ocrx_word' id='word_1_503' title='bbox 1882 5802 1934 5874; x_wconf 85' lang='lat' dir='ltr'><strong>lta</strong></span> <span class='ocrx_word' id='word_1_504' title='bbox 1949 5826 2087 5895; x_wconf 84' lang='lat' dir='ltr'><strong>semper</strong></span> <span class='ocrx_word' id='word_1_505' title='bbox 2101 5800 2287 5895; x_wconf 88' lang='lat' dir='ltr'><strong>Prophetis</strong></span> <span class='ocrx_word' id='word_1_506' title='bbox 2303 5804 2442 5873; x_wconf 83' lang='lat' dir='ltr'><strong>luerunt</strong></span> <span class='ocrx_word' id='word_1_507' title='bbox 2458 5785 2594 5865; x_wconf 70' lang='lat' dir='ltr'><strong>certantim</strong></span> 
     </span>
    </p>
   </div>
   <div class='ocr_carea' id='block_1_5' title="bbox 0 0 2966 6948">
    <p class='ocr_par' dir='ltr' id='par_1_5' title="bbox 0 0 2966 6948">
     <span class='ocr_line' id='line_1_43' title="bbox 0 0 2966 6948; baseline 0 0"><span class='ocrx_word' id='word_1_508' title='bbox 0 0 2966 6948; x_wconf 95' lang='lat' dir='ltr'><strong> </strong></span> 
     </span>
    </p>
   </div>
  </div>
 </body>
</html>
