<?xml version="1.0" encoding="UTF-8"?>
<!DOCTYPE html PUBLIC "-//W3C//DTD XHTML 1.0 Transitional//EN"
    "http://www.w3.org/TR/xhtml1/DTD/xhtml1-transitional.dtd">
<html xmlns="http://www.w3.org/1999/xhtml" xml:lang="en" lang="en">
 <head>
  <title>
</title>
<meta http-equiv="Content-Type" content="text/html;charset=utf-8" />
  <meta name='ocr-system' content='tesseract 3.04.00' />
  <meta name='ocr-capabilities' content='ocr_page ocr_carea ocr_par ocr_line ocrx_word'/>
</head>
<body>
  <div class='ocr_page' id='page_1' title='image "./philippimelanth08bindgoog_0409.png"; bbox 0 0 5825 6950; ppageno 0'>
   <div class='ocr_carea' id='block_1_1' title="bbox 615 614 2564 751">
    <p class='ocr_par' dir='ltr' id='par_1_1' title="bbox 615 614 2564 751">
     <span class='ocr_line' id='line_1_1' title="bbox 615 614 2564 751; baseline -0.003 -2"><span class='ocrx_word' id='word_1_1' title='bbox 615 674 693 751; x_wconf 77' lang='lat' dir='ltr'><strong>aas</strong></span> <span class='ocrx_word' id='word_1_2' title='bbox 1208 659 1338 735; x_wconf 80' lang='lat' dir='ltr'><strong>anta.</strong></span> <span class='ocrx_word' id='word_1_3' title='bbox 1363 658 1483 735; x_wconf 79' lang='lat' dir='ltr'><strong>nan</strong></span> <span class='ocrx_word' id='word_1_4' title='bbox 1508 614 1720 736; x_wconf 77' lang='lat' dir='ltr'><strong>sasima</strong></span> <span class='ocrx_word' id='word_1_5' title='bbox 1745 656 2049 737; x_wconf 75' lang='lat' dir='ltr'><strong>nxnoursclt.</strong></span> <span class='ocrx_word' id='word_1_6' title='bbox 2514 672 2564 747; x_wconf 82' lang='grc' dir='ltr'><strong>ιιι</strong></span> 
     </span>
    </p>
   </div>
   <div class='ocr_carea' id='block_1_2' title="bbox 616 828 2569 931">
    <p class='ocr_par' dir='ltr' id='par_1_2' title="bbox 616 828 2569 931">
     <span class='ocr_line' id='line_1_2' title="bbox 616 828 2569 931; baseline -0.004 -12"><span class='ocrx_word' id='word_1_7' title='bbox 616 846 727 919; x_wconf 89' lang='lat' dir='ltr'><strong>stnlat</strong></span> <span class='ocrx_word' id='word_1_8' title='bbox 750 840 865 922; x_wconf 87' lang='lat' dir='ltr'><strong>enim,</strong></span> <span class='ocrx_word' id='word_1_9' title='bbox 888 847 930 907; x_wconf 91' lang='lat' dir='ltr'><strong>ut</strong></span> <span class='ocrx_word' id='word_1_10' title='bbox 949 859 1054 907; x_wconf 88' lang='lat' dir='ltr'><strong>suurn</strong></span> <span class='ocrx_word' id='word_1_11' title='bbox 1075 835 1188 905; x_wconf 93' lang='lat' dir='ltr'><strong>robur</strong></span> <span class='ocrx_word' id='word_1_12' title='bbox 1203 834 1315 926; x_wconf 86' lang='lat' dir='ltr'><strong>magis</strong></span> <span class='ocrx_word' id='word_1_13' title='bbox 1336 835 1375 905; x_wconf 93' lang='lat' dir='ltr'><strong>in</strong></span> <span class='ocrx_word' id='word_1_14' title='bbox 1397 828 1606 915; x_wconf 88' lang='lat' dir='ltr'><strong>tolerandis,</strong></span> <span class='ocrx_word' id='word_1_15' title='bbox 1657 834 1752 905; x_wconf 85' lang='lat' dir='ltr'><strong>mala</strong></span> <span class='ocrx_word' id='word_1_16' title='bbox 1766 834 1948 921; x_wconf 91' lang='lat' dir='ltr'><strong>doctrina,</strong></span> <span class='ocrx_word' id='word_1_17' title='bbox 1969 836 2025 905; x_wconf 90' lang='lat' dir='ltr'><strong>vel</strong></span> <span class='ocrx_word' id='word_1_18' title='bbox 2042 834 2176 907; x_wconf 88' lang='lat' dir='ltr'><strong>malum</strong></span> <span class='ocrx_word' id='word_1_19' title='bbox 2194 836 2399 929; x_wconf 81' lang='lat' dir='ltr'><strong>exemplam,</strong></span> <span class='ocrx_word' id='word_1_20' title='bbox 2414 840 2489 931; x_wconf 89' lang='lat' dir='ltr'><strong>quod</strong></span> <span class='ocrx_word' id='word_1_21' title='bbox 2501 856 2569 913; x_wconf 86' lang='lat' dir='ltr'><strong>nocet</strong></span> 
     </span>
    </p>
   </div>
   <div class='ocr_carea' id='block_1_3' title="bbox 618 933 2584 2558">
    <p class='ocr_par' dir='ltr' id='par_1_3' title="bbox 618 933 2584 2558">
     <span class='ocr_line' id='line_1_3' title="bbox 618 933 2571 1043; baseline -0.001 -28"><span class='ocrx_word' id='word_1_22' title='bbox 618 970 726 1043; x_wconf 89' lang='lat' dir='ltr'><strong>qnam</strong></span> <span class='ocrx_word' id='word_1_23' title='bbox 751 939 1002 1034; x_wconf 88' lang='lat' dir='ltr'><strong>perturbandis</strong></span> <span class='ocrx_word' id='word_1_24' title='bbox 1023 937 1175 1008; x_wconf 77' lang='lat' dir='ltr'><strong>informis</strong></span> <span class='ocrx_word' id='word_1_25' title='bbox 1196 938 1386 1009; x_wconf 82' lang='lat' dir='ltr'><strong>declarent·</strong></span> <span class='ocrx_word' id='word_1_26' title='bbox 1435 933 1538 1006; x_wconf 85' lang='lat' dir='ltr'><strong>Sicut</strong></span> <span class='ocrx_word' id='word_1_27' title='bbox 1561 933 1608 1002; x_wconf 89' lang='lat' dir='ltr'><strong>ad</strong></span> <span class='ocrx_word' id='word_1_28' title='bbox 1659 936 1758 1021; x_wconf 89' lang='lat' dir='ltr'><strong>aliis,</strong></span> <span class='ocrx_word' id='word_1_29' title='bbox 1784 937 1857 1006; x_wconf 91' lang='lat' dir='ltr'><strong>sive</strong></span> <span class='ocrx_word' id='word_1_30' title='bbox 1874 938 1956 1031; x_wconf 91' lang='lat' dir='ltr'><strong>quia</strong></span> <span class='ocrx_word' id='word_1_31' title='bbox 1976 938 2037 1007; x_wconf 89' lang='lat' dir='ltr'><strong>alii</strong></span> <span class='ocrx_word' id='word_1_32' title='bbox 2059 938 2264 1025; x_wconf 77' lang='lat' dir='ltr'><strong>imitantur,</strong></span> <span class='ocrx_word' id='word_1_33' title='bbox 2296 940 2363 1009; x_wconf 89' lang='lat' dir='ltr'><strong>sive</strong></span> <span class='ocrx_word' id='word_1_34' title='bbox 2379 941 2450 1033; x_wconf 91' lang='lat' dir='ltr'><strong>quis</strong></span> <span class='ocrx_word' id='word_1_35' title='bbox 2467 940 2571 1013; x_wconf 86' lang='lat' dir='ltr'><strong>laeditur</strong></span> 
     </span>
     <span class='ocr_line' id='line_1_4' title="bbox 618 1031 2571 1133; baseline -0.005 -12"><span class='ocrx_word' id='word_1_36' title='bbox 618 1042 825 1121; x_wconf 71' lang='lat' dir='ltr'><strong>Corinthios</strong></span> <span class='ocrx_word' id='word_1_37' title='bbox 839 1040 995 1133; x_wconf 88' lang='lat' dir='ltr'><strong>scripsit:</strong></span> <span class='ocrx_word' id='word_1_38' title='bbox 1021 1042 1219 1111; x_wconf 86' lang='lat' dir='ltr'><strong>admonens</strong></span> <span class='ocrx_word' id='word_1_39' title='bbox 1232 1041 1373 1122; x_wconf 90' lang='lat' dir='ltr'><strong>doctos,</strong></span> <span class='ocrx_word' id='word_1_40' title='bbox 1393 1049 1433 1108; x_wconf 91' lang='lat' dir='ltr'><strong>ut</strong></span> <span class='ocrx_word' id='word_1_41' title='bbox 1451 1031 1609 1107; x_wconf 89' lang='lat' dir='ltr'><strong>habeant</strong></span> <span class='ocrx_word' id='word_1_42' title='bbox 1658 1038 1771 1130; x_wconf 83' lang='lat' dir='ltr'><strong>gloria</strong></span> <span class='ocrx_word' id='word_1_43' title='bbox 1790 1038 1858 1110; x_wconf 81' lang='lat' dir='ltr'><strong>nei</strong></span> <span class='ocrx_word' id='word_1_44' title='bbox 1873 1054 1935 1110; x_wconf 92' lang='lat' dir='ltr'><strong>aut</strong></span> <span class='ocrx_word' id='word_1_45' title='bbox 1951 1036 2141 1112; x_wconf 75' lang='lat' dir='ltr'><strong>Ecclesiae.</strong></span> <span class='ocrx_word' id='word_1_46' title='bbox 2195 1038 2335 1113; x_wconf 84' lang='lat' dir='ltr'><strong>Etenim</strong></span> <span class='ocrx_word' id='word_1_47' title='bbox 2353 1064 2416 1111; x_wconf 92' lang='lat' dir='ltr'><strong>non</strong></span> <span class='ocrx_word' id='word_1_48' title='bbox 2432 1038 2571 1113; x_wconf 77' lang='lat' dir='ltr'><strong>nlonbo</strong></span> 
     </span>
     <span class='ocr_line' id='line_1_5' title="bbox 619 1137 2573 1231; baseline -0.004 -10"><span class='ocrx_word' id='word_1_49' title='bbox 619 1150 796 1221; x_wconf 85' lang='lat' dir='ltr'><strong>rationem</strong></span> <span class='ocrx_word' id='word_1_50' title='bbox 816 1145 1065 1225; x_wconf 86' lang='lat' dir='ltr'><strong>indoctorum,</strong></span> <span class='ocrx_word' id='word_1_51' title='bbox 1095 1164 1177 1211; x_wconf 87' lang='lat' dir='ltr'><strong>curn</strong></span> <span class='ocrx_word' id='word_1_52' title='bbox 1199 1141 1264 1212; x_wconf 89' lang='lat' dir='ltr'><strong>sit:</strong></span> <span class='ocrx_word' id='word_1_53' title='bbox 1304 1140 1460 1213; x_wconf 87' lang='lat' dir='ltr'><strong>Scientia</strong></span> <span class='ocrx_word' id='word_1_54' title='bbox 1488 1137 1609 1222; x_wconf 87' lang='lat' dir='ltr'><strong>inflat,</strong></span> <span class='ocrx_word' id='word_1_55' title='bbox 1660 1156 1729 1212; x_wconf 88' lang='lat' dir='ltr'><strong>stes</strong></span> <span class='ocrx_word' id='word_1_56' title='bbox 1746 1138 1947 1231; x_wconf 77' lang='lat' dir='ltr'><strong>Evangelii,</strong></span> <span class='ocrx_word' id='word_1_57' title='bbox 1963 1144 2021 1211; x_wconf 92' lang='lat' dir='ltr'><strong>sed</strong></span> <span class='ocrx_word' id='word_1_58' title='bbox 2039 1143 2145 1213; x_wconf 89' lang='lat' dir='ltr'><strong>etiam</strong></span> <span class='ocrx_word' id='word_1_59' title='bbox 2165 1142 2300 1211; x_wconf 87' lang='lat' dir='ltr'><strong>infirmi</strong></span> <span class='ocrx_word' id='word_1_60' title='bbox 2315 1144 2427 1214; x_wconf 79' lang='lat' dir='ltr'><strong>fratrea</strong></span> <span class='ocrx_word' id='word_1_61' title='bbox 2440 1160 2573 1215; x_wconf 83' lang='lat' dir='ltr'><strong>morentur</strong></span> 
     </span>
     <span class='ocr_line' id='line_1_6' title="bbox 618 1243 2576 1333; baseline -0.004 -10"><span class='ocrx_word' id='word_1_62' title='bbox 618 1252 764 1325; x_wconf 87' lang='lat' dir='ltr'><strong>dilectio</strong></span> <span class='ocrx_word' id='word_1_63' title='bbox 790 1244 960 1323; x_wconf 81' lang='lat' dir='ltr'><strong>aedificat.</strong></span> <span class='ocrx_word' id='word_1_64' title='bbox 1660 1243 1763 1313; x_wconf 87' lang='lat' dir='ltr'><strong>malis</strong></span> <span class='ocrx_word' id='word_1_65' title='bbox 1793 1244 1962 1333; x_wconf 84' lang='lat' dir='ltr'><strong>exemplis</strong></span> <span class='ocrx_word' id='word_1_66' title='bbox 1993 1246 2037 1315; x_wconf 93' lang='lat' dir='ltr'><strong>ad</strong></span> <span class='ocrx_word' id='word_1_67' title='bbox 2077 1244 2360 1315; x_wconf 87' lang='lat' dir='ltr'><strong>maledicendum</strong></span> <span class='ocrx_word' id='word_1_68' title='bbox 2388 1243 2529 1315; x_wconf 86' lang='lat' dir='ltr'><strong>Ecclesiae</strong></span> <span class='ocrx_word' id='word_1_69' title='bbox 2556 1261 2576 1315; x_wconf 87' lang='lat' dir='ltr'><strong>et</strong></span> 
     </span>
     <span class='ocr_line' id='line_1_7' title="bbox 723 1341 2213 1442; baseline -0.001 -22"><span class='ocrx_word' id='word_1_70' title='bbox 723 1349 883 1442; x_wconf 81' lang='lat' dir='ltr'><strong>Apparet</strong></span> <span class='ocrx_word' id='word_1_71' title='bbox 905 1345 1000 1416; x_wconf 86' lang='lat' dir='ltr'><strong>enirn</strong></span> <span class='ocrx_word' id='word_1_72' title='bbox 1017 1357 1103 1416; x_wconf 92' lang='lat' dir='ltr'><strong>tunc</strong></span> <span class='ocrx_word' id='word_1_73' title='bbox 1119 1368 1261 1438; x_wconf 89' lang='lat' dir='ltr'><strong>quoqne</strong></span> <span class='ocrx_word' id='word_1_74' title='bbox 1284 1342 1463 1414; x_wconf 86' lang='lat' dir='ltr'><strong>doctiores</strong></span> <span class='ocrx_word' id='word_1_75' title='bbox 1487 1341 1608 1412; x_wconf 89' lang='lat' dir='ltr'><strong>statim</strong></span> <span class='ocrx_word' id='word_1_76' title='bbox 1661 1344 1874 1435; x_wconf 89' lang='lat' dir='ltr'><strong>Evangelio,</strong></span> <span class='ocrx_word' id='word_1_77' title='bbox 1909 1360 1943 1417; x_wconf 90' lang='lat' dir='ltr'><strong>et</strong></span> <span class='ocrx_word' id='word_1_78' title='bbox 1964 1346 2032 1437; x_wconf 93' lang='lat' dir='ltr'><strong>ipsi</strong></span> <span class='ocrx_word' id='word_1_79' title='bbox 2056 1342 2213 1419; x_wconf 89' lang='lat' dir='ltr'><strong>Christo.</strong></span> 
     </span>
     <span class='ocr_line' id='line_1_8' title="bbox 622 1442 2577 1541; baseline -0.005 -16"><span class='ocrx_word' id='word_1_80' title='bbox 622 1457 662 1525; x_wconf 94' lang='lat' dir='ltr'><strong>in</strong></span> <span class='ocrx_word' id='word_1_81' title='bbox 684 1476 752 1523; x_wconf 87' lang='lat' dir='ltr'><strong>uso</strong></span> <span class='ocrx_word' id='word_1_82' title='bbox 777 1450 970 1531; x_wconf 87' lang='lat' dir='ltr'><strong>libertatis,</strong></span> <span class='ocrx_word' id='word_1_83' title='bbox 994 1448 1193 1518; x_wconf 85' lang='lat' dir='ltr'><strong>doctrinam</strong></span> <span class='ocrx_word' id='word_1_84' title='bbox 1209 1470 1308 1516; x_wconf 91' lang='lat' dir='ltr'><strong>snam</strong></span> <span class='ocrx_word' id='word_1_85' title='bbox 1324 1460 1535 1530; x_wconf 77' lang='lat' dir='ltr'><strong>nocentem,</strong></span> <span class='ocrx_word' id='word_1_86' title='bbox 1559 1443 1608 1513; x_wconf 88' lang='lat' dir='ltr'><strong>si·</strong></span> <span class='ocrx_word' id='word_1_87' title='bbox 1751 1446 1809 1517; x_wconf 86' lang='lat' dir='ltr'><strong>Ad</strong></span> <span class='ocrx_word' id='word_1_88' title='bbox 1828 1442 1897 1516; x_wconf 87' lang='lat' dir='ltr'><strong>buc</strong></span> <span class='ocrx_word' id='word_1_89' title='bbox 1912 1448 2067 1518; x_wconf 76' lang='lat' dir='ltr'><strong>scandali</strong></span> <span class='ocrx_word' id='word_1_90' title='bbox 2086 1471 2197 1539; x_wconf 90' lang='lat' dir='ltr'><strong>genus</strong></span> <span class='ocrx_word' id='word_1_91' title='bbox 2212 1447 2361 1541; x_wconf 90' lang='lat' dir='ltr'><strong>pertinet</strong></span> <span class='ocrx_word' id='word_1_92' title='bbox 2379 1459 2410 1517; x_wconf 92' lang='lat' dir='ltr'><strong>et</strong></span> <span class='ocrx_word' id='word_1_93' title='bbox 2423 1447 2577 1539; x_wconf 88' lang='lat' dir='ltr'><strong>opnsindil-</strong></span> 
     </span>
     <span class='ocr_line' id='line_1_9' title="bbox 623 1544 2578 1642; baseline -0.007 -13"><span class='ocrx_word' id='word_1_94' title='bbox 623 1570 684 1629; x_wconf 90' lang='lat' dir='ltr'><strong>cut</strong></span> <span class='ocrx_word' id='word_1_95' title='bbox 699 1555 739 1625; x_wconf 84' lang='lat' dir='ltr'><strong>fit</strong></span> <span class='ocrx_word' id='word_1_96' title='bbox 754 1551 884 1623; x_wconf 91' lang='lat' dir='ltr'><strong>nostris</strong></span> <span class='ocrx_word' id='word_1_97' title='bbox 898 1550 1130 1641; x_wconf 85' lang='lat' dir='ltr'><strong>temporibus.</strong></span> <span class='ocrx_word' id='word_1_98' title='bbox 1181 1545 1232 1620; x_wconf 84' lang='lat' dir='ltr'><strong>At</strong></span> <span class='ocrx_word' id='word_1_99' title='bbox 1247 1546 1379 1620; x_wconf 86' lang='lat' dir='ltr'><strong>Paulus</strong></span> <span class='ocrx_word' id='word_1_100' title='bbox 1395 1560 1517 1618; x_wconf 90' lang='lat' dir='ltr'><strong>contra</strong></span> <span class='ocrx_word' id='word_1_101' title='bbox 1533 1544 1625 1620; x_wconf 74' lang='lat' dir='ltr'><strong>nect.</strong></span> <span class='ocrx_word' id='word_1_102' title='bbox 1661 1551 1779 1621; x_wconf 88' lang='lat' dir='ltr'><strong>lerens</strong></span> <span class='ocrx_word' id='word_1_103' title='bbox 1794 1551 2040 1642; x_wconf 90' lang='lat' dir='ltr'><strong>intempestive</strong></span> <span class='ocrx_word' id='word_1_104' title='bbox 2055 1552 2185 1621; x_wconf 87' lang='lat' dir='ltr'><strong>factum</strong></span> <span class='ocrx_word' id='word_1_105' title='bbox 2194 1600 2206 1635; x_wconf 92' lang='lat'><strong>,</strong></span> <span class='ocrx_word' id='word_1_106' title='bbox 2234 1550 2298 1619; x_wconf 90' lang='lat' dir='ltr'><strong>ubi</strong></span> <span class='ocrx_word' id='word_1_107' title='bbox 2314 1562 2409 1619; x_wconf 90' lang='lat' dir='ltr'><strong>nocet</strong></span> <span class='ocrx_word' id='word_1_108' title='bbox 2425 1550 2491 1618; x_wconf 89' lang='lat' dir='ltr'><strong>aliis</strong></span> <span class='ocrx_word' id='word_1_109' title='bbox 2503 1572 2578 1618; x_wconf 84' lang='lat' dir='ltr'><strong>eren·</strong></span> 
     </span>
     <span class='ocr_line' id='line_1_10' title="bbox 623 1650 2578 1751; baseline -0.005 -24"><span class='ocrx_word' id='word_1_110' title='bbox 623 1657 797 1751; x_wconf 89' lang='lat' dir='ltr'><strong>postulat,</strong></span> <span class='ocrx_word' id='word_1_111' title='bbox 822 1664 863 1723; x_wconf 90' lang='lat' dir='ltr'><strong>nt</strong></span> <span class='ocrx_word' id='word_1_112' title='bbox 882 1652 979 1721; x_wconf 89' lang='lat' dir='ltr'><strong>docti</strong></span> <span class='ocrx_word' id='word_1_113' title='bbox 1000 1675 1136 1721; x_wconf 88' lang='lat' dir='ltr'><strong>morem</strong></span> <span class='ocrx_word' id='word_1_114' title='bbox 1158 1664 1283 1740; x_wconf 89' lang='lat' dir='ltr'><strong>gerant</strong></span> <span class='ocrx_word' id='word_1_115' title='bbox 1298 1650 1473 1729; x_wconf 75' lang='lat' dir='ltr'><strong>indoctis,</strong></span> <span class='ocrx_word' id='word_1_116' title='bbox 1498 1660 1532 1718; x_wconf 88' lang='lat' dir='ltr'><strong>et</strong></span> <span class='ocrx_word' id='word_1_117' title='bbox 1546 1669 1609 1717; x_wconf 89' lang='lat' dir='ltr'><strong>sns</strong></span> <span class='ocrx_word' id='word_1_118' title='bbox 1663 1652 1781 1743; x_wconf 85' lang='lat' dir='ltr'><strong>plum,</strong></span> <span class='ocrx_word' id='word_1_119' title='bbox 1807 1652 1897 1720; x_wconf 90' lang='lat' dir='ltr'><strong>sicut</strong></span> <span class='ocrx_word' id='word_1_120' title='bbox 1915 1676 2000 1723; x_wconf 92' lang='lat' dir='ltr'><strong>usus</strong></span> <span class='ocrx_word' id='word_1_121' title='bbox 2018 1652 2193 1723; x_wconf 79' lang='lat' dir='ltr'><strong>libertatis</strong></span> <span class='ocrx_word' id='word_1_122' title='bbox 2209 1652 2246 1720; x_wconf 89' lang='lat' dir='ltr'><strong>in</strong></span> <span class='ocrx_word' id='word_1_123' title='bbox 2265 1652 2387 1741; x_wconf 82' lang='lat' dir='ltr'><strong>vulgo,</strong></span> <span class='ocrx_word' id='word_1_124' title='bbox 2410 1652 2492 1743; x_wconf 91' lang='lat' dir='ltr'><strong>quod</strong></span> <span class='ocrx_word' id='word_1_125' title='bbox 2511 1651 2578 1719; x_wconf 81' lang='lat' dir='ltr'><strong>libet·</strong></span> 
     </span>
     <span class='ocr_line' id='line_1_11' title="bbox 623 1749 2578 1845; baseline -0.004 -18"><span class='ocrx_word' id='word_1_126' title='bbox 623 1756 874 1831; x_wconf 85' lang='lat' dir='ltr'><strong>commoditate</strong></span> <span class='ocrx_word' id='word_1_127' title='bbox 894 1754 1049 1825; x_wconf 90' lang='lat' dir='ltr'><strong>invitent</strong></span> <span class='ocrx_word' id='word_1_128' title='bbox 1071 1756 1116 1824; x_wconf 87' lang='lat' dir='ltr'><strong>ad</strong></span> <span class='ocrx_word' id='word_1_129' title='bbox 1145 1749 1380 1843; x_wconf 85' lang='lat' dir='ltr'><strong>Evangelium</strong></span> <span class='ocrx_word' id='word_1_130' title='bbox 1401 1750 1609 1831; x_wconf 89' lang='lat' dir='ltr'><strong>imbecilles,</strong></span> <span class='ocrx_word' id='word_1_131' title='bbox 1665 1768 1738 1825; x_wconf 86' lang='lat' dir='ltr'><strong>tate</strong></span> <span class='ocrx_word' id='word_1_132' title='bbox 1760 1754 1945 1834; x_wconf 85' lang='lat' dir='ltr'><strong>efferatur,</strong></span> <span class='ocrx_word' id='word_1_133' title='bbox 1971 1769 2032 1824; x_wconf 88' lang='lat' dir='ltr'><strong>aut</strong></span> <span class='ocrx_word' id='word_1_134' title='bbox 2054 1758 2147 1845; x_wconf 88' lang='lat' dir='ltr'><strong>apud</strong></span> <span class='ocrx_word' id='word_1_135' title='bbox 2170 1754 2347 1837; x_wconf 79' lang='lat' dir='ltr'><strong>infirmos,</strong></span> <span class='ocrx_word' id='word_1_136' title='bbox 2378 1754 2433 1844; x_wconf 90' lang='lat' dir='ltr'><strong>qui</strong></span> <span class='ocrx_word' id='word_1_137' title='bbox 2455 1776 2518 1821; x_wconf 87' lang='lat' dir='ltr'><strong>cum</strong></span> <span class='ocrx_word' id='word_1_138' title='bbox 2537 1774 2578 1819; x_wconf 88' lang='lat' dir='ltr'><strong>noa</strong></span> 
     </span>
     <span class='ocr_line' id='line_1_12' title="bbox 623 1850 2581 1948; baseline -0.007 -16"><span class='ocrx_word' id='word_1_139' title='bbox 623 1875 659 1932; x_wconf 85' lang='lat' dir='ltr'><strong>et</strong></span> <span class='ocrx_word' id='word_1_140' title='bbox 673 1859 814 1947; x_wconf 89' lang='lat' dir='ltr'><strong>erigant</strong></span> <span class='ocrx_word' id='word_1_141' title='bbox 831 1870 937 1948; x_wconf 89' lang='lat' dir='ltr'><strong>atque</strong></span> <span class='ocrx_word' id='word_1_142' title='bbox 954 1855 1177 1929; x_wconf 83' lang='lat' dir='ltr'><strong>confirment.</strong></span> <span class='ocrx_word' id='word_1_143' title='bbox 1226 1850 1415 1926; x_wconf 85' lang='lat' dir='ltr'><strong>Nemeum</strong></span> <span class='ocrx_word' id='word_1_144' title='bbox 1435 1854 1528 1921; x_wconf 87' lang='lat' dir='ltr'><strong>vires</strong></span> <span class='ocrx_word' id='word_1_145' title='bbox 1544 1875 1610 1920; x_wconf 92' lang='lat' dir='ltr'><strong>no·</strong></span> <span class='ocrx_word' id='word_1_146' title='bbox 1666 1857 1750 1925; x_wconf 86' lang='lat' dir='ltr'><strong>satis</strong></span> <span class='ocrx_word' id='word_1_147' title='bbox 1773 1854 1972 1945; x_wconf 73' lang='lat' dir='ltr'><strong>intelligant</strong></span> <span class='ocrx_word' id='word_1_148' title='bbox 1990 1880 2111 1926; x_wconf 82' lang='lat' dir='ltr'><strong>carssas</strong></span> <span class='ocrx_word' id='word_1_149' title='bbox 2127 1856 2322 1940; x_wconf 84' lang='lat' dir='ltr'><strong>libertatis,</strong></span> <span class='ocrx_word' id='word_1_150' title='bbox 2347 1854 2581 1923; x_wconf 87' lang='lat' dir='ltr'><strong>absterrentural</strong></span> 
     </span>
     <span class='ocr_line' id='line_1_13' title="bbox 624 1950 2581 2047; baseline -0.006 -14"><span class='ocrx_word' id='word_1_151' title='bbox 624 1976 713 2033; x_wconf 91' lang='lat' dir='ltr'><strong>stras</strong></span> <span class='ocrx_word' id='word_1_152' title='bbox 737 1980 812 2027; x_wconf 92' lang='lat' dir='ltr'><strong>non</strong></span> <span class='ocrx_word' id='word_1_153' title='bbox 837 1960 882 2027; x_wconf 88' lang='lat' dir='ltr'><strong>ad</strong></span> <span class='ocrx_word' id='word_1_154' title='bbox 908 1958 1129 2043; x_wconf 84' lang='lat' dir='ltr'><strong>nocendum,</strong></span> <span class='ocrx_word' id='word_1_155' title='bbox 1167 1958 1230 2026; x_wconf 87' lang='lat' dir='ltr'><strong>sed</strong></span> <span class='ocrx_word' id='word_1_156' title='bbox 1254 1960 1298 2026; x_wconf 91' lang='lat' dir='ltr'><strong>ad</strong></span> <span class='ocrx_word' id='word_1_157' title='bbox 1323 1956 1501 2025; x_wconf 88' lang='lat' dir='ltr'><strong>iuvandos</strong></span> <span class='ocrx_word' id='word_1_158' title='bbox 1523 1954 1612 2023; x_wconf 88' lang='lat' dir='ltr'><strong>alios</strong></span> <span class='ocrx_word' id='word_1_159' title='bbox 1665 1954 1882 2047; x_wconf 88' lang='lat' dir='ltr'><strong>Evangelio,</strong></span> <span class='ocrx_word' id='word_1_160' title='bbox 1915 1982 1956 2028; x_wconf 89' lang='lat' dir='ltr'><strong>ae</strong></span> <span class='ocrx_word' id='word_1_161' title='bbox 1978 1958 2137 2029; x_wconf 90' lang='lat' dir='ltr'><strong>iudicant</strong></span> <span class='ocrx_word' id='word_1_162' title='bbox 2159 1957 2341 2028; x_wconf 87' lang='lat' dir='ltr'><strong>doctrinae</strong></span> <span class='ocrx_word' id='word_1_163' title='bbox 2362 1978 2463 2045; x_wconf 84' lang='lat' dir='ltr'><strong>genus</strong></span> <span class='ocrx_word' id='word_1_164' title='bbox 2481 1950 2581 2045; x_wconf 79' lang='lat' dir='ltr'><strong>propha-</strong></span> 
     </span>
     <span class='ocr_line' id='line_1_14' title="bbox 625 2050 2583 2153; baseline -0.007 -18"><span class='ocrx_word' id='word_1_165' title='bbox 625 2062 787 2135; x_wconf 84' lang='lat' dir='ltr'><strong>conlerre</strong></span> <span class='ocrx_word' id='word_1_166' title='bbox 804 2060 1013 2143; x_wconf 88' lang='lat' dir='ltr'><strong>debeamus,</strong></span> <span class='ocrx_word' id='word_1_167' title='bbox 1038 2083 1111 2153; x_wconf 89' lang='lat' dir='ltr'><strong>quo</strong></span> <span class='ocrx_word' id='word_1_168' title='bbox 1125 2061 1276 2153; x_wconf 90' lang='lat' dir='ltr'><strong>quisque</strong></span> <span class='ocrx_word' id='word_1_169' title='bbox 1289 2060 1389 2130; x_wconf 88' lang='lat' dir='ltr'><strong>dotes</strong></span> <span class='ocrx_word' id='word_1_170' title='bbox 1406 2050 1513 2127; x_wconf 88' lang='lat' dir='ltr'><strong>babet</strong></span> <span class='ocrx_word' id='word_1_171' title='bbox 1535 2078 1612 2123; x_wconf 90' lang='lat' dir='ltr'><strong>ms·</strong></span> <span class='ocrx_word' id='word_1_172' title='bbox 1666 2084 1752 2131; x_wconf 88' lang='lat' dir='ltr'><strong>num</strong></span> <span class='ocrx_word' id='word_1_173' title='bbox 1777 2082 1875 2144; x_wconf 88' lang='lat' dir='ltr'><strong>esse,</strong></span> <span class='ocrx_word' id='word_1_174' title='bbox 1920 2075 1980 2130; x_wconf 90' lang='lat' dir='ltr'><strong>ant</strong></span> <span class='ocrx_word' id='word_1_175' title='bbox 2006 2062 2193 2131; x_wconf 86' lang='lat' dir='ltr'><strong>dubitante</strong></span> <span class='ocrx_word' id='word_1_176' title='bbox 2224 2057 2431 2130; x_wconf 88' lang='lat' dir='ltr'><strong>conscientia</strong></span> <span class='ocrx_word' id='word_1_177' title='bbox 2457 2057 2583 2125; x_wconf 82' lang='lat' dir='ltr'><strong>imitantur</strong></span> 
     </span>
     <span class='ocr_line' id='line_1_15' title="bbox 625 2156 2040 2261; baseline -0.004 -25"><span class='ocrx_word' id='word_1_178' title='bbox 625 2168 739 2244; x_wconf 88' lang='lat' dir='ltr'><strong>iores,</strong></span> <span class='ocrx_word' id='word_1_179' title='bbox 769 2184 811 2232; x_wconf 89' lang='lat' dir='ltr'><strong>eo</strong></span> <span class='ocrx_word' id='word_1_180' title='bbox 834 2161 946 2252; x_wconf 86' lang='lat' dir='ltr'><strong>magis</strong></span> <span class='ocrx_word' id='word_1_181' title='bbox 967 2183 1114 2261; x_wconf 85' lang='lat' dir='ltr'><strong>operam</strong></span> <span class='ocrx_word' id='word_1_182' title='bbox 1136 2163 1222 2231; x_wconf 90' lang='lat' dir='ltr'><strong>dare</strong></span> <span class='ocrx_word' id='word_1_183' title='bbox 1241 2160 1407 2245; x_wconf 88' lang='lat' dir='ltr'><strong>debebit,</strong></span> <span class='ocrx_word' id='word_1_184' title='bbox 1440 2170 1481 2229; x_wconf 87' lang='lat' dir='ltr'><strong>ut</strong></span> <span class='ocrx_word' id='word_1_185' title='bbox 1502 2156 1614 2249; x_wconf 87' lang='lat' dir='ltr'><strong>prosit</strong></span> <span class='ocrx_word' id='word_1_186' title='bbox 1666 2158 1824 2253; x_wconf 77' lang='lat' dir='ltr'><strong>exempla</strong></span> <span class='ocrx_word' id='word_1_187' title='bbox 1855 2162 2040 2231; x_wconf 87' lang='lat' dir='ltr'><strong>libertatis.</strong></span> 
     </span>
     <span class='ocr_line' id='line_1_16' title="bbox 625 2254 2583 2355; baseline -0.007 -19"><span class='ocrx_word' id='word_1_188' title='bbox 625 2267 718 2339; x_wconf 85' lang='lat' dir='ltr'><strong>aliis.</strong></span> <span class='ocrx_word' id='word_1_189' title='bbox 1770 2261 1823 2334; x_wconf 90' lang='lat' dir='ltr'><strong>De</strong></span> <span class='ocrx_word' id='word_1_190' title='bbox 1847 2260 1914 2333; x_wconf 92' lang='lat' dir='ltr'><strong>hoc</strong></span> <span class='ocrx_word' id='word_1_191' title='bbox 1937 2286 2064 2355; x_wconf 80' lang='lat' dir='ltr'><strong>genere</strong></span> <span class='ocrx_word' id='word_1_192' title='bbox 2094 2262 2238 2355; x_wconf 90' lang='lat' dir='ltr'><strong>proprie</strong></span> <span class='ocrx_word' id='word_1_193' title='bbox 2261 2262 2362 2330; x_wconf 90' lang='lat' dir='ltr'><strong>docet</strong></span> <span class='ocrx_word' id='word_1_194' title='bbox 2385 2282 2446 2329; x_wconf 89' lang='lat' dir='ltr'><strong>nos</strong></span> <span class='ocrx_word' id='word_1_195' title='bbox 2468 2254 2521 2328; x_wconf 92' lang='lat' dir='ltr'><strong>hoc</strong></span> <span class='ocrx_word' id='word_1_196' title='bbox 2539 2256 2583 2323; x_wconf 86' lang='lat' dir='ltr'><strong>bo</strong></span> 
     </span>
     <span class='ocr_line' id='line_1_17' title="bbox 731 2360 2583 2457; baseline -0.005 -22"><span class='ocrx_word' id='word_1_197' title='bbox 731 2362 844 2435; x_wconf 82' lang='lat' dir='ltr'><strong>Addit</strong></span> <span class='ocrx_word' id='word_1_198' title='bbox 865 2376 984 2435; x_wconf 84' lang='lat' dir='ltr'><strong>antem</strong></span> <span class='ocrx_word' id='word_1_199' title='bbox 1004 2366 1233 2457; x_wconf 88' lang='lat' dir='ltr'><strong>particulam:</strong></span> <span class='ocrx_word' id='word_1_200' title='bbox 1273 2360 1528 2457; x_wconf 85' lang='lat' dir='ltr'><strong>Unusquisque</strong></span> <span class='ocrx_word' id='word_1_201' title='bbox 1547 2384 1614 2431; x_wconf 90' lang='lat' dir='ltr'><strong>no·</strong></span> <span class='ocrx_word' id='word_1_202' title='bbox 1668 2363 1817 2435; x_wconf 85' lang='lat' dir='ltr'><strong>Paulus:</strong></span> <span class='ocrx_word' id='word_1_203' title='bbox 1852 2364 1957 2437; x_wconf 90' lang='lat' dir='ltr'><strong>lubet</strong></span> <span class='ocrx_word' id='word_1_204' title='bbox 1972 2366 2143 2438; x_wconf 88' lang='lat' dir='ltr'><strong>iratribus</strong></span> <span class='ocrx_word' id='word_1_205' title='bbox 2159 2364 2368 2452; x_wconf 89' lang='lat' dir='ltr'><strong>morigerari</strong></span> <span class='ocrx_word' id='word_1_206' title='bbox 2393 2364 2434 2430; x_wconf 93' lang='lat' dir='ltr'><strong>ad</strong></span> <span class='ocrx_word' id='word_1_207' title='bbox 2453 2364 2583 2431; x_wconf 87' lang='lat' dir='ltr'><strong>bonunct</strong></span> 
     </span>
     <span class='ocr_line' id='line_1_18' title="bbox 626 2460 2584 2558; baseline -0.007 -19"><span class='ocrx_word' id='word_1_208' title='bbox 626 2460 739 2539; x_wconf 83' lang='lat' dir='ltr'><strong>strircn</strong></span> <span class='ocrx_word' id='word_1_209' title='bbox 764 2467 927 2558; x_wconf 86' lang='lat' dir='ltr'><strong>proximo</strong></span> <span class='ocrx_word' id='word_1_210' title='bbox 954 2468 1069 2557; x_wconf 89' lang='lat' dir='ltr'><strong>prosit</strong></span> <span class='ocrx_word' id='word_1_211' title='bbox 1092 2470 1137 2537; x_wconf 94' lang='lat' dir='ltr'><strong>ad</strong></span> <span class='ocrx_word' id='word_1_212' title='bbox 1170 2472 1305 2537; x_wconf 91' lang='lat' dir='ltr'><strong>bonurn</strong></span> <span class='ocrx_word' id='word_1_213' title='bbox 1329 2467 1429 2537; x_wconf 90' lang='lat' dir='ltr'><strong>etad</strong></span> <span class='ocrx_word' id='word_1_214' title='bbox 1450 2464 1616 2534; x_wconf 82' lang='lat' dir='ltr'><strong>aedilita-</strong></span> <span class='ocrx_word' id='word_1_215' title='bbox 1669 2469 1711 2537; x_wconf 89' lang='lat' dir='ltr'><strong>ad</strong></span> <span class='ocrx_word' id='word_1_216' title='bbox 1728 2468 2027 2553; x_wconf 86' lang='lat' dir='ltr'><strong>aedificationem,</strong></span> <span class='ocrx_word' id='word_1_217' title='bbox 2053 2463 2121 2537; x_wconf 90' lang='lat' dir='ltr'><strong>hoc</strong></span> <span class='ocrx_word' id='word_1_218' title='bbox 2141 2480 2213 2547; x_wconf 90' lang='lat' dir='ltr'><strong>est,</strong></span> <span class='ocrx_word' id='word_1_219' title='bbox 2240 2465 2337 2535; x_wconf 91' lang='lat' dir='ltr'><strong>iubet</strong></span> <span class='ocrx_word' id='word_1_220' title='bbox 2352 2479 2391 2535; x_wconf 91' lang='lat' dir='ltr'><strong>nt</strong></span> <span class='ocrx_word' id='word_1_221' title='bbox 2412 2478 2513 2533; x_wconf 86' lang='lat' dir='ltr'><strong>nostra</strong></span> <span class='ocrx_word' id='word_1_222' title='bbox 2528 2480 2584 2527; x_wconf 81' lang='lat' dir='ltr'><strong>con</strong></span> 
     </span>
    </p>
   </div>
   <div class='ocr_carea' id='block_1_4' title="bbox 470 2560 2584 2663">
    <p class='ocr_par' dir='ltr' id='par_1_4' title="bbox 470 2560 2584 2663">
     <span class='ocr_line' id='line_1_19' title="bbox 470 2560 2584 2663; baseline -0.01 -19"><span class='ocrx_word' id='word_1_223' title='bbox 470 2621 475 2628; x_wconf 85' lang='lat'><strong>·</strong></span> <span class='ocrx_word' id='word_1_224' title='bbox 626 2573 774 2643; x_wconf 87' lang='lat' dir='ltr'><strong>tionem.</strong></span> <span class='ocrx_word' id='word_1_225' title='bbox 822 2568 896 2639; x_wconf 86' lang='lat' dir='ltr'><strong>Hie</strong></span> <span class='ocrx_word' id='word_1_226' title='bbox 916 2571 1083 2639; x_wconf 91' lang='lat' dir='ltr'><strong>admonet</strong></span> <span class='ocrx_word' id='word_1_227' title='bbox 1105 2570 1287 2663; x_wconf 90' lang='lat' dir='ltr'><strong>quomodo</strong></span> <span class='ocrx_word' id='word_1_228' title='bbox 1311 2566 1489 2639; x_wconf 88' lang='lat' dir='ltr'><strong>moderari</strong></span> <span class='ocrx_word' id='word_1_229' title='bbox 1511 2588 1615 2636; x_wconf 90' lang='lat' dir='ltr'><strong>nsurn</strong></span> <span class='ocrx_word' id='word_1_230' title='bbox 1670 2569 1838 2641; x_wconf 86' lang='lat' dir='ltr'><strong>moditate</strong></span> <span class='ocrx_word' id='word_1_231' title='bbox 1862 2571 2051 2642; x_wconf 90' lang='lat' dir='ltr'><strong>invitemus</strong></span> <span class='ocrx_word' id='word_1_232' title='bbox 2069 2570 2158 2640; x_wconf 91' lang='lat' dir='ltr'><strong>alios</strong></span> <span class='ocrx_word' id='word_1_233' title='bbox 2173 2563 2474 2656; x_wconf 87' lang='lat' dir='ltr'><strong>adEvengelium,</strong></span> <span class='ocrx_word' id='word_1_234' title='bbox 2494 2560 2584 2631; x_wconf 83' lang='lat' dir='ltr'><strong>ctiair·</strong></span> 
     </span>
    </p>
   </div>
   <div class='ocr_carea' id='block_1_5' title="bbox 628 2660 2594 5918">
    <p class='ocr_par' dir='ltr' id='par_1_5' title="bbox 628 2660 2594 5918">
     <span class='ocr_line' id='line_1_20' title="bbox 628 2660 2584 2761; baseline -0.007 -19"><span class='ocrx_word' id='word_1_235' title='bbox 628 2668 825 2754; x_wconf 89' lang='lat' dir='ltr'><strong>libertatis,</strong></span> <span class='ocrx_word' id='word_1_236' title='bbox 858 2682 895 2739; x_wconf 88' lang='lat' dir='ltr'><strong>et</strong></span> <span class='ocrx_word' id='word_1_237' title='bbox 934 2694 1025 2761; x_wconf 88' lang='lat' dir='ltr'><strong>quae</strong></span> <span class='ocrx_word' id='word_1_238' title='bbox 1062 2673 1225 2741; x_wconf 88' lang='lat' dir='ltr'><strong>scandala</strong></span> <span class='ocrx_word' id='word_1_239' title='bbox 1264 2670 1378 2739; x_wconf 87' lang='lat' dir='ltr'><strong>vitare</strong></span> <span class='ocrx_word' id='word_1_240' title='bbox 1413 2671 1617 2740; x_wconf 82' lang='lat' dir='ltr'><strong>debeamus.</strong></span> <span class='ocrx_word' id='word_1_241' title='bbox 1669 2693 1746 2740; x_wconf 88' lang='lat' dir='ltr'><strong>snos</strong></span> <span class='ocrx_word' id='word_1_242' title='bbox 1777 2671 1952 2760; x_wconf 86' lang='lat' dir='ltr'><strong>erigamus</strong></span> <span class='ocrx_word' id='word_1_243' title='bbox 1984 2673 2152 2741; x_wconf 89' lang='lat' dir='ltr'><strong>omnibns</strong></span> <span class='ocrx_word' id='word_1_244' title='bbox 2184 2670 2333 2753; x_wconf 84' lang='lat' dir='ltr'><strong>ciliciis,</strong></span> <span class='ocrx_word' id='word_1_245' title='bbox 2380 2682 2420 2739; x_wconf 94' lang='lat' dir='ltr'><strong>ut</strong></span> <span class='ocrx_word' id='word_1_246' title='bbox 2449 2664 2544 2759; x_wconf 86' lang='lat' dir='ltr'><strong>possint</strong></span> <span class='ocrx_word' id='word_1_247' title='bbox 2562 2660 2584 2723; x_wconf 88' lang='lat' dir='ltr'><strong>io</strong></span> 
     </span>
     <span class='ocr_line' id='line_1_21' title="bbox 628 2760 2585 2865; baseline -0.01 -22"><span class='ocrx_word' id='word_1_248' title='bbox 628 2772 769 2862; x_wconf 80' lang='lat' dir='ltr'><strong>Duplex</strong></span> <span class='ocrx_word' id='word_1_249' title='bbox 785 2772 880 2841; x_wconf 90' lang='lat' dir='ltr'><strong>enim</strong></span> <span class='ocrx_word' id='word_1_250' title='bbox 898 2773 1102 2842; x_wconf 88' lang='lat' dir='ltr'><strong>scandalum</strong></span> <span class='ocrx_word' id='word_1_251' title='bbox 1118 2786 1188 2856; x_wconf 86' lang='lat' dir='ltr'><strong>est,</strong></span> <span class='ocrx_word' id='word_1_252' title='bbox 1212 2772 1392 2865; x_wconf 89' lang='lat' dir='ltr'><strong>quoddam</strong></span> <span class='ocrx_word' id='word_1_253' title='bbox 1415 2783 1543 2840; x_wconf 89' lang='lat' dir='ltr'><strong>vocant</strong></span> <span class='ocrx_word' id='word_1_254' title='bbox 1557 2790 1617 2837; x_wconf 85' lang='lat' dir='ltr'><strong>ac·</strong></span> <span class='ocrx_word' id='word_1_255' title='bbox 1670 2767 1808 2844; x_wconf 88' lang='lat' dir='ltr'><strong>Christi</strong></span> <span class='ocrx_word' id='word_1_256' title='bbox 1825 2774 2027 2865; x_wconf 89' lang='lat' dir='ltr'><strong>cognitione</strong></span> <span class='ocrx_word' id='word_1_257' title='bbox 2042 2796 2199 2842; x_wconf 88' lang='lat' dir='ltr'><strong>cresccre</strong></span> <span class='ocrx_word' id='word_1_258' title='bbox 2212 2796 2255 2843; x_wconf 85' lang='lat' dir='ltr'><strong>ae</strong></span> <span class='ocrx_word' id='word_1_259' title='bbox 2275 2771 2451 2861; x_wconf 85' lang='lat' dir='ltr'><strong>prolicere.</strong></span> <span class='ocrx_word' id='word_1_260' title='bbox 2495 2760 2585 2837; x_wconf 76' lang='lat' dir='ltr'><strong>Ulisi·</strong></span> 
     </span>
     <span class='ocr_line' id='line_1_22' title="bbox 629 2863 2581 2965; baseline -0.005 -21"><span class='ocrx_word' id='word_1_261' title='bbox 629 2888 788 2965; x_wconf 88' lang='lat' dir='ltr'><strong>ceptum,</strong></span> <span class='ocrx_word' id='word_1_262' title='bbox 813 2896 880 2943; x_wconf 92' lang='lat' dir='ltr'><strong>nos</strong></span> <span class='ocrx_word' id='word_1_263' title='bbox 900 2867 1143 2944; x_wconf 90' lang='lat' dir='ltr'><strong>Pharisaicum</strong></span> <span class='ocrx_word' id='word_1_264' title='bbox 1159 2874 1386 2962; x_wconf 85' lang='lat' dir='ltr'><strong>vocabimus,</strong></span> <span class='ocrx_word' id='word_1_265' title='bbox 1412 2886 1493 2942; x_wconf 84' lang='lat' dir='ltr'><strong>cnm</strong></span> <span class='ocrx_word' id='word_1_266' title='bbox 1517 2870 1617 2940; x_wconf 83' lang='lat' dir='ltr'><strong>vide·</strong></span> <span class='ocrx_word' id='word_1_267' title='bbox 1669 2878 1801 2944; x_wconf 89' lang='lat' dir='ltr'><strong>dentur</strong></span> <span class='ocrx_word' id='word_1_268' title='bbox 1833 2898 1900 2945; x_wconf 91' lang='lat' dir='ltr'><strong>usn</strong></span> <span class='ocrx_word' id='word_1_269' title='bbox 1933 2876 2107 2947; x_wconf 90' lang='lat' dir='ltr'><strong>libertatis</strong></span> <span class='ocrx_word' id='word_1_270' title='bbox 2138 2872 2330 2944; x_wconf 88' lang='lat' dir='ltr'><strong>absterreri</strong></span> <span class='ocrx_word' id='word_1_271' title='bbox 2367 2873 2411 2942; x_wconf 91' lang='lat' dir='ltr'><strong>ab</strong></span> <span class='ocrx_word' id='word_1_272' title='bbox 2449 2863 2581 2952; x_wconf 75' lang='lat' dir='ltr'><strong>Evangelio</strong></span> 
     </span>
     <span class='ocr_line' id='line_1_23' title="bbox 631 2966 2577 3067; baseline -0.003 -22"><span class='ocrx_word' id='word_1_273' title='bbox 631 2978 713 3045; x_wconf 88' lang='lat' dir='ltr'><strong>licet</strong></span> <span class='ocrx_word' id='word_1_274' title='bbox 738 2998 811 3044; x_wconf 92' lang='lat' dir='ltr'><strong>non</strong></span> <span class='ocrx_word' id='word_1_275' title='bbox 824 2975 969 3058; x_wconf 88' lang='lat' dir='ltr'><strong>fratres,</strong></span> <span class='ocrx_word' id='word_1_276' title='bbox 1000 2977 1061 3044; x_wconf 92' lang='lat' dir='ltr'><strong>sed</strong></span> <span class='ocrx_word' id='word_1_277' title='bbox 1081 2971 1267 3065; x_wconf 83' lang='lat' dir='ltr'><strong>Evangelii</strong></span> <span class='ocrx_word' id='word_1_278' title='bbox 1285 2970 1403 3045; x_wconf 90' lang='lat' dir='ltr'><strong>hostes</strong></span> <span class='ocrx_word' id='word_1_279' title='bbox 1418 2974 1618 3055; x_wconf 89' lang='lat' dir='ltr'><strong>irritantur,</strong></span> <span class='ocrx_word' id='word_1_280' title='bbox 1670 2977 1842 3067; x_wconf 84' lang='lat' dir='ltr'><strong>tantisper</strong></span> <span class='ocrx_word' id='word_1_281' title='bbox 1864 3000 1937 3047; x_wconf 92' lang='lat' dir='ltr'><strong>nnn</strong></span> <span class='ocrx_word' id='word_1_282' title='bbox 1956 2992 2100 3048; x_wconf 89' lang='lat' dir='ltr'><strong>utamur</strong></span> <span class='ocrx_word' id='word_1_283' title='bbox 2119 2975 2302 3057; x_wconf 85' lang='lat' dir='ltr'><strong>libertate,</strong></span> <span class='ocrx_word' id='word_1_284' title='bbox 2328 2974 2440 3045; x_wconf 90' lang='lat' dir='ltr'><strong>donec</strong></span> <span class='ocrx_word' id='word_1_285' title='bbox 2452 2970 2503 3040; x_wconf 90' lang='lat' dir='ltr'><strong>isti</strong></span> <span class='ocrx_word' id='word_1_286' title='bbox 2516 2966 2577 3035; x_wconf 73' lang='grc' dir='ltr'><strong>ιικιιι</strong></span> 
     </span>
     <span class='ocr_line' id='line_1_24' title="bbox 631 3068 2580 3168; baseline -0.008 -19"><span class='ocrx_word' id='word_1_287' title='bbox 631 3100 713 3149; x_wconf 86' lang='lat' dir='ltr'><strong>cum</strong></span> <span class='ocrx_word' id='word_1_288' title='bbox 731 3089 793 3148; x_wconf 90' lang='lat' dir='ltr'><strong>aut</strong></span> <span class='ocrx_word' id='word_1_289' title='bbox 806 3080 956 3145; x_wconf 88' lang='lat' dir='ltr'><strong>docetur</strong></span> <span class='ocrx_word' id='word_1_290' title='bbox 976 3098 1060 3146; x_wconf 89' lang='lat' dir='ltr'><strong>sana</strong></span> <span class='ocrx_word' id='word_1_291' title='bbox 1082 3078 1267 3161; x_wconf 89' lang='lat' dir='ltr'><strong>doctrina,</strong></span> <span class='ocrx_word' id='word_1_292' title='bbox 1292 3099 1334 3146; x_wconf 89' lang='lat' dir='ltr'><strong>ac</strong></span> <span class='ocrx_word' id='word_1_293' title='bbox 1345 3071 1619 3168; x_wconf 89' lang='lat' dir='ltr'><strong>reprehenditur</strong></span> <span class='ocrx_word' id='word_1_294' title='bbox 1669 3079 1876 3151; x_wconf 88' lang='lat' dir='ltr'><strong>doceantur.</strong></span> <span class='ocrx_word' id='word_1_295' title='bbox 1942 3078 1996 3149; x_wconf 85' lang='lat' dir='ltr'><strong>Ac</strong></span> <span class='ocrx_word' id='word_1_296' title='bbox 2022 3091 2106 3149; x_wconf 91' lang='lat' dir='ltr'><strong>snnt</strong></span> <span class='ocrx_word' id='word_1_297' title='bbox 2134 3079 2283 3162; x_wconf 85' lang='lat' dir='ltr'><strong>iratres,</strong></span> <span class='ocrx_word' id='word_1_298' title='bbox 2332 3100 2407 3146; x_wconf 90' lang='lat' dir='ltr'><strong>non</strong></span> <span class='ocrx_word' id='word_1_299' title='bbox 2434 3068 2580 3167; x_wconf 80' lang='lat' dir='ltr'><strong>hypocrita·</strong></span> 
     </span>
     <span class='ocr_line' id='line_1_25' title="bbox 632 3173 2586 3275; baseline -0.004 -26"><span class='ocrx_word' id='word_1_300' title='bbox 632 3177 744 3269; x_wconf 91' lang='lat' dir='ltr'><strong>isnpia</strong></span> <span class='ocrx_word' id='word_1_301' title='bbox 767 3178 926 3269; x_wconf 87' lang='lat' dir='ltr'><strong>ipsorum</strong></span> <span class='ocrx_word' id='word_1_302' title='bbox 948 3179 1131 3262; x_wconf 88' lang='lat' dir='ltr'><strong>doctrina,</strong></span> <span class='ocrx_word' id='word_1_303' title='bbox 1170 3192 1231 3249; x_wconf 89' lang='lat' dir='ltr'><strong>ant</strong></span> <span class='ocrx_word' id='word_1_304' title='bbox 1253 3180 1293 3250; x_wconf 87' lang='lat' dir='ltr'><strong>lit</strong></span> <span class='ocrx_word' id='word_1_305' title='bbox 1313 3177 1460 3272; x_wconf 88' lang='lat' dir='ltr'><strong>aliquod</strong></span> <span class='ocrx_word' id='word_1_306' title='bbox 1482 3179 1617 3247; x_wconf 89' lang='lat' dir='ltr'><strong>bonum</strong></span> <span class='ocrx_word' id='word_1_307' title='bbox 1670 3193 1731 3251; x_wconf 91' lang='lat' dir='ltr'><strong>snt</strong></span> <span class='ocrx_word' id='word_1_308' title='bbox 1751 3178 1940 3272; x_wconf 86' lang='lat' dir='ltr'><strong>Epicurei,</strong></span> <span class='ocrx_word' id='word_1_309' title='bbox 1976 3181 2037 3275; x_wconf 92' lang='lat' dir='ltr'><strong>qni</strong></span> <span class='ocrx_word' id='word_1_310' title='bbox 2062 3202 2183 3251; x_wconf 90' lang='lat' dir='ltr'><strong>sanam</strong></span> <span class='ocrx_word' id='word_1_311' title='bbox 2210 3180 2411 3251; x_wconf 90' lang='lat' dir='ltr'><strong>doctrinam</strong></span> <span class='ocrx_word' id='word_1_312' title='bbox 2433 3173 2586 3266; x_wconf 78' lang='lat' dir='ltr'><strong>opprimo</strong></span> 
     </span>
     <span class='ocr_line' id='line_1_26' title="bbox 630 3272 2587 3377; baseline -0.004 -26"><span class='ocrx_word' id='word_1_313' title='bbox 630 3280 923 3351; x_wconf 89' lang='lat' dir='ltr'><strong>acneceesarium</strong></span> <span class='ocrx_word' id='word_1_314' title='bbox 944 3304 1053 3371; x_wconf 90' lang='lat' dir='ltr'><strong>opus,</strong></span> <span class='ocrx_word' id='word_1_315' title='bbox 1083 3281 1146 3350; x_wconf 91' lang='lat' dir='ltr'><strong>ubi</strong></span> <span class='ocrx_word' id='word_1_316' title='bbox 1170 3275 1375 3375; x_wconf 83' lang='lat' dir='ltr'><strong>hypocritae</strong></span> <span class='ocrx_word' id='word_1_317' title='bbox 1399 3291 1528 3372; x_wconf 89' lang='lat' dir='ltr'><strong>putant</strong></span> <span class='ocrx_word' id='word_1_318' title='bbox 1548 3276 1618 3347; x_wconf 90' lang='lat' dir='ltr'><strong>sibi</strong></span> <span class='ocrx_word' id='word_1_319' title='bbox 1670 3284 1985 3376; x_wconf 87' lang='lat' dir='ltr'><strong>antoecidnntpia</strong></span> <span class='ocrx_word' id='word_1_320' title='bbox 2001 3285 2186 3374; x_wconf 85' lang='lat' dir='ltr'><strong>docentes,</strong></span> <span class='ocrx_word' id='word_1_321' title='bbox 2221 3272 2281 3351; x_wconf 77' lang='lat' dir='ltr'><strong>se&#39;d</strong></span> <span class='ocrx_word' id='word_1_322' title='bbox 2308 3282 2371 3377; x_wconf 92' lang='lat' dir='ltr'><strong>qui</strong></span> <span class='ocrx_word' id='word_1_323' title='bbox 2393 3278 2587 3355; x_wconf 75' lang='lat' dir='ltr'><strong>nocerino</strong></span> 
     </span>
     <span class='ocr_line' id='line_1_27' title="bbox 629 3376 1819 3474; baseline -0.002 -21"><span class='ocrx_word' id='word_1_324' title='bbox 629 3404 760 3453; x_wconf 87' lang='lat' dir='ltr'><strong>nocere</strong></span> <span class='ocrx_word' id='word_1_325' title='bbox 789 3382 1009 3474; x_wconf 77' lang='lat' dir='ltr'><strong>exemplum,</strong></span> <span class='ocrx_word' id='word_1_326' title='bbox 1049 3382 1141 3451; x_wconf 90' lang='lat' dir='ltr'><strong>sicut</strong></span> <span class='ocrx_word' id='word_1_327' title='bbox 1167 3382 1402 3452; x_wconf 85' lang='lat' dir='ltr'><strong>offenduntur</strong></span> <span class='ocrx_word' id='word_1_328' title='bbox 1434 3376 1619 3451; x_wconf 83' lang='lat' dir='ltr'><strong>Pharisaei</strong></span> <span class='ocrx_word' id='word_1_329' title='bbox 1671 3384 1819 3456; x_wconf 82' lang='lat' dir='ltr'><strong>liuntur.</strong></span> 
     </span>
     <span class='ocr_line' id='line_1_28' title="bbox 631 3476 2591 3578; baseline -0.005 -24"><span class='ocrx_word' id='word_1_330' title='bbox 631 3486 670 3554; x_wconf 92' lang='lat' dir='ltr'><strong>in</strong></span> <span class='ocrx_word' id='word_1_331' title='bbox 692 3480 910 3575; x_wconf 88' lang='lat' dir='ltr'><strong>Evangelio,</strong></span> <span class='ocrx_word' id='word_1_332' title='bbox 936 3507 1015 3555; x_wconf 89' lang='lat' dir='ltr'><strong>curn</strong></span> <span class='ocrx_word' id='word_1_333' title='bbox 1034 3481 1201 3556; x_wconf 84' lang='lat' dir='ltr'><strong>Christus</strong></span> <span class='ocrx_word' id='word_1_334' title='bbox 1219 3486 1259 3555; x_wconf 94' lang='lat' dir='ltr'><strong>in</strong></span> <span class='ocrx_word' id='word_1_335' title='bbox 1276 3484 1434 3556; x_wconf 85' lang='lat' dir='ltr'><strong>Sabbata</strong></span> <span class='ocrx_word' id='word_1_336' title='bbox 1459 3485 1620 3553; x_wconf 88' lang='lat' dir='ltr'><strong>medetur</strong></span> <span class='ocrx_word' id='word_1_337' title='bbox 1773 3485 1864 3557; x_wconf 89' lang='lat' dir='ltr'><strong>Nam</strong></span> <span class='ocrx_word' id='word_1_338' title='bbox 1892 3488 1986 3578; x_wconf 90' lang='lat' dir='ltr'><strong>apud</strong></span> <span class='ocrx_word' id='word_1_339' title='bbox 2013 3479 2129 3556; x_wconf 88' lang='lat' dir='ltr'><strong>hostes</strong></span> <span class='ocrx_word' id='word_1_340' title='bbox 2169 3478 2360 3574; x_wconf 82' lang='lat' dir='ltr'><strong>Evangelii</strong></span> <span class='ocrx_word' id='word_1_341' title='bbox 2401 3483 2547 3552; x_wconf 83' lang='lat' dir='ltr'><strong>interduo</strong></span> <span class='ocrx_word' id='word_1_342' title='bbox 2569 3476 2591 3535; x_wconf 76' lang='lat' dir='ltr'><strong>al</strong></span> 
     </span>
     <span class='ocr_line' id='line_1_29' title="bbox 632 3583 2566 3678; baseline -0.007 -18"><span class='ocrx_word' id='word_1_343' title='bbox 632 3586 794 3676; x_wconf 75' lang='lat' dir='ltr'><strong>aegrotis.</strong></span> <span class='ocrx_word' id='word_1_344' title='bbox 1671 3590 1928 3659; x_wconf 82' lang='lat' dir='ltr'><strong>confessionem</strong></span> <span class='ocrx_word' id='word_1_345' title='bbox 1946 3588 2121 3678; x_wconf 88' lang='lat' dir='ltr'><strong>pertinet,</strong></span> <span class='ocrx_word' id='word_1_346' title='bbox 2143 3588 2333 3657; x_wconf 88' lang='lat' dir='ltr'><strong>ostendere</strong></span> <span class='ocrx_word' id='word_1_347' title='bbox 2356 3583 2516 3656; x_wconf 86' lang='lat' dir='ltr'><strong>libertatis</strong></span> <span class='ocrx_word' id='word_1_348' title='bbox 2527 3597 2566 3644; x_wconf 80' lang='lat' dir='ltr'><strong>ert</strong></span> 
     </span>
     <span class='ocr_line' id='line_1_30' title="bbox 732 3681 2582 3784; baseline -0.004 -25"><span class='ocrx_word' id='word_1_349' title='bbox 732 3685 824 3759; x_wconf 89' lang='lat' dir='ltr'><strong>Cum</strong></span> <span class='ocrx_word' id='word_1_350' title='bbox 850 3699 967 3758; x_wconf 88' lang='lat' dir='ltr'><strong>antem</strong></span> <span class='ocrx_word' id='word_1_351' title='bbox 990 3686 1124 3758; x_wconf 91' lang='lat' dir='ltr'><strong>Paulus</strong></span> <span class='ocrx_word' id='word_1_352' title='bbox 1145 3688 1213 3760; x_wconf 74' lang='lat' dir='ltr'><strong>aits</strong></span> <span class='ocrx_word' id='word_1_353' title='bbox 1253 3686 1509 3760; x_wconf 85' lang='lat' dir='ltr'><strong>Praestandum</strong></span> <span class='ocrx_word' id='word_1_354' title='bbox 1534 3711 1618 3768; x_wconf 87' lang='lat' dir='ltr'><strong>csse,</strong></span> <span class='ocrx_word' id='word_1_355' title='bbox 1673 3689 1792 3782; x_wconf 88' lang='lat' dir='ltr'><strong>plura,</strong></span> <span class='ocrx_word' id='word_1_356' title='bbox 1818 3691 2118 3784; x_wconf 85' lang='lat' dir='ltr'><strong>quemadmodum</strong></span> <span class='ocrx_word' id='word_1_357' title='bbox 2135 3686 2268 3758; x_wconf 90' lang='lat' dir='ltr'><strong>Paulus</strong></span> <span class='ocrx_word' id='word_1_358' title='bbox 2284 3711 2322 3758; x_wconf 90' lang='lat' dir='ltr'><strong>se</strong></span> <span class='ocrx_word' id='word_1_359' title='bbox 2339 3689 2458 3758; x_wconf 86' lang='lat' dir='ltr'><strong>iecisse</strong></span> <span class='ocrx_word' id='word_1_360' title='bbox 2474 3681 2582 3753; x_wconf 72' lang='lat' dir='ltr'><strong>scribitt</strong></span> 
     </span>
     <span class='ocr_line' id='line_1_31' title="bbox 630 3781 2573 3880; baseline -0.003 -19"><span class='ocrx_word' id='word_1_361' title='bbox 630 3802 673 3861; x_wconf 91' lang='lat' dir='ltr'><strong>ut</strong></span> <span class='ocrx_word' id='word_1_362' title='bbox 693 3790 894 3879; x_wconf 88' lang='lat' dir='ltr'><strong>placeamus</strong></span> <span class='ocrx_word' id='word_1_363' title='bbox 918 3789 999 3859; x_wconf 91' lang='lat' dir='ltr'><strong>aliis</strong></span> <span class='ocrx_word' id='word_1_364' title='bbox 1024 3791 1069 3859; x_wconf 93' lang='lat' dir='ltr'><strong>ad</strong></span> <span class='ocrx_word' id='word_1_365' title='bbox 1090 3792 1245 3876; x_wconf 91' lang='lat' dir='ltr'><strong>bonnm,</strong></span> <span class='ocrx_word' id='word_1_366' title='bbox 1276 3804 1311 3862; x_wconf 91' lang='lat' dir='ltr'><strong>et</strong></span> <span class='ocrx_word' id='word_1_367' title='bbox 1331 3793 1377 3859; x_wconf 89' lang='lat' dir='ltr'><strong>ad</strong></span> <span class='ocrx_word' id='word_1_368' title='bbox 1402 3789 1620 3861; x_wconf 82' lang='lat' dir='ltr'><strong>aedificatio·</strong></span> <span class='ocrx_word' id='word_1_369' title='bbox 1672 3793 1831 3864; x_wconf 89' lang='lat' dir='ltr'><strong>Galatas.</strong></span> <span class='ocrx_word' id='word_1_370' title='bbox 1884 3790 1929 3864; x_wconf 82' lang='lat' dir='ltr'><strong>Et</strong></span> <span class='ocrx_word' id='word_1_371' title='bbox 1951 3787 2115 3862; x_wconf 88' lang='lat' dir='ltr'><strong>Christus</strong></span> <span class='ocrx_word' id='word_1_372' title='bbox 2141 3791 2337 3880; x_wconf 88' lang='lat' dir='ltr'><strong>Apostolos</strong></span> <span class='ocrx_word' id='word_1_373' title='bbox 2361 3801 2493 3860; x_wconf 87' lang='lat' dir='ltr'><strong>excusat</strong></span> <span class='ocrx_word' id='word_1_374' title='bbox 2511 3781 2573 3848; x_wconf 80' lang='lat' dir='ltr'><strong>dala</strong></span> 
     </span>
     <span class='ocr_line' id='line_1_32' title="bbox 632 3879 2571 3987; baseline -0.002 -25"><span class='ocrx_word' id='word_1_375' title='bbox 632 3916 733 3975; x_wconf 86' lang='lat' dir='ltr'><strong>nens,</strong></span> <span class='ocrx_word' id='word_1_376' title='bbox 767 3915 843 3960; x_wconf 91' lang='lat' dir='ltr'><strong>uon</strong></span> <span class='ocrx_word' id='word_1_377' title='bbox 867 3892 945 3962; x_wconf 78' lang='lat' dir='ltr'><strong>vult</strong></span> <span class='ocrx_word' id='word_1_378' title='bbox 966 3891 1185 3983; x_wconf 83' lang='lat' dir='ltr'><strong>impietatem</strong></span> <span class='ocrx_word' id='word_1_379' title='bbox 1210 3887 1476 3987; x_wconf 82' lang='lat' dir='ltr'><strong>hypocritarum</strong></span> <span class='ocrx_word' id='word_1_380' title='bbox 1498 3905 1618 3960; x_wconf 90' lang='lat' dir='ltr'><strong>nostra</strong></span> <span class='ocrx_word' id='word_1_381' title='bbox 1671 3909 1722 3968; x_wconf 91' lang='lat' dir='ltr'><strong>tes</strong></span> <span class='ocrx_word' id='word_1_382' title='bbox 1739 3894 1966 3965; x_wconf 87' lang='lat' dir='ltr'><strong>traditionem</strong></span> <span class='ocrx_word' id='word_1_383' title='bbox 1990 3888 2246 3984; x_wconf 88' lang='lat' dir='ltr'><strong>pharisaicam,</strong></span> <span class='ocrx_word' id='word_1_384' title='bbox 2272 3889 2448 3963; x_wconf 87' lang='lat' dir='ltr'><strong>Matthaei</strong></span> <span class='ocrx_word' id='word_1_385' title='bbox 2466 3885 2514 3960; x_wconf 80' lang='lat'><strong>15.</strong></span> <span class='ocrx_word' id='word_1_386' title='bbox 2546 3879 2571 3948; x_wconf 66' lang='grc' dir='ltr'><strong>ι’·</strong></span> 
     </span>
     <span class='ocr_line' id='line_1_33' title="bbox 633 3992 2550 4089; baseline -0.003 -25"><span class='ocrx_word' id='word_1_387' title='bbox 633 3992 917 4072; x_wconf 84' lang='lat' dir='ltr'><strong>dissimulatione</strong></span> <span class='ocrx_word' id='word_1_388' title='bbox 947 3992 1171 4075; x_wconf 80' lang='lat' dir='ltr'><strong>confirmari,</strong></span> <span class='ocrx_word' id='word_1_389' title='bbox 1208 3998 1270 4064; x_wconf 93' lang='lat' dir='ltr'><strong>sed</strong></span> <span class='ocrx_word' id='word_1_390' title='bbox 1304 3994 1360 4064; x_wconf 87' lang='lat' dir='ltr'><strong>vel</strong></span> <span class='ocrx_word' id='word_1_391' title='bbox 1392 3995 1516 4063; x_wconf 88' lang='lat' dir='ltr'><strong>invitis</strong></span> <span class='ocrx_word' id='word_1_392' title='bbox 1546 3993 1619 4061; x_wconf 91' lang='lat' dir='ltr'><strong>illis</strong></span> <span class='ocrx_word' id='word_1_393' title='bbox 1672 3997 1709 4065; x_wconf 93' lang='lat' dir='ltr'><strong>id</strong></span> <span class='ocrx_word' id='word_1_394' title='bbox 1734 4019 1876 4089; x_wconf 89' lang='lat' dir='ltr'><strong>quoque</strong></span> <span class='ocrx_word' id='word_1_395' title='bbox 1900 3992 2137 4084; x_wconf 87' lang='lat' dir='ltr'><strong>pharisaicum</strong></span> <span class='ocrx_word' id='word_1_396' title='bbox 2159 3993 2369 4065; x_wconf 88' lang='lat' dir='ltr'><strong>scandalum</strong></span> <span class='ocrx_word' id='word_1_397' title='bbox 2389 4007 2457 4073; x_wconf 86' lang='lat' dir='ltr'><strong>est,</strong></span> <span class='ocrx_word' id='word_1_398' title='bbox 2490 4011 2550 4056; x_wconf 84' lang='lat' dir='ltr'><strong>run</strong></span> 
     </span>
     <span class='ocr_line' id='line_1_34' title="bbox 632 4081 2584 4187; baseline -0.009 -21"><span class='ocrx_word' id='word_1_399' title='bbox 632 4092 797 4166; x_wconf 86' lang='lat' dir='ltr'><strong>doctrina</strong></span> <span class='ocrx_word' id='word_1_400' title='bbox 819 4094 1013 4163; x_wconf 87' lang='lat' dir='ltr'><strong>necessaria</strong></span> <span class='ocrx_word' id='word_1_401' title='bbox 1037 4096 1210 4164; x_wconf 88' lang='lat' dir='ltr'><strong>tradenda</strong></span> <span class='ocrx_word' id='word_1_402' title='bbox 1233 4109 1306 4176; x_wconf 90' lang='lat' dir='ltr'><strong>est,</strong></span> <span class='ocrx_word' id='word_1_403' title='bbox 1332 4111 1489 4186; x_wconf 88' lang='lat' dir='ltr'><strong>etopcra</strong></span> <span class='ocrx_word' id='word_1_404' title='bbox 1506 4119 1525 4164; x_wconf 89' lang='lat' dir='ltr'><strong>a</strong></span> <span class='ocrx_word' id='word_1_405' title='bbox 1542 4092 1618 4163; x_wconf 87' lang='lat' dir='ltr'><strong>Deo</strong></span> <span class='ocrx_word' id='word_1_406' title='bbox 1670 4113 1741 4168; x_wconf 88' lang='lat' dir='ltr'><strong>stes</strong></span> <span class='ocrx_word' id='word_1_407' title='bbox 1776 4095 1961 4187; x_wconf 87' lang='lat' dir='ltr'><strong>Evangelii</strong></span> <span class='ocrx_word' id='word_1_408' title='bbox 1994 4096 2230 4167; x_wconf 85' lang='lat' dir='ltr'><strong>offenduntur</strong></span> <span class='ocrx_word' id='word_1_409' title='bbox 2264 4097 2437 4186; x_wconf 78' lang='lat' dir='ltr'><strong>exemplis</strong></span> <span class='ocrx_word' id='word_1_410' title='bbox 2474 4081 2584 4160; x_wconf 82' lang='lat' dir='ltr'><strong>libertat&#39;</strong></span> 
     </span>
     <span class='ocr_line' id='line_1_35' title="bbox 633 4187 2566 4295; baseline -0.003 -31"><span class='ocrx_word' id='word_1_411' title='bbox 633 4196 817 4279; x_wconf 86' lang='lat' dir='ltr'><strong>mandata,</strong></span> <span class='ocrx_word' id='word_1_412' title='bbox 842 4195 1016 4266; x_wconf 84' lang='lat' dir='ltr'><strong>facienda.</strong></span> <span class='ocrx_word' id='word_1_413' title='bbox 1065 4193 1239 4285; x_wconf 81' lang='lat' dir='ltr'><strong>Exempla</strong></span> <span class='ocrx_word' id='word_1_414' title='bbox 1259 4211 1343 4268; x_wconf 91' lang='lat' dir='ltr'><strong>sunt</strong></span> <span class='ocrx_word' id='word_1_415' title='bbox 1364 4196 1618 4289; x_wconf 86' lang='lat' dir='ltr'><strong>ubiqucobvia</strong></span> <span class='ocrx_word' id='word_1_416' title='bbox 1671 4223 1761 4295; x_wconf 89' lang='lat' dir='ltr'><strong>quae</strong></span> <span class='ocrx_word' id='word_1_417' title='bbox 1784 4213 1867 4270; x_wconf 91' lang='lat' dir='ltr'><strong>sunt</strong></span> <span class='ocrx_word' id='word_1_418' title='bbox 1891 4198 2093 4268; x_wconf 87' lang='lat' dir='ltr'><strong>testimonia</strong></span> <span class='ocrx_word' id='word_1_419' title='bbox 2119 4197 2317 4267; x_wconf 89' lang='lat' dir='ltr'><strong>doctrinae.</strong></span> <span class='ocrx_word' id='word_1_420' title='bbox 2372 4197 2511 4266; x_wconf 89' lang='lat' dir='ltr'><strong>Talibus</strong></span> <span class='ocrx_word' id='word_1_421' title='bbox 2529 4187 2566 4258; x_wconf 79' lang='grc' dir='ltr'><strong>οι</strong></span> 
     </span>
     <span class='ocr_line' id='line_1_36' title="bbox 633 4293 2530 4388; baseline -0.001 -23"><span class='ocrx_word' id='word_1_422' title='bbox 633 4298 671 4366; x_wconf 92' lang='lat' dir='ltr'><strong>in</strong></span> <span class='ocrx_word' id='word_1_423' title='bbox 687 4296 885 4388; x_wconf 89' lang='lat' dir='ltr'><strong>scripturis.</strong></span> <span class='ocrx_word' id='word_1_424' title='bbox 918 4293 961 4364; x_wconf 92' lang='lat' dir='ltr'><strong>ln</strong></span> <span class='ocrx_word' id='word_1_425' title='bbox 974 4297 1232 4368; x_wconf 89' lang='lat' dir='ltr'><strong>mutationibus</strong></span> <span class='ocrx_word' id='word_1_426' title='bbox 1246 4321 1437 4387; x_wconf 86' lang='lat' dir='ltr'><strong>regnorum</strong></span> <span class='ocrx_word' id='word_1_427' title='bbox 1451 4311 1487 4368; x_wconf 92' lang='lat' dir='ltr'><strong>et</strong></span> <span class='ocrx_word' id='word_1_428' title='bbox 1500 4320 1618 4367; x_wconf 89' lang='lat' dir='ltr'><strong>rernm</strong></span> <span class='ocrx_word' id='word_1_429' title='bbox 1671 4301 1832 4371; x_wconf 85' lang='lat' dir='ltr'><strong>sionibus</strong></span> <span class='ocrx_word' id='word_1_430' title='bbox 1857 4325 1929 4370; x_wconf 91' lang='lat' dir='ltr'><strong>non</strong></span> <span class='ocrx_word' id='word_1_431' title='bbox 1955 4301 2033 4370; x_wconf 89' lang='lat' dir='ltr'><strong>vult</strong></span> <span class='ocrx_word' id='word_1_432' title='bbox 2058 4321 2123 4369; x_wconf 92' lang='lat' dir='ltr'><strong>nos</strong></span> <span class='ocrx_word' id='word_1_433' title='bbox 2147 4299 2351 4388; x_wconf 88' lang='lat' dir='ltr'><strong>perturbari</strong></span> <span class='ocrx_word' id='word_1_434' title='bbox 2364 4295 2530 4376; x_wconf 86' lang='lat' dir='ltr'><strong>Christus,</strong></span> 
     </span>
     <span class='ocr_line' id='line_1_37' title="bbox 633 4393 2572 4490; baseline -0.003 -20"><span class='ocrx_word' id='word_1_435' title='bbox 633 4398 859 4490; x_wconf 87' lang='lat' dir='ltr'><strong>publicarum</strong></span> <span class='ocrx_word' id='word_1_436' title='bbox 895 4393 989 4468; x_wconf 92' lang='lat' dir='ltr'><strong>nihil</strong></span> <span class='ocrx_word' id='word_1_437' title='bbox 1018 4398 1178 4468; x_wconf 89' lang='lat' dir='ltr'><strong>scandali</strong></span> <span class='ocrx_word' id='word_1_438' title='bbox 1206 4400 1363 4470; x_wconf 84' lang='lat' dir='ltr'><strong>ermeli</strong></span> <span class='ocrx_word' id='word_1_439' title='bbox 1399 4423 1475 4469; x_wconf 94' lang='lat' dir='ltr'><strong>non</strong></span> <span class='ocrx_word' id='word_1_440' title='bbox 1515 4399 1618 4474; x_wconf 90' lang='lat' dir='ltr'><strong>inest.</strong></span> <span class='ocrx_word' id='word_1_441' title='bbox 1671 4403 1736 4474; x_wconf 90' lang='lat' dir='ltr'><strong>ait:</strong></span> <span class='ocrx_word' id='word_1_442' title='bbox 1769 4401 1884 4474; x_wconf 89' lang='lat' dir='ltr'><strong>Sinite</strong></span> <span class='ocrx_word' id='word_1_443' title='bbox 1905 4423 1984 4486; x_wconf 88' lang='lat' dir='ltr'><strong>cos,</strong></span> <span class='ocrx_word' id='word_1_444' title='bbox 2017 4403 2109 4470; x_wconf 89' lang='lat' dir='ltr'><strong>caeci</strong></span> <span class='ocrx_word' id='word_1_445' title='bbox 2132 4415 2234 4484; x_wconf 90' lang='lat' dir='ltr'><strong>sunt,</strong></span> <span class='ocrx_word' id='word_1_446' title='bbox 2272 4413 2308 4470; x_wconf 89' lang='lat' dir='ltr'><strong>et</strong></span> <span class='ocrx_word' id='word_1_447' title='bbox 2332 4403 2439 4471; x_wconf 75' lang='lat' dir='ltr'><strong>disces</strong></span> <span class='ocrx_word' id='word_1_448' title='bbox 2460 4413 2572 4468; x_wconf 75' lang='lat' dir='ltr'><strong>saccom</strong></span> 
     </span>
     <span class='ocr_line' id='line_1_38' title="bbox 633 4485 2591 4593; baseline -0.003 -21"><span class='ocrx_word' id='word_1_449' title='bbox 633 4497 681 4572; x_wconf 85' lang='lat' dir='ltr'><strong>Et</strong></span> <span class='ocrx_word' id='word_1_450' title='bbox 709 4512 828 4570; x_wconf 67' lang='lat' dir='ltr'><strong>nmen</strong></span> <span class='ocrx_word' id='word_1_451' title='bbox 852 4498 980 4570; x_wconf 86' lang='lat' dir='ltr'><strong>Mosen</strong></span> <span class='ocrx_word' id='word_1_452' title='bbox 1013 4500 1174 4588; x_wconf 90' lang='lat' dir='ltr'><strong>oportuit</strong></span> <span class='ocrx_word' id='word_1_453' title='bbox 1201 4503 1369 4572; x_wconf 88' lang='lat' dir='ltr'><strong>mandato</strong></span> <span class='ocrx_word' id='word_1_454' title='bbox 1392 4498 1459 4571; x_wconf 89' lang='lat' dir='ltr'><strong>Dei</strong></span> <span class='ocrx_word' id='word_1_455' title='bbox 1484 4523 1619 4593; x_wconf 90' lang='lat' dir='ltr'><strong>parere.</strong></span> <span class='ocrx_word' id='word_1_456' title='bbox 1673 4503 1768 4592; x_wconf 89' lang='lat' dir='ltr'><strong>Quia</strong></span> <span class='ocrx_word' id='word_1_457' title='bbox 1790 4506 1883 4577; x_wconf 87' lang='lat' dir='ltr'><strong>enim</strong></span> <span class='ocrx_word' id='word_1_458' title='bbox 1903 4501 2083 4574; x_wconf 88' lang='lat' dir='ltr'><strong>Pharisaei</strong></span> <span class='ocrx_word' id='word_1_459' title='bbox 2102 4525 2183 4572; x_wconf 90' lang='lat' dir='ltr'><strong>suas</strong></span> <span class='ocrx_word' id='word_1_460' title='bbox 2205 4503 2418 4575; x_wconf 91' lang='lat' dir='ltr'><strong>traditiones</strong></span> <span class='ocrx_word' id='word_1_461' title='bbox 2438 4523 2508 4571; x_wconf 89' lang='lat' dir='ltr'><strong>cum</strong></span> <span class='ocrx_word' id='word_1_462' title='bbox 2528 4485 2591 4564; x_wconf 75' lang='grc' dir='ltr'><strong>ἱιιι’Ι</strong></span> 
     </span>
     <span class='ocr_line' id='line_1_39' title="bbox 634 4597 2557 4697; baseline 0.001 -29"><span class='ocrx_word' id='word_1_463' title='bbox 634 4601 825 4692; x_wconf 77' lang='lat' dir='ltr'><strong>Apostolos</strong></span> <span class='ocrx_word' id='word_1_464' title='bbox 848 4600 1008 4694; x_wconf 90' lang='lat' dir='ltr'><strong>oportuit</strong></span> <span class='ocrx_word' id='word_1_465' title='bbox 1030 4597 1271 4691; x_wconf 87' lang='lat' dir='ltr'><strong>Evangelium</strong></span> <span class='ocrx_word' id='word_1_466' title='bbox 1299 4605 1445 4688; x_wconf 89' lang='lat' dir='ltr'><strong>docere,</strong></span> <span class='ocrx_word' id='word_1_467' title='bbox 1479 4603 1618 4674; x_wconf 89' lang='lat' dir='ltr'><strong>etiamsi</strong></span> <span class='ocrx_word' id='word_1_468' title='bbox 1671 4605 1904 4697; x_wconf 89' lang='lat' dir='ltr'><strong>opinionibus</strong></span> <span class='ocrx_word' id='word_1_469' title='bbox 1925 4607 2133 4697; x_wconf 88' lang='lat' dir='ltr'><strong>requirunt,</strong></span> <span class='ocrx_word' id='word_1_470' title='bbox 2169 4605 2248 4674; x_wconf 90' lang='lat' dir='ltr'><strong>inre</strong></span> <span class='ocrx_word' id='word_1_471' title='bbox 2271 4603 2393 4676; x_wconf 89' lang='lat' dir='ltr'><strong>omitti</strong></span> <span class='ocrx_word' id='word_1_472' title='bbox 2413 4611 2557 4694; x_wconf 87' lang='lat' dir='ltr'><strong>possunt,</strong></span> 
     </span>
     <span class='ocr_line' id='line_1_40' title="bbox 633 4698 2028 4800; baseline 0.003 -29"><span class='ocrx_word' id='word_1_473' title='bbox 633 4703 671 4771; x_wconf 90' lang='lat' dir='ltr'><strong>id</strong></span> <span class='ocrx_word' id='word_1_474' title='bbox 701 4698 940 4792; x_wconf 88' lang='lat' dir='ltr'><strong>prohiberent</strong></span> <span class='ocrx_word' id='word_1_475' title='bbox 977 4703 1187 4796; x_wconf 80' lang='lat' dir='ltr'><strong>pontifices,</strong></span> <span class='ocrx_word' id='word_1_476' title='bbox 1246 4716 1281 4775; x_wconf 92' lang='lat' dir='ltr'><strong>et</strong></span> <span class='ocrx_word' id='word_1_477' title='bbox 1317 4705 1403 4775; x_wconf 90' lang='lat' dir='ltr'><strong>satis</strong></span> <span class='ocrx_word' id='word_1_478' title='bbox 1435 4718 1619 4798; x_wconf 85' lang='lat' dir='ltr'><strong>appareret</strong></span> <span class='ocrx_word' id='word_1_479' title='bbox 1672 4731 1777 4800; x_wconf 87' lang='lat' dir='ltr'><strong>supra</strong></span> <span class='ocrx_word' id='word_1_480' title='bbox 1807 4710 2028 4778; x_wconf 86' lang='lat' dir='ltr'><strong>dictumest.</strong></span> 
     </span>
     <span class='ocr_line' id='line_1_41' title="bbox 632 4799 2584 4903; baseline 0.001 -29"><span class='ocrx_word' id='word_1_481' title='bbox 632 4803 818 4874; x_wconf 87' lang='lat' dir='ltr'><strong>universae</strong></span> <span class='ocrx_word' id='word_1_482' title='bbox 841 4803 997 4896; x_wconf 83' lang='lat' dir='ltr'><strong>Reipub.</strong></span> <span class='ocrx_word' id='word_1_483' title='bbox 1021 4805 1208 4876; x_wconf 79' lang='lat' dir='ltr'><strong>maximam</strong></span> <span class='ocrx_word' id='word_1_484' title='bbox 1232 4807 1465 4877; x_wconf 88' lang='lat' dir='ltr'><strong>mutationem</strong></span> <span class='ocrx_word' id='word_1_485' title='bbox 1490 4807 1618 4878; x_wconf 91' lang='lat' dir='ltr'><strong>allatu·</strong></span> <span class='ocrx_word' id='word_1_486' title='bbox 1773 4807 2031 4903; x_wconf 81' lang='lat' dir='ltr'><strong>sedquoniam</strong></span> <span class='ocrx_word' id='word_1_487' title='bbox 2054 4808 2147 4898; x_wconf 91' lang='lat' dir='ltr'><strong>apud</strong></span> <span class='ocrx_word' id='word_1_488' title='bbox 2171 4801 2290 4877; x_wconf 88' lang='lat' dir='ltr'><strong>hostes</strong></span> <span class='ocrx_word' id='word_1_489' title='bbox 2308 4807 2485 4880; x_wconf 86' lang='lat' dir='ltr'><strong>interdum</strong></span> <span class='ocrx_word' id='word_1_490' title='bbox 2506 4799 2584 4894; x_wconf 84' lang='lat' dir='ltr'><strong>quida</strong></span> 
     </span>
     <span class='ocr_line' id='line_1_42' title="bbox 635 4902 2547 5004; baseline -0.003 -23"><span class='ocrx_word' id='word_1_491' title='bbox 635 4925 714 4975; x_wconf 79' lang='lat' dir='ltr'><strong>tum</strong></span> <span class='ocrx_word' id='word_1_492' title='bbox 744 4926 829 4976; x_wconf 71' lang='lat'><strong>2⁸³⁰·</strong></span> <span class='ocrx_word' id='word_1_493' title='bbox 1672 4911 1848 4982; x_wconf 85' lang='lat' dir='ltr'><strong>sanabiles</strong></span> <span class='ocrx_word' id='word_1_494' title='bbox 1872 4923 1973 4994; x_wconf 90' lang='lat' dir='ltr'><strong>sunt,</strong></span> <span class='ocrx_word' id='word_1_495' title='bbox 2001 4911 2114 5000; x_wconf 86' lang='lat' dir='ltr'><strong>placet</strong></span> <span class='ocrx_word' id='word_1_496' title='bbox 2128 4902 2219 4977; x_wconf 90' lang='lat' dir='ltr'><strong>mihi</strong></span> <span class='ocrx_word' id='word_1_497' title='bbox 2235 4905 2294 4980; x_wconf 90' lang='lat' dir='ltr'><strong>hie</strong></span> <span class='ocrx_word' id='word_1_498' title='bbox 2312 4932 2454 5004; x_wconf 88' lang='lat' dir='ltr'><strong>quoquc</strong></span> <span class='ocrx_word' id='word_1_499' title='bbox 2467 4902 2547 4976; x_wconf 87' lang='lat' dir='ltr'><strong>med&#39;</strong></span> 
     </span>
     <span class='ocr_line' id='line_1_43' title="bbox 735 4999 2581 5101; baseline 0.002 -28"><span class='ocrx_word' id='word_1_500' title='bbox 735 5000 916 5074; x_wconf 79' lang='lat' dir='ltr'><strong>Adversus</strong></span> <span class='ocrx_word' id='word_1_501' title='bbox 942 4999 1028 5077; x_wconf 89' lang='lat' dir='ltr'><strong>haec</strong></span> <span class='ocrx_word' id='word_1_502' title='bbox 1052 5009 1216 5079; x_wconf 89' lang='lat' dir='ltr'><strong>scandala</strong></span> <span class='ocrx_word' id='word_1_503' title='bbox 1246 5008 1364 5080; x_wconf 88' lang='lat' dir='ltr'><strong>munit</strong></span> <span class='ocrx_word' id='word_1_504' title='bbox 1386 5009 1619 5080; x_wconf 90' lang='lat' dir='ltr'><strong>conscientias</strong></span> <span class='ocrx_word' id='word_1_505' title='bbox 1671 5027 1734 5085; x_wconf 90' lang='lat' dir='ltr'><strong>tas.</strong></span> <span class='ocrx_word' id='word_1_506' title='bbox 1786 5015 1880 5082; x_wconf 86' lang='lat' dir='ltr'><strong>Amo</strong></span> <span class='ocrx_word' id='word_1_507' title='bbox 1906 5013 2002 5080; x_wconf 90' lang='lat' dir='ltr'><strong>enim</strong></span> <span class='ocrx_word' id='word_1_508' title='bbox 2027 5009 2291 5101; x_wconf 87' lang='lat' dir='ltr'><strong>peripateticam</strong></span> <span class='ocrx_word' id='word_1_509' title='bbox 2316 5010 2524 5086; x_wconf 90' lang='lat' dir='ltr'><strong>doctrinam,</strong></span> <span class='ocrx_word' id='word_1_510' title='bbox 2550 5023 2581 5092; x_wconf 79' lang='lat' dir='ltr'><strong>qu</strong></span> 
     </span>
     <span class='ocr_line' id='line_1_44' title="bbox 635 5103 2556 5200; baseline 0.002 -24"><span class='ocrx_word' id='word_1_511' title='bbox 635 5117 773 5176; x_wconf 89' lang='lat' dir='ltr'><strong>nostras</strong></span> <span class='ocrx_word' id='word_1_512' title='bbox 790 5106 962 5176; x_wconf 88' lang='lat' dir='ltr'><strong>sententia</strong></span> <span class='ocrx_word' id='word_1_513' title='bbox 978 5107 1058 5186; x_wconf 83' lang='lat' dir='ltr'><strong>illa:</strong></span> <span class='ocrx_word' id='word_1_514' title='bbox 1085 5103 1240 5200; x_wconf 89' lang='lat' dir='ltr'><strong>Oportet</strong></span> <span class='ocrx_word' id='word_1_515' title='bbox 1253 5109 1331 5181; x_wconf 88' lang='lat' dir='ltr'><strong>Deo</strong></span> <span class='ocrx_word' id='word_1_516' title='bbox 1346 5113 1459 5200; x_wconf 87' lang='lat' dir='ltr'><strong>magis</strong></span> <span class='ocrx_word' id='word_1_517' title='bbox 1472 5112 1619 5182; x_wconf 89' lang='lat' dir='ltr'><strong>obedire</strong></span> <span class='ocrx_word' id='word_1_518' title='bbox 1673 5115 1794 5184; x_wconf 88' lang='lat' dir='ltr'><strong>laudat</strong></span> <span class='ocrx_word' id='word_1_519' title='bbox 1809 5116 1848 5183; x_wconf 91' lang='lat' dir='ltr'><strong>in</strong></span> <span class='ocrx_word' id='word_1_520' title='bbox 1864 5113 2032 5182; x_wconf 89' lang='lat' dir='ltr'><strong>omnibus</strong></span> <span class='ocrx_word' id='word_1_521' title='bbox 2050 5112 2203 5181; x_wconf 80' lang='lat' dir='ltr'><strong>externis</strong></span> <span class='ocrx_word' id='word_1_522' title='bbox 2217 5113 2363 5193; x_wconf 82' lang='lat' dir='ltr'><strong>officiis,</strong></span> <span class='ocrx_word' id='word_1_523' title='bbox 2379 5105 2556 5182; x_wconf 78' lang='lat' dir='ltr'><strong>ethaeros</strong></span> 
     </span>
     <span class='ocr_line' id='line_1_45' title="bbox 633 5201 2559 5302; baseline -0.002 -20"><span class='ocrx_word' id='word_1_524' title='bbox 633 5229 739 5302; x_wconf 78' lang='lat' dir='ltr'><strong>quom</strong></span> <span class='ocrx_word' id='word_1_525' title='bbox 761 5201 978 5278; x_wconf 80' lang='lat' dir='ltr'><strong>bominibus.</strong></span> <span class='ocrx_word' id='word_1_526' title='bbox 1029 5209 1084 5282; x_wconf 80' lang='lat' dir='ltr'><strong>Ac</strong></span> <span class='ocrx_word' id='word_1_527' title='bbox 1106 5212 1146 5283; x_wconf 91' lang='lat' dir='ltr'><strong>in</strong></span> <span class='ocrx_word' id='word_1_528' title='bbox 1167 5234 1294 5300; x_wconf 86' lang='lat' dir='ltr'><strong>genere</strong></span> <span class='ocrx_word' id='word_1_529' title='bbox 1317 5214 1361 5282; x_wconf 89' lang='lat' dir='ltr'><strong>de</strong></span> <span class='ocrx_word' id='word_1_530' title='bbox 1384 5213 1546 5283; x_wconf 90' lang='lat' dir='ltr'><strong>doctrina</strong></span> <span class='ocrx_word' id='word_1_531' title='bbox 1568 5213 1618 5284; x_wconf 90' lang='lat' dir='ltr'><strong>sic</strong></span> <span class='ocrx_word' id='word_1_532' title='bbox 1671 5216 1796 5288; x_wconf 92' lang='lat' dir='ltr'><strong>tudine</strong></span> <span class='ocrx_word' id='word_1_533' title='bbox 1821 5215 1913 5285; x_wconf 86' lang='lat' dir='ltr'><strong>vitoe</strong></span> <span class='ocrx_word' id='word_1_534' title='bbox 1942 5213 2241 5298; x_wconf 87' lang='lat' dir='ltr'><strong>mediocritatem,</strong></span> <span class='ocrx_word' id='word_1_535' title='bbox 2281 5213 2465 5296; x_wconf 80' lang='lat' dir='ltr'><strong>videlieet,</strong></span> <span class='ocrx_word' id='word_1_536' title='bbox 2498 5224 2559 5280; x_wconf 78' lang='lat' dir='ltr'><strong>ute</strong></span> 
     </span>
     <span class='ocr_line' id='line_1_46' title="bbox 634 5307 2553 5410; baseline -0.001 -31"><span class='ocrx_word' id='word_1_537' title='bbox 634 5307 860 5379; x_wconf 87' lang='lat' dir='ltr'><strong>sentiendum</strong></span> <span class='ocrx_word' id='word_1_538' title='bbox 885 5321 960 5392; x_wconf 90' lang='lat' dir='ltr'><strong>est,</strong></span> <span class='ocrx_word' id='word_1_539' title='bbox 987 5312 1083 5402; x_wconf 91' lang='lat' dir='ltr'><strong>quod</strong></span> <span class='ocrx_word' id='word_1_540' title='bbox 1105 5325 1141 5381; x_wconf 88' lang='lat' dir='ltr'><strong>et</strong></span> <span class='ocrx_word' id='word_1_541' title='bbox 1163 5315 1257 5404; x_wconf 88' lang='lat' dir='ltr'><strong>apud</strong></span> <span class='ocrx_word' id='word_1_542' title='bbox 1282 5308 1400 5384; x_wconf 87' lang='lat' dir='ltr'><strong>hostes</strong></span> <span class='ocrx_word' id='word_1_543' title='bbox 1420 5309 1618 5404; x_wconf 88' lang='lat' dir='ltr'><strong>Evangelii,</strong></span> <span class='ocrx_word' id='word_1_544' title='bbox 1672 5312 1737 5386; x_wconf 90' lang='lat' dir='ltr'><strong>hos</strong></span> <span class='ocrx_word' id='word_1_545' title='bbox 1760 5339 1904 5410; x_wconf 88' lang='lat' dir='ltr'><strong>qnoque</strong></span> <span class='ocrx_word' id='word_1_546' title='bbox 1924 5317 1973 5386; x_wconf 90' lang='lat' dir='ltr'><strong>ita</strong></span> <span class='ocrx_word' id='word_1_547' title='bbox 2003 5316 2231 5384; x_wconf 86' lang='lat' dir='ltr'><strong>rnoderesnnr</strong></span> <span class='ocrx_word' id='word_1_548' title='bbox 2251 5337 2359 5386; x_wconf 90' lang='lat' dir='ltr'><strong>nsnsn</strong></span> <span class='ocrx_word' id='word_1_549' title='bbox 2383 5313 2553 5390; x_wconf 86' lang='lat' dir='ltr'><strong>libertatis,</strong></span> 
     </span>
     <span class='ocr_line' id='line_1_47' title="bbox 633 5403 2559 5511; baseline -0.002 -29"><span class='ocrx_word' id='word_1_550' title='bbox 633 5423 668 5482; x_wconf 87' lang='lat' dir='ltr'><strong>st</strong></span> <span class='ocrx_word' id='word_1_551' title='bbox 682 5410 778 5500; x_wconf 87' lang='lat' dir='ltr'><strong>apud</strong></span> <span class='ocrx_word' id='word_1_552' title='bbox 794 5403 879 5491; x_wconf 93' lang='lat' dir='ltr'><strong>hos,</strong></span> <span class='ocrx_word' id='word_1_553' title='bbox 893 5409 955 5502; x_wconf 90' lang='lat' dir='ltr'><strong>qui</strong></span> <span class='ocrx_word' id='word_1_554' title='bbox 970 5410 1096 5483; x_wconf 84' lang='lat' dir='ltr'><strong>iratres</strong></span> <span class='ocrx_word' id='word_1_555' title='bbox 1110 5410 1292 5504; x_wconf 89' lang='lat' dir='ltr'><strong>perhiberi</strong></span> <span class='ocrx_word' id='word_1_556' title='bbox 1308 5414 1618 5501; x_wconf 88' lang='lat' dir='ltr'><strong>volunt,doctrina</strong></span> <span class='ocrx_word' id='word_1_557' title='bbox 1672 5418 1866 5490; x_wconf 88' lang='lat' dir='ltr'><strong>desiderari</strong></span> <span class='ocrx_word' id='word_1_558' title='bbox 1894 5416 1932 5484; x_wconf 93' lang='lat' dir='ltr'><strong>in</strong></span> <span class='ocrx_word' id='word_1_559' title='bbox 1962 5415 2068 5487; x_wconf 90' lang='lat' dir='ltr'><strong>nobis</strong></span> <span class='ocrx_word' id='word_1_560' title='bbox 2091 5409 2296 5486; x_wconf 89' lang='lat' dir='ltr'><strong>hnmanitas</strong></span> <span class='ocrx_word' id='word_1_561' title='bbox 2325 5414 2454 5511; x_wconf 88' lang='lat' dir='ltr'><strong>possit,</strong></span> <span class='ocrx_word' id='word_1_562' title='bbox 2488 5431 2559 5483; x_wconf 87' lang='lat' dir='ltr'><strong>neve</strong></span> 
     </span>
     <span class='ocr_line' id='line_1_48' title="bbox 632 5509 2190 5608; baseline 0.005 -25"><span class='ocrx_word' id='word_1_563' title='bbox 632 5509 827 5583; x_wconf 89' lang='lat' dir='ltr'><strong>necessarie</strong></span> <span class='ocrx_word' id='word_1_564' title='bbox 860 5509 1077 5584; x_wconf 85' lang='lat' dir='ltr'><strong>dissimulari</strong></span> <span class='ocrx_word' id='word_1_565' title='bbox 1105 5515 1231 5588; x_wconf 87' lang='lat' dir='ltr'><strong>debeat</strong></span> <span class='ocrx_word' id='word_1_566' title='bbox 1261 5532 1407 5608; x_wconf 89' lang='lat' dir='ltr'><strong>propter</strong></span> <span class='ocrx_word' id='word_1_567' title='bbox 1441 5517 1619 5588; x_wconf 84' lang='lat' dir='ltr'><strong>scandala.</strong></span> <span class='ocrx_word' id='word_1_568' title='bbox 1670 5541 1767 5590; x_wconf 86' lang='lat' dir='ltr'><strong>mere</strong></span> <span class='ocrx_word' id='word_1_569' title='bbox 1786 5519 1977 5590; x_wconf 83' lang='lat' dir='ltr'><strong>excitemus</strong></span> <span class='ocrx_word' id='word_1_570' title='bbox 2004 5517 2190 5592; x_wconf 85' lang='lat' dir='ltr'><strong>turnultus.</strong></span> 
     </span>
     <span class='ocr_line' id='line_1_49' title="bbox 633 5609 2546 5713; baseline 0 -29"><span class='ocrx_word' id='word_1_571' title='bbox 633 5611 741 5692; x_wconf 69' lang='lat' dir='ltr'><strong>Fides</strong></span> <span class='ocrx_word' id='word_1_572' title='bbox 755 5609 852 5682; x_wconf 86' lang='lat' dir='ltr'><strong>enirn</strong></span> <span class='ocrx_word' id='word_1_573' title='bbox 873 5612 1056 5683; x_wconf 90' lang='lat' dir='ltr'><strong>dilectioni</strong></span> <span class='ocrx_word' id='word_1_574' title='bbox 1079 5618 1308 5690; x_wconf 80' lang='lat' dir='ltr'><strong>anteferenda</strong></span> <span class='ocrx_word' id='word_1_575' title='bbox 1323 5631 1387 5690; x_wconf 83' lang='lat' dir='ltr'><strong>est.</strong></span> <span class='ocrx_word' id='word_1_576' title='bbox 1771 5621 1826 5691; x_wconf 80' lang='lat' dir='ltr'><strong>Ac</strong></span> <span class='ocrx_word' id='word_1_577' title='bbox 1840 5617 2121 5713; x_wconf 86' lang='lat' dir='ltr'><strong>sapientissimus</strong></span> <span class='ocrx_word' id='word_1_578' title='bbox 2134 5619 2193 5688; x_wconf 87' lang='lat' dir='ltr'><strong>vir</strong></span> <span class='ocrx_word' id='word_1_579' title='bbox 2200 5616 2370 5692; x_wconf 87' lang='lat' dir='ltr'><strong>isocrates</strong></span> <span class='ocrx_word' id='word_1_580' title='bbox 2384 5620 2448 5692; x_wconf 87' lang='lat' dir='ltr'><strong>sit:</strong></span> <span class='ocrx_word' id='word_1_581' title='bbox 2470 5613 2546 5689; x_wconf 84' lang='lat' dir='ltr'><strong>Cum</strong></span> 
     </span>
     <span class='ocr_line' id='line_1_50' title="bbox 735 5712 2573 5814; baseline -0.003 -27"><span class='ocrx_word' id='word_1_582' title='bbox 735 5712 848 5787; x_wconf 78' lang='lat' dir='ltr'><strong>Aliud</strong></span> <span class='ocrx_word' id='word_1_583' title='bbox 871 5715 1030 5786; x_wconf 88' lang='lat' dir='ltr'><strong>scandali</strong></span> <span class='ocrx_word' id='word_1_584' title='bbox 1055 5739 1166 5808; x_wconf 86' lang='lat' dir='ltr'><strong>genus</strong></span> <span class='ocrx_word' id='word_1_585' title='bbox 1187 5733 1258 5806; x_wconf 88' lang='lat' dir='ltr'><strong>est,</strong></span> <span class='ocrx_word' id='word_1_586' title='bbox 1280 5719 1381 5814; x_wconf 90' lang='lat' dir='ltr'><strong>quod</strong></span> <span class='ocrx_word' id='word_1_587' title='bbox 1403 5733 1532 5793; x_wconf 87' lang='lat' dir='ltr'><strong>vocant</strong></span> <span class='ocrx_word' id='word_1_588' title='bbox 1553 5719 1616 5791; x_wconf 88' lang='lat' dir='ltr'><strong>da·</strong></span> <span class='ocrx_word' id='word_1_589' title='bbox 1669 5721 1769 5794; x_wconf 90' lang='lat' dir='ltr'><strong>dium</strong></span> <span class='ocrx_word' id='word_1_590' title='bbox 1785 5723 1903 5813; x_wconf 88' lang='lat' dir='ltr'><strong>ipsum</strong></span> <span class='ocrx_word' id='word_1_591' title='bbox 1920 5719 2094 5812; x_wconf 85' lang='lat' dir='ltr'><strong>attingere</strong></span> <span class='ocrx_word' id='word_1_592' title='bbox 2103 5719 2149 5791; x_wconf 92' lang='lat' dir='ltr'><strong>sit</strong></span> <span class='ocrx_word' id='word_1_593' title='bbox 2163 5717 2423 5806; x_wconf 79' lang='lat' dir='ltr'><strong>difficilimum,</strong></span> <span class='ocrx_word' id='word_1_594' title='bbox 2452 5719 2573 5790; x_wconf 75' lang='lat' dir='ltr'><strong>ociose</strong></span> 
     </span>
     <span class='ocr_line' id='line_1_51' title="bbox 633 5813 2594 5918; baseline 0.005 -33"><span class='ocrx_word' id='word_1_595' title='bbox 633 5828 730 5900; x_wconf 82' lang='lat' dir='ltr'><strong>ton,</strong></span> <span class='ocrx_word' id='word_1_596' title='bbox 771 5837 843 5908; x_wconf 86' lang='lat' dir='ltr'><strong>qno</strong></span> <span class='ocrx_word' id='word_1_597' title='bbox 866 5815 993 5889; x_wconf 78' lang='lat' dir='ltr'><strong>iratres</strong></span> <span class='ocrx_word' id='word_1_598' title='bbox 1017 5819 1261 5896; x_wconf 77' lang='lat' dir='ltr'><strong>offenduntur.</strong></span> <span class='ocrx_word' id='word_1_599' title='bbox 1317 5819 1380 5892; x_wconf 85' lang='lat' dir='ltr'><strong>Est</strong></span> <span class='ocrx_word' id='word_1_600' title='bbox 1409 5838 1529 5894; x_wconf 85' lang='lat' dir='ltr'><strong>autem</strong></span> <span class='ocrx_word' id='word_1_601' title='bbox 1561 5824 1616 5894; x_wconf 87' lang='lat' dir='ltr'><strong>vel</strong></span> <span class='ocrx_word' id='word_1_602' title='bbox 1671 5824 1709 5895; x_wconf 95' lang='lat' dir='ltr'><strong>in</strong></span> <span class='ocrx_word' id='word_1_603' title='bbox 1736 5846 1811 5894; x_wconf 87' lang='lat' dir='ltr'><strong>sam</strong></span> <span class='ocrx_word' id='word_1_604' title='bbox 1837 5835 1970 5915; x_wconf 87' lang='lat' dir='ltr'><strong>partem</strong></span> <span class='ocrx_word' id='word_1_605' title='bbox 1996 5821 2223 5918; x_wconf 87' lang='lat' dir='ltr'><strong>delinquere,</strong></span> <span class='ocrx_word' id='word_1_606' title='bbox 2271 5835 2312 5897; x_wconf 93' lang='lat' dir='ltr'><strong>ut</strong></span> <span class='ocrx_word' id='word_1_607' title='bbox 2341 5823 2459 5896; x_wconf 90' lang='lat' dir='ltr'><strong>rninns</strong></span> <span class='ocrx_word' id='word_1_608' title='bbox 2485 5813 2594 5894; x_wconf 75' lang='grc' dir='ltr'><strong>ιιιιὶιιι,</strong></span> 
     </span>
    </p>
   </div>
   <div class='ocr_carea' id='block_1_6' title="bbox 0 0 2938 6948">
    <p class='ocr_par' dir='ltr' id='par_1_6' title="bbox 0 0 2938 6948">
     <span class='ocr_line' id='line_1_52' title="bbox 0 0 2938 6948; baseline 0 0"><span class='ocrx_word' id='word_1_609' title='bbox 0 0 2938 6948; x_wconf 95' lang='lat' dir='ltr'><strong> </strong></span> 
     </span>
    </p>
   </div>
  </div>
 </body>
</html>
