5825 6950
565 713 612 786 19
1154 697 1280 768 ruta.
1310 697 1425 770 nau.
1453 694 1662 771 scatron
1689 694 1994 773 axaourtca.
2072 670 2079 682 ‘
2555 715 2602 783 ao

567 885 638 956 llic
654 882 772 954 abolet
792 889 971 972 peccatum
999 887 1032 944 et
1055 885 1229 957 mortem,
1264 887 1298 942 et
1322 873 1359 940 iu
1385 830 1566 942 iacentibus
1619 870 1820 940 meminisse
1837 875 1925 944 utile
1939 891 2009 959 est,
2036 878 2078 946 ad
2096 879 2322 952 refutandum
2332 882 2599 968 samosatenum,

570 987 791 1059 credentium
807 1004 936 1050 novam
958 979 1092 1060 lucem,
1127 977 1161 1044 id
1188 989 1258 1056 est,
1292 975 1459 1044 noticiam
1485 973 1568 1057 Dei,
1620 987 1659 1043 ut
1676 986 1795 1063 postea
1812 976 1938 1047 «licata.

571 1089 765 1169 iusticiam,
792 1100 828 1156 et
851 1084 962 1154 vitam
985 1093 1162 1150 aeternam
1186 1078 1373 1174 exuscitet,
1399 1091 1433 1146 el
1450 1078 1568 1156 efficit,
1721 1071 1860 1146 Deinde
1876 1081 2003 1171 repetit
2025 1085 2207 1174 querelam
2228 1088 2273 1155 de
2297 1090 2453 1160 tenebris
2477 1093 2601 1174 mucidi,

572 1199 631 1264 dat
652 1190 828 1280 Spiritum
858 1196 1018 1255 sanctum
1049 1178 1298 1253 vivificantem.
1361 1177 1456 1248 llaec
1478 1182 1569 1251 liunt
1620 1177 1888 1270 quodmundus
1903 1207 1978 1252 non
2000 1184 2224 1274 creditDeo,
2251 1190 2325 1260 imo
2347 1195 2442 1285 quod
2465 1195 2601 1283 illeipse

575 1298 612 1363 iu
628 1293 733 1363 nohis
747 1291 834 1375 fide,
857 1283 926 1358 hoc
948 1300 1017 1363 est,
1043 1283 1171 1353 fiducia
1193 1283 1324 1375 ipsius,
1350 1305 1422 1350 nou
1439 1283 1568 1352 fiducia
1620 1278 1791 1372 populos,
1825 1284 1887 1377 qui
1911 1286 2042 1356 dicitur
2062 1290 2216 1381 populos
2231 1288 2320 1377 Dei,
2352 1295 2402 1364 ita
2429 1296 2602 1364 fascinatos

574 1395 692 1479 Mosi,
724 1393 847 1484 Eliae,
881 1387 1079 1479 Baptistae,
1113 1384 1229 1465 Petri,
1265 1400 1326 1457 aut
1360 1385 1567 1478 cuiusquam
1621 1382 1667 1452 sit
1682 1385 1836 1474 propriis
1851 1390 2141 1476 persuasionibus
2162 1396 2208 1462 de
2231 1394 2370 1466 iusticia
2394 1398 2477 1487 legis
2494 1414 2522 1466 et
2537 1401 2600 1464 im—

575 1499 731 1571 alterius.
782 1494 837 1567 De
857 1489 925 1562 hoc
946 1487 1151 1560 discrimine
1175 1486 1363 1580 aliquoties
1377 1489 1570 1556 concioua-
1620 1486 1882 1576 periomundi,
1920 1495 2017 1584 quod
2047 1509 2149 1584 putat
2168 1493 2336 1566 Messinm
2360 1507 2599 1590 oc'cnpatnnuu

576 1616 635 1676 tur
650 1602 724 1690 ipse
741 1597 899 1689 Baptista
923 1593 962 1663 iu
987 1605 1101 1662 textu:
1137 1587 1213 1679 Ego
1229 1614 1292 1660 vos
1309 1590 1450 1681 baptizo
1465 1615 1570 1682 aqua,
1623 1611 1714 1672 esse,
1740 1603 1779 1658 ut
1795 1584 1878 1660 huic
1893 1593 1967 1662 filio
1983 1593 2051 1665 Dei
2073 1599 2262 1668 accerrime
2285 1603 2500 1687 adversetur,
2525 1607 2599 1693 qnia

576 1704 638 1773 ille
659 1726 721 1773 vos
746 1696 937 1793 baptizabit
959 1693 1098 1785 Spiritu
1129 1707 1250 1764 sancto
1274 1708 1306 1765 et
1332 1693 1417 1781 igni.
1474 1691 1571 1763 llaec
1623 1713 1697 1758 non
1729 1693 1789 1762 dat
1813 1693 2002 1785 imperium
2027 1702 2123 1790 quod
2147 1701 2215 1791 ipsi
2245 1706 2487 1794 expectabant,
2521 1707 2599 1774 iton

578 1807 671 1877 dicta
689 1806 854 1875 observet
870 1799 1001 1890 lector,
1024 1795 1121 1868 etad
1139 1790 1207 1865 hoc
1222 1796 1414 1865 discrimen
1432 1798 1571 1877 referat,
1623 1795 1770 1883 abrogat
1785 1796 1915 1884 legem,
1942 1812 1976 1869 et
1992 1803 2036 1868 de
2053 1802 2122 1871 alia
2139 1807 2291 1892 quadam
2313 1808 2449 1876 iusticia
2471 1808 2601 1874 concio-

580 1911 674 2002 quod
696 1905 853 1978 breviter
872 1898 932 1972 hic
953 1898 1051 1969 volui
1077 1899 1262 1989 attingere.
1321 1895 1506 1970 Caeterum
1529 1900 1573 1969 de
1623 1909 1741 1968 natur.
1792 1894 2041 1973 Admonemus
2054 1917 2088 1974 et
2104 1899 2171 1974 hoc
2189 1907 2291 1976 brevi
2313 1909 2407 1978 dicto
2421 1908 2602 1977 Ecclesiam

580 2010 756 2104 baptismo
770 2004 916 2079 Ioannis
931 2005 1091 2073 dicemus
1108 2001 1291 2096 aliquanto
1308 2013 1397 2093 post.
1444 2018 1451 2032 ·
1625 2011 1659 2068 et
1687 1998 1847 2088 exiguam
1878 2026 1952 2072 esse
1977 2019 2009 2074 et
2033 2010 2233 2099 oppugnari
2256 2011 2302 2080 ab
2326 2011 2397 2080 illis
2420 2001 2517 2101 ipsis',
2546 2012 2605 2102 qni

1125 2169 1132 2188 ,
1237 2171 1244 2188 ,
1627 2114 1799 2173 vocantur
1815 2105 1967 2196 populos
1985 2103 2071 2188 Dei,
2098 2104 2165 2181 hoc
2189 2125 2259 2192 est,
2294 2115 2356 2206 qui
2378 2128 2502 2201 gerunt
2525 2116 2608 2182 tito-

631 2177 738 2300 ΕΜ(
769 2176 841 2248 lux
877 2198 960 2245 ‘²⁶7⁰
995 2195 1089 2272 ⁹⁰⁰⁶
1116 2169 1311 2243 ‘mmmm
1339 2195 1480 2243 ΜΨ)
1505 2165 1575 2242 '⁸⁰'
1626 2203 1701 2272 lum
1719 2199 1915 2292 Ecclesiae,
1942 2210 2005 2302 qui
2021 2226 2141 2282 tenent
2159 2216 2375 2285 ordinariam
2401 2229 2609 2307 potestatem,

682 2303 829 2356 mmm·
1626 2320 1666 2376 ut
1683 2323 1819 2381 vocant.
1859 2308 1949 2380 Cum
1966 2313 2075 2402 igitur
2089 2315 2218 2386 similia
2234 2321 2426 2388 certamina
2443 2319 2611 2402 incidunt,

683 2417 817 2492 lterum
842 2413 995 2485 inculcat
1019 2412 1133 2482 lilium
1155 2407 1223 2482 Dei
1245 2433 1319 2479 esse
1341 2411 1476 2494 lucem,
1510 2431 1576 2477 uec
1627 2402 1695 2477 hoc
1720 2409 1816 2480 dicto
1838 2408 2086 2502 Evangelistae
2107 2419 2379 2506 confirmemur,
2405 2447 2451 2490 ne
2472 2438 2609 2511 proptor

581 2521 746 2612 ambigue
769 2521 983 2607 interpretor
1004 2517 1138 2599 lacem,
1175 2527 1235 2584 aut
1264 2514 1413 2583 verbum
1436 2512 1576 2580 illumi·
1626 2514 1864 2599 adversarios,
1898 2518 1962 2608 qui
1993 2521 2182 2590 autoritate
2205 2524 2441 2610 antecellunt,
2476 2525 2610 2592 deficia-

581 2649 679 2696 nare.
730 2621 863 2694 Lucem
886 2643 995 2699 voco,
1028 2618 1111 2712 quia
1134 2614 1312 2692 filius.Dei
1331 2613 1576 2704 perEvange-
1627 2616 1766 2684 musab
1780 2613 1988 2708 Evangelio.

582 2728 690 2809 linco,
721 2727 817 2820 quod
843 2747 886 2793 ex
907 2721 989 2791 sinu
1013 2720 1123 2812 patris
1146 2719 1284 2803 attolit,
1318 2720 1377 2789 dat
1400 2716 1574 2808 Spiritum
2431 2793 2438 2810 .
2494 2797 2500 2812 Ι

582 2844 761 2908 sanctum,
794 2840 829 2896 e,
854 2825 891 2893 in
914 2822 1019 2893 nobis
1040 2823 1174 2907 lucem,
1207 2817 1276 2890 hoe
1296 2834 1367 2897 m,
1405 2820 1574 2889 noticiam
1625 2775 1814 2884 Quotquot
1839 2794 1962 2858 aulem
1991 2801 2195 2888 receperunt
2223 2816 2323 2881 eum,
2349 2789 2527 2884 deditas,
2553 2809 2612 2867 etc.

580 2931 667 3016 Dei,
691 2919 887 3013 iusticiam,
913 2939 947 2996 et
969 2925 1079 2996 vitam
1103 2937 1280 2994 aeternam
1306 2923 1430 3008 elficit,
1457 2923 1493 2992 id
1510 2948 1574 2994 vo·
1728 2918 1847 2992 Antea
1862 2925 1907 2992 de
1922 2949 2073 3016 persona
2088 2927 2199 3014 dixit,
2224 2953 2322 3000 nnnc
2336 2933 2436 3002 addit
2450 2936 2491 3001 de
2506 2935 2613 3001 lienc-

582 3047 638 3107 αι
651 3032 867 3103 illuminare,
1623 3019 1726 3104 ficio,
1752 3027 1848 3118 quod
1864 3022 2032 3119 perhanc
2049 3053 2235 3120 personam
2258 3036 2384 3114 datur,
2415 3050 2449 3104 et
2472 3038 2612 3128 quidem

615 3123 623 3136 ’
682 3134 755 3207 Sed
776 3155 841 3205 cur
861 3131 983 3202 addita
1003 3144 1054 3200 est
1078 3127 1251 3220 particula
1272 3128 1503 3212 universalis,
1528 3129 1573 3198 il·
1625 3129 1790 3210 modum,
1816 3152 1888 3221 quo
1905 3123 1972 3200 hoc
1986 3132 2195 3203 beneficium
2211 3137 2471 3229 consequimur,
2496 3153 2614 3204 osten-

579 3236 732 3310 lnmioat
753 3258 898 3308 omnem
920 3229 1130 3304 hominem?
1182 3227 1277 3318 Quia
1291 3233 1438 3301 verbum
1456 3233 1575 3301 omni·
1625 3227 1689 3302 dit.
1732 3225 1849 3322 Atque
1863 3231 1911 3302 ita
1925 3256 2099 3304 summam
2115 3257 2176 3306 seo
2195 3239 2416 3331 praecipuam
2430 3235 2613 3326 Evangelii

579 3343 646 3412 bos
677 3338 846 3433 proponit
869 3331 962 3406 hanc
991 3358 1121 3404 novam
1156 3335 1288 3418 lucem,
1330 3336 1468 3406 tametsi
1499 3359 1573 3403 oon
1625 3333 1835 3402 seutentiam
1856 3346 1890 3405 et
1911 3359 2032 3406 vocem
2056 3341 2244 3429 proponit,
2278 3355 2311 3413 et
2335 3342 2618 3411 multahreviter

580 3466 702 3514 omues
743 3440 934 3533 accipiunt.
1010 3437 1071 3509 Sic
1111 3437 1350 3526 intelligatur,
1394 3437 1577 3509 illuminat
1626 3434 1889 3528 complectitur,
1915 3437 2341 3533 qnidafferatChristus,
2369 3445 2497 3539 quibus
2520 3440 2623 3512 exhi-

579 3569 722 3617 otnnem
750 3540 956 3640 hominem,
981 3540 1132 3625 scilicet,
1156 3540 1386 3630 accipientem
1409 3536 1575 3629 Evange-
1626 3537 1726 3622 beat,
1752 3543 1932 3631 quomodo
1950 3566 2228 3636 consequamur,
2254 3548 2340 3639 quid
2359 3547 2397 3616 in
2414 3548 2627 3638 accipienti-

578 3649 688 3729 linm‚
713 3670 778 3739 per
798 3646 895 3737 quod
917 3642 996 3727 lux,
1026 3642 1167 3712 iusticia
1188 3656 1222 3712 et
1244 3642 1313 3711 vita
1338 3643 1510 3713 illucescit
1535 3644 1574 3712 in
1628 3641 1693 3709 bos
1707 3641 1776 3709 liat.

579 3752 772 3822 mentibus.
803 3745 900 3819 Haec
916 3745 991 3837 ipsa
1008 3742 1253 3836 interpretatio
1270 3745 1430 3815 additur:
1458 3742 1574 3833 Quot·
1728 3742 1785 3813 Sit
1807 3744 1917 3833 igitur
1931 3747 2086 3836 primurn
2104 3751 2188 3844 qnid
2204 3750 2346 3832 afferat,
2375 3752 2539 3821 videlicet
2557 3778 2630 3841 po-

578 3866 667 3947 quot
688 3863 896 3944 receperunt
920 3872 1019 3934 eum,
1059 3847 1158 3918 dedit
1182 3848 1230 3915 eis
1250 3860 1455 3937 potestatem
1483 3849 1575 3920 lilios
1626 3858 1784 3917 testatem
1798 3845 1974 3925 filiosDei
1993 3850 2081 3926 lieri.
2120 3851 2200 3924 Hoc
2215 3877 2296 3925 cum
2313 3854 2456 3927 brevius
2471 3857 2632 3933 dicatur,

577 3952 646 4026 Dei
667 3955 761 4042 fieri3
788 3966 821 4024 et
848 3952 1032 4046 aliquanto
1055 3963 1151 4041 post:
1176 3948 1230 4019 Ex
1253 3949 1477 4039 plenitudiue
1498 3952 1574 4020 eios
1626 3972 1733 4040 quam
1753 3950 1961 4038 magnitudo
1983 3954 2037 4023 rei
2062 3958 2234 4047 postulat,
2260 3958 2445 4028 addendae
2461 3974 2543 4027 sunit
2562 3984 2632 4026 ex-

578 4081 701 4128 omnes
731 4056 947 4147 accepimus3
983 4078 1024 4123 ac
1055 4053 1099 4121 de
1129 4048 1186 4121 his
1215 4052 1478 4122 universalibus
1509 4077 1573 4123 suo
1624 4051 1832 4142 plicatiooes
1848 4075 1889 4122 ex
1905 4054 1984 4124 aliis
2000 4056 2108 4144 locis,
2133 4060 2305 4150 significat
2320 4057 2633 4152 enimApostolns

577 4161 656 4231 loco
673 4160 776 4253 plora
792 4158 961 4229 dicemus.
1624 4174 1735 4241 genus
1763 4149 1960 4227 humanum
1982 4183 2191 4252 oppressum
2213 4187 2286 4234 esse
2305 4178 2462 4255 peccato,
2492 4179 2632 4251 morte,

1625 4257 1678 4326 ira
1692 4255 1780 4339 Dei,
1807 4271 1841 4330 et
1856 4259 1981 4350 poenis
1996 4265 2168 4349 aeternis,
2202 4288 2267 4335 nec
2286 4290 2389 4358 posse
2402 4267 2446 4336 ab
2461 4260 2518 4333 his
2536 4282 2626 4333 tan-

1623 4360 1669 4430 tis
1683 4360 1787 4430 malis
1805 4385 1868 4454 per
1884 4364 1997 4452 legem
2012 4379 2076 4436 aot
2096 4367 2207 4437 ullam
2227 4370 2458 4461 sapientiam,
2484 4382 2544 4436 aut
2562 4368 2633 4435 iu—

1622 4462 1758 4533 sticiam
1774 4458 1966 4535 humanam
1986 4467 2152 4555 liberari,
2180 4471 2254 4541 imo
2277 4474 2377 4543 oolla
2400 4497 2439 4541 re
2464 4472 2633 4563 potuisse

672 4569 790 4663 Supra
814 4567 1003 4639 affirmavit
1028 4589 1092 4657 per
1115 4566 1228 4637 lilium
1250 4563 1318 4636 Dei
1341 4569 1461 4638 omnia
1485 4595 1571 4639 con·
1621 4566 1754 4659 placari
1777 4566 1867 4635 iram
1884 4565 1971 4655 Dei,
2000 4572 2071 4641 uisi
2096 4567 2162 4643 hac
2185 4597 2257 4643 una
2273 4575 2436 4657 victima,
2473 4574 2633 4663 scilicet,

574 4676 649 4746 dita
663 4694 755 4757 esse,
780 4687 815 4744 et
834 4694 974 4762 semper
986 4668 1128 4740 affuisse
1143 4693 1223 4739 eum
1240 4664 1429 4743 Ecclesiae.
1465 4669 1570 4744 Nunc
1621 4674 1704 4739 dato
1719 4667 1794 4739 lilio
1812 4668 1880 4741 Dei
1898 4696 1962 4764 pro
1976 4694 2104 4761 genere
2126 4670 2297 4746 humano.
2350 4676 2633 4769 ltaqueinolia-

573 4774 736 4871 loquitur
748 4777 792 4845 de
808 4773 944 4845 visibili
966 4770 1184 4864 praeseutia,
1209 4772 1291 4865 quia
1308 4772 1437 4843 diserte
1452 4775 1568 4847 addit:
1620 4773 1686 4843 bili
1702 4772 1852 4841 coasilio
1877 4774 2049 4847 divinitus
2069 4772 2128 4847 hic
2143 4777 2237 4847 tilius
2252 4781 2448 4869 promissus
2467 4766 2633 4847 et‘exlii1

573 4875 616 4949 ln
630 4879 767 4949 mundo
783 4891 875 4965 erat,
901 4872 1104 4968 significans
1128 4874 1306 4945 visibilem
1329 4878 1570 4948 conversatio·
1620 4876 1716 4946 bitus
1732 4889 1794 4959 est,
1820 4875 1884 4969 qui
1899 4898 2022 4949 rursus
2038 4882 2099 4950 dat
2115 4893 2323 4972 potestatem
2336 4883 2429 4952 filios
2444 4878 2513 4953 Dei
2533 4884 2625 4950 sieri

571 5005 753 5053 nemcurn
770 4976 989 5052 hominibus.
1040 4976 1111 5049 Sed
1126 4999 1276 5071 sequens
1299 4979 1469 5068 particula
1485 4981 1569 5051 dili·
1619 4979 1656 5047 id
1673 4992 1743 5064 est,
1768 4980 1827 5049 dat
1845 4973 2077 5067 boemanos,
2102 4997 2142 5053 ut
2158 4983 2269 5055 simos
2285 4985 2351 5056 tilii
2367 4983 2454 5068 Dei,
2481 5001 2517 5053 ot
2541 5011 2626 5053 cnn

572 5100 696 5173 genter
718 5084 940 5153 observanda
964 5093 1035 5165 est,
1071 5102 1162 5173 quae
1190 5079 1375 5172 perspicue
1406 5094 1567 5165 testatur,
1618 5080 1712 5150 lilios
1747 5080 1929 5164 nominat,
1983 5086 2232 5174 complectitur
2283 5088 2405 5158 omnia
2442 5086 2632 5160 beneficia

573 5187 611 5255 iu
627 5174 772 5257 Christo
790 5186 879 5255 duas
898 5206 972 5253 esse
988 5196 1151 5263 naturas,
1178 5195 1212 5254 et
1231 5184 1400 5266 verbum,
1428 5186 1473 5253 de
1494 5212 1566 5278 quo
1616 5179 1817 5274 Evangelii.
1876 5184 1961 5254 Filii
1985 5186 2184 5275 significant
2214 5214 2291 5276 eos,
2324 5191 2456 5285 quibus
2481 5193 2632 5281 placata

571 5313 678 5387 supra
710 5288 820 5373 dixit,
851 5285 1005 5376 intelligi
1029 5298 1193 5377 oportere
1223 5307 1424 5379 personam.
1483 5286 1567 5359 Nou
1617 5299 1670 5355 est
1685 5288 1738 5355 ira
1751 5285 1838 5373 Dei,
1864 5288 1926 5380 qui
1951 5288 2129 5362 iustificati
2152 5307 2256 5374 sunt,
2281 5309 2318 5366 et
2339 5295 2423 5365 facti
2445 5286 2632 5363 haerede.

570 5392 667 5463 enim
692 5390 842 5481 dubium
864 5402 917 5461 est
939 5383 998 5458 hic
1021 5388 1066 5457 de
1079 5382 1222 5461 Christo
1246 5388 1334 5458 dici:
1363 5384 1406 5457 lo
1430 5392 1566 5461 mundo
1616 5388 1711 5459 vitae
1725 5403 1898 5460 aeternae.

571 5506 665 5579 erat,
691 5506 726 5564 et
743 5494 900 5563 mundus
913 5514 977 5585 per
992 5514 1073 5561 eum
1091 5490 1204 5562 lactus
1226 5504 1289 5560 est.
1337 5488 1486 5562 Constat
1502 5517 1567 5565 au·
1719 5488 1764 5561 Et
1778 5492 1909 5562 diserte
1924 5493 2031 5575 dicit,
2057 5496 2140 5581 lilii,
2165 5512 2204 5568 ut
2225 5500 2405 5569 discernat
2416 5496 2632 5568 Ecclesiam

570 5612 640 5667 tem
671 5598 847 5667 mundum
878 5618 953 5667 non
982 5614 1056 5663 esse
1078 5594 1261 5664 conditum
1285 5615 1349 5685 per
1369 5586 1564 5664 humanam
1616 5594 1949 5688 electamapopulo
1973 5597 2072 5688 legis.
2130 5598 2199 5669 Hic
2220 5602 2315 5671 euim
2340 5601 2476 5671 dicitur
2500 5626 2632 5690 popu·

567 5712 731 5769 naturam
747 5693 903 5782 Christi,
929 5719 1013 5785 ergo
1028 5718 1167 5765 necesse
1183 5706 1236 5765 est
1251 5694 1289 5765 in
1308 5719 1351 5763 eo
1369 5709 1403 5765 et
1417 5698 1566 5769 alteram
1614 5696 1690 5781 lus,
1716 5696 1799 5790 quia
1816 5696 1855 5766 io
1873 5712 2015 5771 aeterua
2034 5704 2160 5792 politia
2175 5705 2284 5774 servit
2298 5700 2395 5788 Deo,
2427 5718 2464 5773 et
2488 5706 2629 5794 accipi

568 5815 733 5874 naturam
760 5824 834 5871 esse
862 5801 1018 5893 priorem
1048 5798 1258 5869 conditione
1288 5798 1435 5883 mundi,
1474 5824 1566 5893 quae
1614 5798 1869 5891 promissiones
1885 5806 2105 5895 corporales,
2138 5804 2277 5877 etiamsi
2299 5806 2480 5878 iusticiam
2506 5822 2547 5875 et
2580 5814 2624 5875 vi

565 5928 646 5976 cum
663 5917 763 5997 patre
777 5917 922 5977 aeterno
938 5924 994 5975 res
1010 5898 1183 5976 condidit.
1222 5897 1302 5971 Hoc
1318 5900 1564 5974 testimouium
1613 5915 1686 5974 tam
1700 5916 1880 5975 aeternam
1895 5906 2003 5979 multi
2019 5932 2092 5978 uon
2108 5908 2342 6007 accipiebant,
2366 5910 2427 5979 sed
2444 5908 2518 5978 filii
2542 5936 2632 5999 pru.

625 4326 677 4401 In
704 4324 844 4400 mundo
871 4334 969 4408 erat,
994 4334 1027 4397 el
1044 4318 1206 4395 mundos
1220 4322 1421 4423 peripsum
1439 4327 1573 4427 soclus

678 4442 749 4520 est,
777 4441 810 4503 ct
835 4424 998 4501 mundus
1023 4452 1103 4499 eum
1129 4452 1204 4499 non
1231 4428 1408 4523 coguovit.
