5825 6950
335 705 430 785 1249
553 694 656 773 1111.
707 690 747 771 6.
772 691 1079 775 salutatio
1103 690 1259 769 EPlS'l'.
1286 683 1435 764 PAULI
1462 679 1530 760 An
1555 670 1914 757 COLOSSENSES.
1967 672 2074 751 CAP.
2099 670 2149 749 ll.
2255 661 2354 751 1250

328 880 430 950 vitam
451 885 642 947 aeternam.
691 866 789 942 Haec
811 870 900 942 falso
922 853 1135 945 extruuntur
1155 892 1198 939 ex
1222 858 1306 959 pbi-
1357 886 1433 933 non
1456 858 1636 957 quaelibet
1665 848 1804 922 somnia
1825 861 1886 919 aut
1908 839 2117 940 sophisticas
2142 848 2348 941 praestigias
2391 866 2398 883 ‘

325 974 500 1070 losopbia,
532 996 623 1071 qnae
644 996 720 1045 non
742 974 905 1068 loquitur
922 978 969 1044 de
990 988 1131 1046 aeterna
1153 969 1305 1055 iusticia,
1355 980 1391 1038 ει
1413 962 1650 1054 corruptelas,
1677 953 1800 1051 quales
1821 949 1925 1023 multi
1948 963 2171 1043 sparserunt,
2195 966 2236 1025 ut
2251 948 2343 1044 lllpi-

326 1086 367 1154 de
385 1094 524 1153 aeterna
549 1078 643 1160 rita,
679 1098 746 1147 nec
768 1079 812 1145 de
833 1076 1040 1146 remissione
1066 1085 1303 1168 peccatorum,
1353 1068 1471 1147 curci,
1496 1065 1628 1144 Stoici,
1653 1050 1867 1153 Pyrrhonii,
1891 1050 2017 1147 Cynici
2034 1052 2158 1125 etalii.

324 1187 380 1257 sed
395 1184 438 1253 de
453 1180 609 1252 rectione
624 1178 857 1249 locomotivae
872 1178 912 1247 in
927 1178 1080 1249 externis
1095 1177 1263 1269 gestibus.
1451 1168 1596 1242 Deinde
1619 1160 1689 1235 boc
1717 1180 1859 1254 quoqne
1878 1156 2060 1226 sciendum
2089 1168 2158 1241 est,
2182 1166 2275 1225 artes
2297 1176 2339 1223 ex

416 1281 565 1355 Necesse
585 1280 695 1372 igitur
713 1295 765 1352 est
779 1280 869 1351 scire
889 1280 1096 1351 discrimina
1118 1277 1301 1351 doctrina·
1351 1271 1431 1344 luce
1446 1269 1601 1344 naturali
1619 1281 1714 1338 ortas
1736 1258 1866 1331 babere
1882 1280 1962 1328 suas
1976 1268 2105 1341 metas,
2129 1270 2165 1329 et
2179 1255 2337 1327 iudicare

322 1410 416 1469 rum,
439 1410 480 1457 ac
503 1385 624 1475 regula
645 1378 797 1454 tenenda
813 1394 866 1455 est
888 1385 921 1456 1.
938 1377 1099 1457 Timotb.
1114 1378 1169 1457 4.:
1204 1374 1299 1451 Om·
1350 1376 1396 1446 de
1409 1371 1485 1462 bis,
1507 1370 1699 1467 dequibus
1722 1378 1855 1435 mentes
1877 1356 2056 1431 laumanae
2071 1358 2237 1430 convinci
2253 1378 2337 1451 pos-

323 1489 376 1561 nis
395 1502 552 1559 creatura
575 1483 645 1555 Dei
665 1486 761 1556 buna
785 1499 858 1572 est,
892 1498 928 1557 et
950 1480 1044 1555 nibil
1065 1483 1298 1555 reiiciendum
1349 1491 1453 1566 sunt,
1486 1476 1582 1547 iusta
1604 1463 1785 1568 κριτήρια.

323 1593 412 1687 qnod
432 1614 514 1684 curn
536 1589 729 1680 gratiarum
745 1586 884 1659 actione
905 1588 1075 1659 sumitur:
1100 1586 1298 1657 sanctifica·
1451 1578 1522 1653 Sed
1559 1589 1700 1671 praeter
1736 1582 1830 1640 artes
1864 1589 1921 1636 ex¹
1936 1566 2016 1637 luce
2052 1563 2206 1636 naturali
2241 1574 2338 1635 ortes

321 1692 491 1765 turenim
514 1691 745 1782 perverbum
761 1690 833 1763 Dei
855 1704 890 1763 et
913 1690 1163 1783 precationem.
1209 1682 1299 1759 Esse
1349 1680 1445 1755 Deus
1473 1678 1713 1773 singularibus
1736 1668 1948 1747 testimoniis
1971 1662 2205 1757 Evangelinm
2234 1686 2336 1735 rere-

322 1808 432 1867 aotem
455 1792 607 1865 noticias
627 1794 806 1865 naturales
824 1794 995 1887 quasdam
1019 1812 1120 1863 veras
1142 1791 1182 1860 in
1200 1810 1298 1859 crea-
1348 1784 1454 1871 lavit,
1480 1787 1601 1856 desua
1624 1777 1773 1853 essentia
1789 1784 1824 1844 et
1837 1772 2039 1869 voluntate,
2064 1792 2105 1841 ac
2120 1766 2334 1839 nominatim

321 1896 411 1969 tione
423 1894 604 1967 mentibus
619 1890 807 1965 bominum
827 1896 969 1975 insitas,
993 1906 1187 1988 quaesunt
1209 1912 1298 1962 nor·
1348 1888 1394 1957 de
1417 1887 1492 1959 lilio
1516 1900 1551 1958 et
1571 1886 1616 1955 da
1642 1876 1878 1974 promissione
1899 1873 2051 1963 gratiae,
2092 1870 2182 1943 sicut
2206 1872 2238 1939 l.
2260 1864 2346 1955 Co-,

321 2022 393 2067 mae
412 1998 570 2069 veritatis
582 2010 617 2068 et
632 1997 876 2079 certitudinis,
901 2012 944 2070 ut
958 2018 1211 2080 numerorum,
1236 2015 1297 2063 or·
1348 1986 1459 2061 rintb.
1478 1992 1509 2065 1.
1532 1987 1680 2059 dicitur:
1706 1977 1799 2054 Cum
1821 1979 1978 2047 muudus
1995 1996 2068 2043 non
2086 1984 2205 2043 nosset
2217 1966 2334 2043 Deum

320 2100 426 2185 dinis,
451 2099 664 2190 figurarum,
688 2099 808 2190 legum
826 2098 1043 2171 naturalium
1064 2100 1110 2169 de
1124 2096 1298 2180 moribus,
1348 2092 1388 2162 in
1399 2091 1573 2187 sapientia
1587 2114 1652 2182 per
1672 2080 1901 2178 sapientiam,
1926 2075 2060 2170 placuit
2077 2072 2154 2146 Deo
2169 2095 2232 2166 per
2245 2072 2336 2144 stul-

322 2217 354 2273 et
373 2196 736 2296 physica-principia,
759 2224 802 2269 ex
824 2202 954 2296 quibus
974 2214 1189 2272 extruuntur
1202 2196 1298 2271 rnul-
1348 2209 1420 2266 tam
1437 2192 1737 2297 praedicationem
1752 2186 1867 2257 salvos
1881 2180 1996 2251 facere
2012 2180 2204 2250 credentes.
2248 2172 2333 2245 ldeo

322 2318 372 2375 tae
391 2317 483 2375 artes
503 2304 731 2375 manifestum
754 2317 824 2389 est,
851 2319 887 2376 et
911 2304 1055 2399 quidem
1071 2297 1204 2373 Paulus
1228 2322 1297 2371 no·
1349 2299 1393 2368 de
1409 2298 1559 2372 essentia
1575 2310 1609 2367 et
1626 2292 1809 2367 voluntate
1826 2279 1892 2354 Dei
1908 2281 2134 2353 statuendum
2148 2290 2216 2365 est,
2235 2274 2334 2349 iuxta

320 2405 425 2476 minat
447 2405 544 2497 leges
558 2406 737 2478 naturales
753 2406 934 2478 veritatem
953 2405 1041 2490 Dei,
1066 2419 1101 2478 et
1117 2403 1167 2476 ait
1182 2403 1296 2494 legem
1347 2398 1602 2491 Evangelinm,
1628 2418 1702 2467 non
1723 2393 1820 2463 iusta
1843 2378 2121 2479 pbilosopbiam.

318 2507 474 2599 scriptam
501 2530 576 2579 esse
598 2508 638 2577 in
659 2507 839 2579 cordibus.
888 2504 945 2579 Et'
956 2506 1182 2578 manifestum
1201 2519 1255 2575 est
1276 2526 1298 2575 a
1451 2500 1531 2573 Hoc
1544 2498 1734 2571 discrimen
1752 2487 1994 2565 doctrinarum
2016 2482 2169 2573 intelligi
2192 2500 2335 2551 necesse

318 2606 386 2681 Deo
406 2611 555 2702 probari
569 2610 879 2697 numerationem,
902 2609 1150 2702 scriptionem,
1173 2606 1298 2679 lectio·
1349 2620 1420 2692 est,
1445 2606 1581 2677 et'suus
1595 2602 1722 2695 cuique
1739 2597 1837 2665 locus
1850 2586 2064 2661 tribuendus
2081 2599 2151 2670 est,
2176 2597 2211 2655 ει
2226 2578 2334 2653 buius

319 2734 410 2798 nem,
440 2708 778 2790 architectonicam.
809 2726 923 2782 artem
956 2712 1150 2796 medicam,
1185 2723 1220 2781 et
1252 2710 1298 2779 dc
1348 2706 1568 2781 discriminis
1588 2702 1833 2774 confusionem
1846 2694 1992 2763 damnat
2005 2686 2157 2771 Paulus,
2181 2708 2256 2757 non
2280 2683 2336 2759 vi,

319 2809 503 2885 architecto
519 2811 777 2886 diciturExod.
797 2814 874 2885 ata
910 2812 1007 2887 Deus
1032 2811 1195 2904 implevit
1217 2834 1299 2881 eum
1350 2823 1491 2903 tuperat
1521 2830 1620 2879 veras
1641 2804 1812 2883 noticias,
1853 2816 1943 2887 quae
1965 2802 2050 2864 suot
2070 2790 2193 2861 lumen
2216 2810 2236 2861 a
2256 2783 2335 2860 Deo

318 2910 376 2986 bac
390 2917 578 3008 sapientia.
612 2914 660 2986 lit
674 2915 762 2986 anni
777 2918 951 2988 rationem
969 2916 1143 2986 eruditam
1155 2911 1253 2985 Deus
1264 2927 1301 2983 et
1349 2914 1555 2997 conditum,
1580 2910 1608 2979 si
1626 2920 1719 2979 recte
1735 2897 2057 2975 accommodentur.

322 3017 461 3091 instituit
502 3032 539 3091 et
562 3018 738 3104 ostendit,
775 3028 810 3090 et
842 3040 1029 3089 numerare
1062 3014 1162 3089 Dens
1190 3016 1300 3090 iubet.
1453 3014 1640 3089 Secundus
1661 3008 1788 3079 modos
1810 3000 2086 3091 imposturarum
2115 2991 2254 3063 lucilius
2278 2989 2337 3061 in·

321 3117 462 3211 linguas
486 3143 559 3191 esse
570 3123 706 3191 donum
720 3119 877 3212 Spiritus
899 3122 1012 3191 saneti
1034 3114 1182 3189 historia
1198 3114 1300 3207 Apo·
1352 3116 1465 3207 telligi
1482 3128 1610 3211 potest,
1636 3112 1720 3204 quia
1737 3110 1829 3179 circa
1843 3114 2005 3173 externos
2023 3109 2141 3183 gestos
2162 3105 2337 3175 versatur,

320 3223 488 3297 stolorurn
512 3222 684 3307 ostendit,
708 3236 743 3293 et
764 3224 809 3293 de
825 3234 901 3293 arte
921 3222 1058 3291 medica
1078 3221 1211 3291 dicitur
1231 3216 1301 3314 Sy·
1351 3223 1414 3317 qui
1436 3222 1626 3290 incurrunt
1642 3216 1680 3283 in
1697 3209 1836 3290 oculos,
1866 3214 1908 3273 nt
1926 3222 2005 3271 cum
2028 3196 2068 3271 in
2089 3197 2228 3267 deserto
2253 3190 2339 3263 Mo-

318 3326 445 3396 racidae
458 3326 548 3400 &Sa
574 3323 671 3396 Deus
691 3325 792 3395 dedit
807 3320 1016 3395 bominibus
1030 3323 1233 3409 scientiam,
1259 3334 1303 3392 ut
1351 3346 1408 3397 ses
1428 3321 1564 3393 diutiu's
1587 3320 1723 3389 abesset
1739 3336 1760 3383 a
1779 3315 1966 3397 conspecto
1990 3297 2133 3396 populi,
2158 3292 2340 3367 concurrit

319 3426 531 3516 parificetur
552 3429 592 3498 in
617 3428 844 3499 mirabilibus
864 3426 958 3515 suis,
983 3421 1051 3498 boc
1071 3440 1142 3509 est,
1170 3425 1302 3498 utsin·
1353 3425 1569 3506 multitudo,
1611 3434 1646 3494 et
1673 3412 1829 3509 postulat
1856 3403 1996 3478 institui
2024 3412 2160 3471 serlum
2191 3398 2338 3469 tullum·

319 3531 440 3619 colaris
460 3531 621 3600 ellicacia
647 3529 685 3600 in
707 3524 857 3620 singulis
876 3529 1043 3600 remediis
1064 3529 1109 3599 sit
1141 3529 1302 3600 testimo·
1354 3528 1480 3604 Aaron
1513 3525 1621 3614 igitur
1650 3518 1825 3614 Aegyptio
1859 3532 1959 3580 more
1993 3502 2146 3574 vitulum
2178 3500 2340 3570 collocat.
2374 3569 2381 3576 ,

320 3619 412 3704 nium
428 3635 480 3703 de
497 3633 719 3724 providentia
737 3631 822 3719 Dei,
837 3633 934 3728 quod
952 3633 999 3702 ad
1016 3654 1099 3702 usus
1114 3627 1302 3702 bominum
1355 3631 1410 3704 lbi
1429 3628 1643 3710 sacrificant,
1670 3638 1704 3694 et
1727 3617 1879 3717 populus
1893 3607 1988 3681 carsit
2001 3600 2153 3701 hymnus
2165 3601 2340 3673 distribu-

320 3758 369 3808 res
389 3737 557 3808 conditae
581 3735 665 3810 sint.
1356 3751 1413 3807 tus
1429 3733 1468 3802 in
1484 3726 1623 3802 choros.
1664 3723 1717 3796 lta
1734 3737 1858 3791 omnes
1875 3707 2039 3784 homines
2055 3707 2132 3778 sine
2148 3706 2225 3778 luce
2239 3697 2356 3772 verbi
2397 3731 2400 3738 ¹

411 3841 662 3930 Agnoscamus
674 3835 783 3928 igitur
796 3850 888 3908 artes
901 3848 1077 3908 extructas
1093 3859 1135 3907 ex
1149 3833 1307 3921 noticiis,
1356 3838 1425 3912 Dei
1439 3835 1581 3924 fingunt
1596 3827 1664 3898 sibi
1680 3822 1828 3896 numina
1844 3831 1879 3889 et
1890 3827 2052 3885 externos
2066 3819 2194 3899 gestus.
2245 3796 2342 3876 lteb-

321 3963 403 4034 quae
434 3943 481 4010 in
514 3939 690 4010 creatione
728 3936 919 4010 hominum
958 3939 1137 4010 ruentibus
1177 3937 1304 4008 insitae
1357 3939 1430 4010 nici
1447 3937 1486 4006 in
1501 3930 1668 4028 periculis
1687 3925 1773 3998 belli
1795 3917 2016 3992 collocabant
2034 3923 2185 3982 statuam
2201 3903 2342 3989 Martis,

266 4081 270 4091 ’
321 4057 416 4130 ⁸⁰⁰¹,
442 4064 523 4116 ΕΜ
542 4067 596 4114 ¹²³
612 4043 724 4112 b0¹¹t⁸
741 4056 775 4113 ⁰2
791 4037 870 4112 Del
882 4044 1043 4126 dona,et
1057 4039 1200 4134 quidem
1214 4037 1306 4110 scia·
1357 4057 1392 4114 et
1413 4039 1594 4110 addebant
1608 4033 1715 4114 ritus,
1740 4041 1779 4098 ut
1794 4023 1974 4098 Saliorum
1989 4013 2157 4086 earmina.
2207 4005 2344 4080 Mulie-

322 4169 394 4215 mus
409 4169 488 4216 esse
510 4144 868 4216 commonefactiones
883 4158 917 4216 et
934 4144 1134 4214 testimonia
1152 4144 1196 4212 de
1213 4141 1308 4226 Deo,
1358 4164 1415 4216 aes
1435 4153 1585 4236 propter
1614 4131 1769 4224 pericula
1800 4138 1921 4218 partus
1944 4117 2167 4190 collocabant
2190 4122 2343 4184 statuam

321 4248 745 4339 quiaostenduntDeusn
771 4270 845 4318 esse
864 4246 1079 4338 sapientem,
1106 4257 1141 4315 et
1161 4246 1307 4339 quidem
1359 4244 1528 4321 lunonis,
1561 4251 1596 4309 et
1615 4237 1669 4308 ibi
1688 4245 1783 4305 certo
1807 4228 1915 4298 modo
1937 4218 2189 4293 sacrificabant.
2246 4209 2345 4280 llaec

323 4349 373 4420 lex
394 4366 548 4422 craturae
573 4365 720 4420 testator
738 4373 813 4420 esse
836 4345 973 4427 Deum,
1007 4359 1042 4418 et
1065 4349 1168 4418 docet
1191 4346 1307 4440 qualis
1359 4351 1409 4422 ita
1425 4343 1603 4416 cumulata
1621 4349 1723 4421 stant,
1749 4347 1790 4404 ut
1804 4323 2013 4402 accesserint
2032 4315 2260 4404 mactationes
2276 4307 2345 4382 bo·

320 4453 381 4540 sit,
404 4452 581 4525 discernit
598 4476 678 4522 euro
695 4477 713 4521 a
729 4451 832 4521 malis
847 4449 1002 4536 naturis,
1016 4464 1050 4518 et
1065 4462 1213 4520 testatur
1229 4447 1307 4516 rin·
1359 4450 1518 4531 minum,
1542 4443 1625 4538 quia
1648 4435 1812 4510 homines
1836 4453 1910 4502 sese
1932 4423 2060 4518 punire
2081 4413 2214 4506 insigni
2235 4411 2345 4486 modo

324 4557 432 4627 dicem
450 4578 537 4625 esse.
589 4554 674 4623 ldeo
698 4553 902 4625 dulcissime
926 4551 1044 4646 inquit
1065 4549 1185 4620 Plato:
1211 4545 1308 4620 Gra·
1360 4551 1549 4632 volebant,
1572 4561 1613 4617 ut
1633 4539 1772 4612 reniam
1795 4538 2027 4602 mererentur.
2321 4611 2332 4630 ·

324 4671 392 4727 tarn
415 4663 460 4729 de
477 4655 553 4727 Deo
576 4657 704 4727 lamam
727 4657 765 4724 in
790 4656 927 4725 artibus
950 4675 1105 4747 sparsam
1128 4675 1213 4722 esse.
1262 4649 1310 4723 Et
1463 4647 1558 4720 llaec
1573 4644 1697 4738 opinio
1715 4635 1830 4708 meriti
1848 4630 1941 4724 apud
1960 4642 2083 4697 omnes
2101 4614 2236 4689 Gentes
2252 4623 2350 4686 anast
2496 4687 2503 4694 ,

325 4757 492 4830 Salomon
510 4759 644 4852 inquit:
671 4753 721 4829 Ut
737 4758 861 4827 oculus
880 4757 999 4827 rideat
1013 4767 1048 4824 et
1063 4755 1159 4825 auris
1176 4753 1311 4838 audiat,
1361 4750 1597 4834 ceremonias,
1623 4761 1657 4816 ει
1672 4747 1893 4815 accesserunt
1909 4725 2044 4801 diaboli
2057 4719 2233 4804 ludibria,
2257 4736 2350 4812 quac

323 4859 417 4933 Deus
444 4861 532 4934 iacit
561 4873 760 4953 utrunque,
791 4853 861 4928 boc
888 4872 958 4942 est,
991 4857 1114 4926 lumen
1135 4857 1174 4924 in
1197 4855 1311 4926 oculis
1363 4855 1585 4948 impulerunt
1610 4843 1776 4920 homines
1797 4840 1841 4909 ad
1865 4831 2069 4904 manifestas
2100 4819 2351 4913 turpitudines,
2480 4891 2483 4897 ,

326 4980 359 5034 ει
374 4966 413 5035 in
431 4978 549 5034 mente
565 4976 726 5036 creatura
747 4961 813 5032 [lei
831 4974 901 5040 est,
928 4973 963 5031 et
986 4959 1100 5031 multo
1118 4961 1229 5049 magis
1251 4981 1311 5028 ει·
1362 4965 1585 5030 accesserunt
1607 4965 1643 5022 et
1665 4945 1743 5018 ludi
1765 4939 2003 5032 ingeniorum.
2056 4925 2099 4998 ln
2113 4922 2219 5016 Argis
2239 4934 2279 4992 ut
2295 4941 2352 4990 es·

327 5068 458 5137 cellans
474 5067 598 5137 lumen
614 5065 652 5134 in
669 5063 925 5138 excellentibus
938 5060 1144 5136 artificibus.
1363 5071 1443 5132 sent
1465 5054 1605 5126 loelicia
1627 5045 1811 5136 coniugia,
1849 5038 2032 5112 colebatur
2060 5040 2173 5099 statua
2202 5022 2363 5094 lunonis.

427 5168 588 5239 Primum
606 5189 690 5256 ergo
712 5166 906 5257 rogitantes
928 5165 973 5236 de
995 5163 1150 5248 artibus,
1176 5161 1313 5233 sontem
1364 5177 1490 5234 tenens
1506 5158 1545 5228 in
1562 5154 1705 5226 sinistra
1729 5165 1874 5241 pomum
1896 5137 2088 5233 punicum·
2112 5130 2157 5199 ld
2173 5125 2275 5244 quod
2291 5123 2356 5193 δᾶ·

325 5271 518 5362 sapieotiae
568 5269 683 5340 Deum
734 5289 965 5359 agnoscamus
1007 5279 1043 5336 et
1082 5265 1314 5336 celebremus.
1365 5263 1511 5332 volabat
1538 5257 1702 5338 castulus,
1731 5264 1767 5321 et
1792 5247 1975 5316 linxerunt
1999 5235 2119 5307 lovem
2151 5237 2267 5320 sp'ecse
2291 5245 2353 5342 cu-

326 5371 467 5444 Deinde
485 5372 638 5457 artibus,
664 5371 748 5462 quia
769 5385 879 5443 totam
895 5370 1004 5439 vitam
1021 5366 1242 5460 corporalem
1260 5389 1316 5436 re-
1345 5365 1438 5436 'culi
1466 5360 1622 5456 primum
1641 5358 1684 5427 ad
1703 5351 1877 5426 lunonem
1894 5341 2042 5414 venisse.
2094 5330 2147 5404 lta
2168 5324 2357 5440 horribili·

326 5489 436 5564 gunt,
455 5489 600 5548 utamur
621 5473 712 5545 sicut
729 5473 853 5558 iussit,
878 5481 912 5541 et
933 5493 1000 5563 pro
1022 5466 1073 5539 eis
1094 5467 1224 5560 gratias
1239 5464 1317 5539 Deo
1369 5481 1425 5537 ter
1439 5460 1619 5538 humanae
1640 5469 1777 5528 mentes
1803 5449 1878 5521 sine
1902 5444 1981 5516 lnce
2005 5435 2104 5508 verbi
2129 5445 2163 5502 et
2183 5423 2359 5545 sincSpa-

327 5574 487 5667 agamus.
539 5576 579 5648 Si
603 5576 666 5670 qrsi
691 5575 897 5668 vituperant
923 5585 1035 5657 artes,
1066 5570 1195 5642 luriosi
1217 5581 1321 5650 sunt,
1370 5566 1446 5639 ritu
1474 5575 1596 5637 sancto
1625 5551 1853 5630 contumeliis
1882 5566 2006 5617 verum
2037 5537 2153 5610 Deum
2182 5527 2363 5644 alliciunt,

329 5693 363 5750 et
381 5693 512 5750 nocent
529 5675 718 5750 bominum
732 5679 845 5760 ritae,
869 5688 904 5745 et
918 5671 1036 5745 Deum
1053 5687 1215 5743 autorem
1232 5695 1322 5743 con·
1372 5669 1465 5740 sicut
1480 5669 1519 5738 in
1535 5663 1690 5734 Ecclesia
1704 5659 1795 5730 ritus
1811 5645 1994 5742 depravati
2017 5650 2119 5718 sunl,
2144 5643 2179 5702 el
2193 5627 2383 5701 Ulmum?

332 5782 483 5852 tumelia
508 5781 681 5852 aibciunt.
738 5777 896 5850 Nomina
919 5787 1037 5846 autem
1057 5769 1324 5866 philosophiam
1374 5783 1492 5861 gestus
1514 5763 1657 5839 etbnico
1681 5779 1798 5842 more,
1833 5751 2024 5824 collocatae
2046 5748 2130 5811 snut
2151 5745 2306 5814 statuae,
2330 5737 2368 5798 et

330 5903 395 5954 seo
410 5897 503 5954 artes
517 5883 668 5955 noticias
674 5879 933 5975 principiorum
949 5876 1327 5964 etdemonstrstiones,
1375 5875 1422 5946 ad
1442 5892 1502 5944 cas
1522 5868 1621 5942 velut
1641 5866 1686 5938 ad
1710 5857 1859 5932 numina
1884 5863 2096 5923 concursum
2118 5849 2192 5923 est,
2216 5833 2370 5906 circum·

383 5982 572 6058 Menan.
598 5990 704 6059 Orsa.
726 5985 811 6054 Vos.
838 5983 920 6054 XV.
1835 5953 1886 6026 7⁹
