5825 6950
337 697 386 771 ts
756 697 838 772 ΧΠ.
894 695 1197 775 ENARRATIO
1223 696 1273 770 IN
1301 695 1488 772 EVANG.
1517 635 1733 772 lOANNlS.
1787 696 1894 774 CAP.
1924 701 1952 772 l.
2311 703 2397 778 ‘50‘

336 870 369 936 io
392 867 523 956 gratia,
549 880 611 939 ant
628 870 772 953 dicunt,
794 865 978 943 hominem
999 872 1131 943 iustum
1147 893 1221 942 esse
1239 895 1323 964 pro·
1427 868 1484 944 Ut
1499 870 1759 969 manifestetur
1773 841 1936 955 Isrue'ii,
1963 867 2044 944 ideo
2062 870 2145 944 veni
2162 897 2227 969 ego
2244 873 2370 975 bapti-

335 987 408 1062 pter
419 971 586 1062 proprias
606 971 771 1044 virtutes:
792 979 853 1044 sed
869 975 961 1046 inira
977 977 1022 1043 de
1038 977 1161 1045 eadem
1177 977 1324 1044 materia
1477 998 1572 1044 auus
1590 998 1703 1072 aqua.

336 1095 453 1142 ¹⁰¹⁸¹¹⁸
471 1077 625 1150 dffefflf·
1453 1125 1565 1216 Quasi
1583 1128 1692 1197 dicat:
1720 1125 1844 1200 Meum
1864 1129 2101 1200 ministerium
2120 1130 2292 1201 divinitus
2311 1132 2369 1200 in-

379 1241 455 1313 Hic
481 1253 554 1325 est,
581 1239 720 1343 dequo
742 1266 808 1341 ego
831 1241 936 1318 dalei,-
961 1237 1053 1315 Post
1074 1245 1324 1329 mammis,
1375 1228 1538 1300 stitutum
1562 1243 1633 1314 est,
1659 1241 1698 1300 ut
1724 1229 1790 1299 sim
1816 1229 1929 1316 testis,
1962 1233 2041 1326 quis
2066 1231 2112 1302 sit
2132 1229 2299 1314 Messias,
2334 1248 2368 1304 et

427 1345 500 1444 qm·
513 1355 604 1416 0121,
615 1371 673 1416 m,
687 1357 751 1422 Μ,
1376 1331 1482 1424 quale
1504 1331 1549 1402 sit
1571 1332 1734 1402 futurum
1758 1332 1833 1402 eius
1850 1355 2014 1421 regnum.
2063 1330 2160 1402 Haec
2176 1332 2272 1404 Deus
2290 1339 2367 1406 vult

1375 1433 1533 1525 patelieri
1556 1431 1755 1519 Ecclesiae,
1788 1435 1865 1505 vult
1896 1451 2014 1506 extare
2036 1447 2128 1504 certa
2152 1437 2365 1522 testimonia,

346 1585 408 1678 quia
421 1601 592 1677 utsupra
611 1588 830 1673 dictumest,
853 1581 941 1657 haee
953 1600 1005 1658 est
1018 1587 1094 1656 eius
1108 1587 1259 1668 vocatio,
1282 1601 1323 1658 ut
1375 1535 1452 1654 ”lh
1470 1537 1541 1605 ΜΕ
1555 1536 1670 1628 Margi
1689 1559 1808 1654 vicem
1827 1533 2016 1629 E⁹³¹¹3elil
2034 1538 2109 1657 ὐἷ’
2132 1538 2210 1608 v¹¹¹²
2222 1542 2363 1627 ³3⁰⁰⁸⁰l

1375 1637 1509 1723 filium,
1541 1652 1581 1708 ut
1611 1638 1715 1708 mults
1747 1639 1940 1713 salventur.
1988 1637 2167 1710 Maximae
2198 1664 2253 1710 res
2280 1656 2365 1710 sunt

343 1701 446 1760 meoet
466 1713 557 1758 nova
580 1691 781 1762 testamenti
795 1689 1115 1782 praedicationem,
1141 1691 1323 1782 etbaptrs-
1353 1741 1556 1825 'omnium’
1584 1763 1674 1834 quae
1698 1740 1844 1830 cogitari
1867 1757 2033 1832 possum,
2057 1741 2178 1810 missio
2203 1743 2266 1810 filii
2285 1741 2364 1824 Dei,

342 1815 444 1874 Μ’
464 1804 645 1862 m⁰⁰⁸¹¹⁸¹
667 1815 783 1890 ῬΜ
808 1789 995 1876 Me⁸⁸'³¹¹¹’
1019 1805 1054 1861 ‘⁸
1075 1805 1169 1862 ’Μ
1187 1815 1323 1864 emm
1374 1865 1471 1912 mors
1494 1855 1529 1913 et
1548 1843 1758 1912 resurrectio
1774 1841 1866 1929 eius,
1892 1843 2065 1912 redemtio
2083 1843 2221 1930 generis
2235 1837 2364 1914 huma·

342 1889 801 1985 ffllffl‘ffi'l‘mlwm’
826 1889 1087 1967 ¹¹²V⁰⁰¹b⁰¹⁰¹⁰
1126 1892 1323 1982 suprnn‘
1374 1943 1430 2012 ni:
1457 1939 1522 2014 has
1544 1958 1658 2015 tantas
1678 1941 1847 2015 resDeus
1867 1969 1941 2013 non
1965 1945 2042 2014 volt
2063 1945 2154 2014 clam
2171 1945 2209 2014 in
2224 1947 2361 2018 mundo

342 2009 399 2064 ¹²⁰¹
414 1995 677 2066 d‘tlmwmm
693 1993 778 2064 hm
794 1997 918 2066 ΨΜ
943 1992 1012 2065 Hm
1027 2009 1079 2066 ²⁵²
1094 2020 1150 2064 m
1170 2009 1249 2086 ΡΜ
1265 2019 1322 2065 me
1374 2047 1451 2116 sine
1475 2047 1578 2116 certis
1601 2061 1634 2116 et
1655 2047 1855 2117 illustribus
1876 2047 2088 2118 testimoniis
2102 2048 2197 2126 lieri,
2222 2051 2361 2118 tametsi

344 2112 518 2182 'mmm’
546 2099 593 2167 ὼ
616 2099 733 2168 ⁰ffi⁰i⁰
753 2098 932 2190 ¹⁰q⁰i¹⁰¹3
968 2097 1052 2190 φήῃ
1072 2097 1221 2168 M²⁸³i⁸⁵
1242 2113 1322 2190 ΡΜ
1374 2149 1478 2219 aliter
1498 2144 1586 2219 haec
1607 2150 1816 2219 admiranda
1832 2145 1899 2218 Dei
1922 2150 2012 2218 facta
2034 2163 2068 2220 et
2086 2149 2257 2218 herreficia
2276 2174 2363 2221 con·

344 2196 697 2370 {tuttmfbwlm
716 2202 1177 2319 mnmmmi’idquem
1194 2223 1322 2320 ΜΨ
1373 2251 1594 2341 spiciuutnr,
1633 2275 1739 2344 quam
1762 2249 1956 2321 Alexandri
1986 2262 2046 2320 atrt
2076 2251 2160 2320 Iulii
2183 2251 2361 2327 victoriae.

261 2350 262 2405 ;
407 2351 418 2381 ,
480 2309 749 2382 neronatuscst,
772 2304 1098 2382 etiactusvrctrma,
1121 2315 1157 2371 et
1171 2324 1323 2373 resusci-

354 2417 439 2472 tatus
481 2401 582 2475 Ante
596 2428 655 2474 me
670 2416 740 2489 est,
764 2405 802 2472 id
819 2417 888 2487 eat,
912 2405 1147 2497 praestantior
1161 2405 1272 2495 gloria
1287 2419 1323 2476 et

361 2505 529 2593 voodooe3
576 2507 660 2600 quia
683 2507 821 2578 vocatio
845 2505 997 2576 Messias
1024 2503 1132 2596 longe
1160 2507 1322 2598 superior

403 1479 554 1576 Repetit
577 1486 840 1571 testimonium,
865 1508 937 1579 quo
957 1498 1131 1556 monstrat
1143 1481 1324 1571 Messium,

1376 2351 1448 2423 Nos
1471 2354 1579 2443 igitur
1595 2351 1775 2446 Baptistae
1798 2352 1998 2422 testimonia
2022 2366 2057 2422 et
2073 2353 2260 2421 conciones
2277 2354 2362 2424 dili·
2462 2443 2467 2448 Ι

1373 2468 1497 2546 genter
1527 2457 1811 2538 consideremus,
1844 2455 1888 2524 ad
1918 2453 2023 2523 fidem
2052 2468 2208 2524 nostram
2232 2455 2363 2524 confir-

353 2621 394 2676 cst
419 2610 600 2680 vocatione
631 2608 792 2678 loannis:
828 2607 977 2679 Messias
998 2621 1049 2676 est
1071 2607 1224 2699 pretium
1252 2633 1318 2700 pro
1373 2558 1556 2676 mandam,
1583 2556 2245 2647 “adiungamum‘l‘m²⁹⁵¹i¹⁰⁰¹¹l³³
2270 2582 2361 2649 ‘luae

346 2731 454 2794 genere
466 2706 647 2794 humano,
674 2711 893 2795 etsalvator,
917 2709 1074 2802 Baptista
1090 2725 1141 2781 est
1158 2712 1321 2782 minister
1374 2683 1412 2726 ¹¹¹
1436 2660 1637 2750 ‘vangehca
1662 2655 1809 2729 h¹³⁸⁰¹¹³
1827 2671 2038 2740 ¹²⁰¹²³¹¹i¹¹le
2064 2673 2104 2728 ¹¹¹
2119 2655 2276 2740 M³f¹³⁰=
2302 2657 2361 2728 ¹⁰·

1291 2815 1300 2831 .
1372 2756 1479 2854 seph,
1517 2758 1728 2842 Zachariae,
1764 2759 1964 2845 Simeonis,
1995 2754 2202 2844 Elisabeth,
2232 2759 2360 2830 Annae

1372 2877 1407 2934 et
1422 2860 1697 2955 Apostolorum,
1723 2857 1852 2932 horum
1871 2865 2033 2932 omnium
2047 2862 2180 2930 mentio
2195 2861 2254 2946 lit,
2278 2887 2361 2952 pro·
2402 2889 2405 2896 ·

1372 2979 1451 3058 pter
1469 2962 1561 3037 hanc
1576 2967 1689 3059 ipsam
1705 2963 1863 3048 causam,
1886 2989 1976 3056 quae
1990 2960 2049 3035 hie
2065 2977 2281 3048 recensetur,
2306 2965 2362 3032 vi-

627 3079 731 3184 Quia
744 3087 1023 3185 prim-mmai,
1373 3067 1522 3155 delicet,
1565 3082 1604 3139 ut
1632 3069 1877 3137 manifestetur
1906 3063 2054 3136 Messias
2085 3065 2124 3133 in
2158 3064 2288 3155 lsrael,
2328 3081 2363 3138 et

343 2813 429 2929 vocis
438 2810 647 2904 Evangelii,
668 2827 709 2884 ut
722 2809 884 2907 Apostoli
907 2827 942 2884 et
961 2812 1088 2884 caeteri
1111 2814 1230 2886 lideles
1252 2839 1319 2882 ror-

339 2927 439 2982 utstrt.

427 3221 591 3293 Additur
604 3224 708 3309 ratio,
732 3247 797 3295 cur
813 3222 999 3294 antecellat
1013 3221 1212 3308 vocatione,
1237 3225 1319 3317 quia
1373 3185 1583 3260 ³⁸n⁰⁸⁰³mr
1596 3171 1634 3238 in
1651 3184 1724 3240 Μ
1738 3165 1909 3240 Eidem

333 3323 466 3412 iiim
483 3338 556 3444 ⁰⁵¹?
584 3340 729 3416 impiet
744 3350 850 3447 quim
872 3325 976 3443 ‘legii
998 3321 1099 3444 ΒΜ.
1115 3321 1321 3410 fflfflffl‘
1425 3365 1479 3437 Et
1503 3377 1656 3439 testatus
1680 3377 1731 3440 est
1748 3363 1910 3438 Ioannes
1957 3361 2097 3438 dicens:
2127 3362 2173 3441 V
2168 3363 2229 3438 idi
2241 3365 2363 3467 Spiri-

332 3443 488 3519 tempore
502 3440 610 3496 ettam
625 3442 811 3500 antecessu
823 3442 858 3500 et
874 3429 991 3497 adfuit
1007 3428 1188 3518 patribus,
1208 3427 1320 3520 Adae,
1919 3423 1929 3456 ’

331 3528 446 3615 Noae,
469 3525 660 3617 Abrahae,
684 3528 800 3613 Mosi,
825 3546 860 3603 et
870 3530 1016 3601 caeteris
1028 3532 1169 3604 sanctis.
1476 3482 1553 3542 mm
1568 3482 1736 3545 samium
1752 3482 1934 3571 tanquam
1950 3467 2176 3559 mlumbam’
2204 3481 2266 3547 ‘tc‘

1477 3626 1607 3699 Brevis
1632 3641 1686 3696 cst
1707 3626 1884 3711 narratio,
1919 3628 1978 3695 sed
2004 3626 2169 3696 nonalia
2192 3628 2361 3698 revelatio

587 3695 643 3767 El
658 3724 703 3796 (ὅ
703 3725 724 3772 ⁰
738 3726 814 3773 ”⁰⁰
832 3725 963 3773 ”mm
979 3724 1070 3773 ‘um‘
1374 3726 1551 3804 illustrior
1568 3730 1780 3801 describitur
1800 3732 1845 3797 de
1868 3729 1983 3798 tribus
2007 3728 2168 3817 personis
2190 3727 2363 3799 divinita-

430 3834 487 3907 De
510 3832 579 3907 hac
600 3838 772 3929 particula
794 3842 1012 3933 disputatur,
1034 3841 1213 3933 quomodo
1234 3836 1323 3911 haec
1373 3837 1441 3920 tis,
1467 3832 1619 3903 loannes
1634 3832 1731 3901 videt
1746 3844 1927 3901 aeternum
1943 3844 2097 3920 patrem,
2123 3842 2156 3897 et
2172 3829 2363 3899 testifican-

333 3939 560 4009 eooveniant.
595 3936 691 4010 Ante
705 3942 921 4031 baptismum
937 3956 1043 4013 norat
1058 3941 1208 4015 loannes
1225 3940 1324 4012 Mes-
1375 3952 1446 4009 tem
1464 3936 1619 4017 dehlio,
1645 3933 1806 4004 comsit:
1829 3930 2364 4024 Hicestliliusmeusdilectus,

333 4044 431 4129 siam,
455 4040 699 4113 condiceret:
721 4040 819 4114 Mihi
834 4070 923 4132 opus
937 4057 1000 4126 est,
1022 4059 1064 4117 ut
1077 4045 1140 4115 abs
1155 4059 1190 4115 te
1204 4045 1325 4136 bapti·
1375 4040 1473 4109 videt
1488 4054 1520 4109 et
1535 4037 1648 4107 filium
1665 4059 1782 4105 coram
1799 4047 1983 4115 astantem,
2009 4055 2185 4123 egressum
2202 4058 2243 4101 ex
2252 4036 2366 4127 aquis,
2455 4120 2460 4149 ι

332 4170 395 4215 rer.
437 4142 509 4213 llic
524 4168 609 4213 vero
625 4145 693 4231 ait,
718 4169 755 4215 se
770 4161 857 4218 tuuc
872 4150 1016 4219 demum
1032 4148 1217 4237 agnovisse
1230 4170 1324 4229 eum,
1375 4142 1474 4211 videt
1487 4154 1522 4211 et
1536 4138 1711 4231 Spiritum
1724 4150 1909 4221 sanctum,
1933 4134 1994 4228 qui
2011 4133 2234 4226 amplectitur
2250 4135 2363 4204 filium

334 4271 409 4317 eom
435 4247 527 4316 vidit
550 4248 596 4315 de
618 4246 716 4319 coelo
731 4246 904 4340 Spiritum
927 4264 1088 4321 sanetum
1106 4252 1324 4320 descenden-
1376 4243 1491 4335 specie
1514 4240 1709 4312 columbae.
1774 4236 1845 4307 Hic
1866 4260 1949 4327 ergo
1970 4236 2221 4307 discernuntur
2243 4259 2364 4326 perso-

333 4364 395 4420 tem
420 4372 533 4440 super
550 4370 644 4423 eum.
694 4346 747 4420 Ea
770 4352 939 4422 revelatio
961 4353 1052 4423 facta
1074 4364 1126 4423 est
1144 4375 1226 4422 mox
1244 4364 1325 4443 post
1376 4342 1467 4420 nae.'
1507 4343 1546 4417 si
1557 4342 1712 4434 Spiritus
1727 4352 1868 4411 sanctus
1882 4352 1966 4409 esset
1982 4350 2119 4409 tantum
2136 4338 2247 4407 motio
2265 4362 2364 4407 crea-

336 4452 557 4544 laptismum.
609 4448 706 4522 Haec
737 4448 966 4542 reprehensio
999 4450 1170 4525 historiae
1200 4453 1324 4523 odiosa
1376 4464 1412 4521 ta
1428 4450 1467 4517 in
1483 4447 1623 4531 animis,
1649 4470 1724 4515 non
1739 4454 1923 4536 appareret
1935 4441 2105 4527 singulari
2117 4440 2243 4530 specie,
2267 4455 2363 4510 extra

341 4572 396 4641 ἃ,
423 4568 461 4626 ct
478 4548 572 4622 nihil
586 4548 694 4624 hahet
710 4556 885 4629 utilitatis.
939 4555 1008 4628 Sed
1027 4570 1142 4647 potest
1155 4555 1325 4625 brevissi·
1376 4563 1513 4620 mentes
1533 4544 1732 4617 hominum.
1783 4546 1883 4615 Haec
1899 4558 1996 4614 tanta
2014 4542 2182 4611 revelatio
2197 4564 2271 4609 non
2284 4543 2364 4609 'sine

336 4684 385 4727 roe
398 4656 627 4748 responderi,
642 4660 737 4750 quod
751 4654 968 4729 hauddubie
982 4682 1107 4727 verum
1123 4671 1186 4742 est,
1201 4653 1324 4749 Bapti-
1376 4650 1592 4744 gravissimis
1606 4648 1718 4720 causis
1733 4641 1907 4727 exhibita,
1933 4660 1968 4716 et
1981 4644 2154 4733 descripta
2170 4656 2232 4715 est.
2285 4642 2366 4713 Ma·

334 4775 419 4833 stam
450 4759 574 4853 aliqua
610 4759 742 4849 insigni
774 4761 992 4832 revelatione
1024 4760 1180 4853 Spiritus
1213 4759 1324 4829 sancti
1378 4756 1431 4846 gis
1455 4776 1640 4824 movemur
1663 4747 1946 4843 promulgatione
1962 4746 2066 4835 legis,
2091 4768 2170 4815 cum
2188 4744 2227 4815 io
2246 4760 2365 4813 monte

257 4917 258 4946 ,
334 4864 516 4953 agnovisse
532 4859 702 4931 Messinm
717 4864 1007 4957 quandocunque
1028 4863 1193 4953 agnovit,
1219 4861 1325 4931 etiam
1378 4857 1467 4929 Sina
1498 4857 1593 4926 iuter
1620 4853 1779 4923 tonitma
1809 4864 1843 4921 et
1869 4849 2010 4937 fulgura
2039 4847 2160 4917 sonuit
2191 4870 2259 4915 vox
2285 4844 2365 4931 Dei,

334 4968 454 5037 multo·
466 4976 552 5033 aute
576 4963 812 5054 baptismum,
837 4988 918 5036 cum
930 4979 1046 5061 ¹autea
1068 4988 1143 5034 uon
1158 4964 1327 5047 novisset,
1378 4962 1487 5031 edens
1502 4956 1736 5045 Decalogum,
1763 4967 1798 5025 et
1812 4952 1976 5023 universa
1993 4950 2185 5020 multitudo
2202 4948 2270 5017 fuit
2286 4972 2365 5037 spe-

333 5084 365 5141 et
378 5068 542 5163 loquitur
556 5068 601 5134 de
614 5066 797 5156 agnitione
816 5090 892 5136 nou
908 5081 1046 5138 tantum
1062 5066 1240 5155 corporis,
1265 5066 1326 5135 sed
1379 5064 1504 5131 ctatrix
1528 5059 1750 5128 flammamm
1772 5056 1810 5125 iu
1824 5066 1946 5123 monte
1954 5104 1966 5139 ,
1993 5058 2029 5123 'et
2043 5064 2227 5121 sonantem
2244 5073 2364 5167 vocem

336 5176 377 5242 de
391 5170 595 5262 agnitione,
619 5190 689 5262 qua
702 5168 828 5240 didicit
850 5192 924 5239 esse
943 5166 1057 5238 tilium
1075 5168 1166 5254 Dei,
1189 5164 1327 5238 haben-
1379 5162 1418 5231 in
1438 5174 1561 5232 monte
1582 5180 1712 5245 magno
1734 5180 1814 5226 cum
1835 5179 1966 5247 pavore
1989 5154 2138 5224 audivit.
2188 5148 2284 5219 Haec
2307 5174 2365 5218 m-

336 5292 401 5346 tem
417 5273 580 5343 divinam
593 5283 757 5340 naturam
774 5285 809 5341 et
830 5266 1045 5353 humanam,
1071 5286 1106 5344 et
1122 5294 1207 5341 uon·
1220 5292 1328 5341 mon·
1380 5277 1528 5335 comeant
1550 5262 1588 5330 io
1612 5260 1751 5339 oculos,
1784 5254 1870 5329 haee
1893 5258 1991 5346 signa
2015 5258 2186 5324 sentimus
2209 5246 2364 5323 exhibita
2458 5328 2464 5339 ,

336 5382 466 5447 danum
484 5396 602 5464 regem
618 5373 780 5443 futurum
794 5396 882 5458 esse,
902 5373 962 5443 sed
981 5396 1045 5443 sua
1057 5386 1172 5444 morte
1186 5374 1327 5442 redem-
1381 5390 1473 5447 esse,
1499 5378 1539 5435 nt
1560 5366 1604 5433 de
1620 5358 1715 5445 Deo,
1741 5374 1775 5431 et
1798 5360 1843 5429 de
1865 5361 1938 5448 lege
1960 5371 2051 5428 certa
2075 5353 2287 5471 testimonia·
2300 5350 2365 5421 ha·

336 5497 454 5551 tntum
491 5498 568 5547 esse
596 5470 811 5559 Ecclesiam,
850 5488 886 5545 et
916 5489 1148 5565 regnaturum
1182 5475 1224 5545 in
1254 5474 1327 5544 vita
1380 5470 1562 5550 heremus,
1588 5478 1623 5534 et
1646 5464 1845 5533 iudicamus
1865 5457 2257 5543 omnibosdennnciarr
2278 5478 2364 5571 tram

338 5600 488 5655 aeterna.
546 5576 644 5647 Haec
666 5576 794 5646 loanni
817 5579 991 5651 divinitus
1017 5589 1210 5647 monstrata
1233 5590 1327 5656 sunt,
1380 5568 1690 5640 contemnentibus
1712 5566 1822 5653 legem
1839 5560 1917 5635 Dei.
1970 5560 2029 5639 Sic
2052 5572 2248 5673 statuamus
2261 5570 2367 5624 etrum

265 5684 282 5713 '⁹
338 5702 369 5757 et
381 5685 545 5777 pluribus
561 5680 774 5751 testimoniis
790 5681 1015 5764 confirmata,
1042 5693 1084 5750 ut
1097 5680 1172 5749 eius
1188 5702 1273 5748 voce
1288 5702 1328 5746 ac
1382 5676 1427 5742 dc
1443 5670 1660 5741 revelatione
1673 5668 1763 5735 iacta
1781 5664 1917 5735 loanni.
1969 5660 2044 5731 Etsi
2060 5656 2248 5778 spectacula
2260 5681 2368 5773 pom·-

338 5788 535 5861 testimonio
565 5780 722 5853 Ecclesia
753 5782 1039 5867 confirmaretur,
1068 5782 1159 5853 sieut
1185 5805 1268 5851 mox
1289 5780 1328 5849 in
1380 5798 1424 5865 pa
1449 5798 1524 5842 non
1549 5770 1765 5851 estsimilis,
1791 5767 1873 5859 quia
1892 5763 2077 5853 Evangelia
2094 5761 2205 5851 glorta
2223 5758 2370 5841 aliaest,

339 5908 429 5961 textu
450 5888 609 5960 additur.
1381 5899 1488 5973 quam
1504 5875 1606 5966 legis,
1632 5886 1748 5941 tamen
1764 5872 1807 5939 ad
1825 5882 1935 5939 totam
1951 5864 2142 5935 Ecclesiam
2159 5857 2220 5931 has
2236 5858 2370 5929 revela-

387 6000 565 6063 Mesmu.
584 5992 689 6059 Orsa.
717 5984 803 6061 Vos..
819 5992 897 6057 XV.
1835 5968 1859 6039 4
