5825 6950
324 637 410 720 ooo
634 637 736 718 rut
788 643 822 717 t.
853 601 1254 722 tuuurtntottm
1279 639 1334 724 ut
1355 641 1515 726 arton.
1538 639 1690 724 raum
1711 640 1784 723 tn
1809 645 2076 736 nouenos.
2291 671 2372 750 no

321 813 389 895 sed
407 811 558 895 coutdtt
571 813 948 911 sebospraesentibos,
968 809 1325 914 tmmnptenits.
1481 817 1568 894 Filii
1582 815 1654 892 Dei
1665 833 1821 914 aguntur
1834 821 1973 917 Spirim
1986 845 2130 920 murto,

322 911 488 993 tcum
504 916 665 1007 iusticia,
687 919 837 1014 opibus.
859 919 1011 996 viribus.
1482 921 1558 996 Vos
1588 923 1672 998 estis
1700 926 1784 998 lacti
1821 927 1886 998 lilii
1919 927 2014 1020 Dei,
2052 949 2195 1032 accepto
2227 939 2367 1038 Spiritu

584 1099 807 1194 APWPh‘
826 1103 874 1172 ⁶¹¹
893 1101 1065 1172 hiim&
1477 1040 1769 1222 transilientis
1784 1141 1820 1204 et
1834 1153 1896 1202 vos
1910 1135 1967 1226 agi
1981 1159 2023 1210 ar
2035 1141 2228 1232 gubernari
2243 1169 2263 1219 a
2280 1147 2364 1242 Spi.

425 1223 505 1318 Qui
525 1225 566 1298 in
589 1249 696 1301 eune
716 1226 896 1302 suntllss
915 1229 1055 1322 plsoem
1071 1249 1147 1300 non
1162 1237 1322 1321 possum,
1449 1285 1454 1293 .
1527 1231 1602 1304 ritu
1625 1243 1757 1304 saneto.

323 1351 391 1402 vos
407 1344 528 1404 antem
541 1352 617 1401 non
631 1329 716 1404 estis
736 1332 776 1401 in
797 1353 923 1417 carne,
946 1332 1011 1404 sed
1031 1330 1182 1424 spiritu,
1207 1331 1321 1424 siqui·
1473 1328 1690 1428 llypoeritae
1705 1331 1843 1406 ratione
1857 1337 2021 1412 roiircent
2035 1339 2158 1436 aliquo
2174 1352 2282 1424 modo
2299 1377 2363 1428 cu-

324 1433 408 1502 dem
423 1431 574 1526 spiritns
588 1432 659 1506 Dei
673 1429 812 1508 habitet
829 1433 870 1504 in
887 1434 1002 1510 vobis.
1054 1431 1213 1504 Tantum
1234 1457 1320 1504 mu·
1371 1433 1536 1526 piditates
1563 1436 1777 1519 crassiores,
1821 1449 1857 1508 et
1884 1443 2065 1532 quandam
2095 1447 2360 1530 simulationem

323 1547 398 1608 tats
430 1556 583 1628 persons
608 1535 738 1628 repetit
771 1529 992 1622 antithesin,
1032 1547 1068 1606 et
1096 1535 1254 1607 declaret
1279 1556 1320 1606 se
1369 1535 1746 1628 civiliumJofficiorum
1762 1551 1951 1629 praestant.
1984 1541 2035 1616 At
2048 1543 2204 1638 Spiritus
2217 1571 2359 1632 mouns

324 1635 495 1729 spiritum
518 1660 665 1726 roure,
703 1661 780 1729 non
807 1637 965 1732 eliqnsrn
995 1636 1147 1708 rationis
1172 1651 1320 1731 partettt,
1369 1639 1507 1731 iugulat
1521 1653 1737 1713 contemtum
1754 1636 1843 1734 Dei,
1868 1641 2033 1718 fiduciam
2048 1671 2169 1724 rerum
2191 1679 2358 1750 praesen.

324 1739 388 1810 sed
404 1735 584 1831 Spiritum
596 1752 778 1828 metum,
808 1741 875 1834 qui
896 1752 1025 1813 natura
1040 1736 1140 1812 Deus
1154 1752 1226 1826 est,
1249 1740 1318 1810 do-
1369 1740 1463 1817 tinm
1484 1756 1521 1819 ct
1543 1742 1675 1816 similes
1696 1755 1821 1838 pestes.

321 1849 453 1911 natum
467 1840 712 1930 credentibus,
734 1856 776 1914 ut
790 1841 912 1932 gignat
924 1840 1094 1916 noticiam
1108 1841 1183 1916 Dei
1204 1841 1318 1928 ineis,

320 1942 449 2034 gignet
469 1965 585 2014 noros
605 1958 725 2016 motus
750 1956 785 2016 et
806 1966 938 2015 norem
958 1943 1082 2020 vitsm.
1142 1941 1192 2018 Et
1215 1956 1319 2018 vocet

320 2067 423 2116 nnnc
451 2044 620 2138 spiritum
644 2043 735 2131 Dei,
771 2069 870 2120 nunc
897 2046 1065 2139 spiritum
1088 2040 1244 2133 Christi,
1274 2057 1318 2118 ut
1470 2048 1612 2124 Minori
1648 2050 1773 2124 atterit
1803 2045 1969 2146 elipeum
2004 2079 2067 2130 seu
2101 2061 2363 2151 gradationem.

319 2144 501 2238 significet
530 2161 566 2220 et
590 2142 776 2222 Christum
805 2160 935 2222 natura
958 2143 1076 2220 Deum
1105 2170 1201 2237 esse,
1231 2147 1318 2243 qnia
1367 2177 1439 2251 qna
1462 2154 1625 2248 pervenit
1645 2155 1691 2225 ad
1713 2153 2003 2232 consolationem.
2066 2209 2068 2216 .

321 2246 478 2340 largitur
489 2245 664 2343 Spiritum
686 2263 859 2350 sendum.
908 2247 975 2324 Est
990 2263 1110 2324 sotem
1126 2244 1215 2325 haec
1233 2274 1317 2346 per·
1469 2255 1513 2330 Si
1532 2279 1656 2329 sumus
1675 2255 1761 2343 lilii,
1791 2279 1915 2330 sumus
1936 2259 2041 2330 etiam
2063 2253 2244 2344 haeredes.

326 2372 438 2422 sonae
457 2352 611 2424 monuo
633 2354 811 2447 quaedam
831 2352 1089 2447 perorationis,
1118 2375 1212 2450 quse
1233 2376 1319 2426 mos
1471 2357 1513 2431 Si
1532 2381 1655 2432 sumus
1678 2353 1847 2432 haeredes
1868 2354 1956 2448 Dei,
1995 2385 2117 2436 sumne
2143 2363 2355 2446 cohaeredes

333 2451 512 2548 ψωῗ,
535 2447 765 2552 wulfwi·
1368 2457 1518 2537 edidistis

711 2637 720 2658 ,
1107 2638 1115 2657 ‚
1470 2563 1511 2637 Si
1532 2587 1654 2638 amus
1673 2559 1884 2637 cohaeredes
1907 2559 2060 2650 Christi,
2086 2591 2170 2661 ergo
2190 2567 2374 2650 similiter'

491 2631 746 2714 P‘WMW
773 2663 853 2716 Μ’
881 2627 1154 2714 ⁰⁰³⁶1¹¹⁸¹⁰·
1368 2665 1444 2762 poti
1459 2664 1647 2754 convenit,
1671 2679 1712 2738 ut
1725 2666 2151 2758 similitsrgloridcemur.

424 2767 525 2868 Ergo
545 2777 672 2850 traua
690 2777 871 2850 debitore,
889 2801 1015 2851 mmo
1034 2801 1111 2850 non
1130 2771 1250 2863 ami,
1274 2789 1317 2848 ut
1471 2760 1537 2842 Est
1556 2769 1677 2864 itaque
1702 2764 1790 2840 haec
1815 2771 2011 2862 propositio
2035 2773 2074 2842 in
2095 2777 2354 2850 consolatione:

321 2877 525 2950 acnndnrn
537 2901 681 2952 cernern
698 2879 871 2958 vivemus.
920 2877 992 2952 Hic
1007 2879 1158 2954 finisest
1176 2873 1318 2950 metho-
1368 2870 1411 2946 si
1431 2893 1505 2944 una
1528 2871 1700 2964 patimnre
1732 2869 1774 2943 Si
1794 2894 1868 2942 non
1891 2885 1981 2944 esset
2000 2873 2133 2966 illigata
2157 2881 2354 2973 propositio

321 2979 382 3060 di,
408 2976 450 3050 i„
471 3003 541 3075 qu,
564 2981 754 3074 „plicavit
778 2982 929 3074 panti,
952 2981 1041 3074 ιρις,
1062 2995 1099 3052 21
1118 2981 1250 3074 gutiae
1264 2982 1318 3052 ef.
1367 2989 1596 3066 argomento,
1621 2975 1736 3046 torma
1759 2987 1847 3044 esset
1868 2973 1980 3066 magis
2002 2976 2167 3070 puerilis:
2200 2976 2355 3075 Oportet

322 3079 451 3158 lectus.
513 3079 621 3157 Nunc
643 3097 831 3175 postquem
855 3084 1026 3159 lectorem
1049 3085 1094 3155 de
1116 3081 1317 3178 proecipuis
1368 3098 1436 3148 nos
1454 3099 1528 3148 una
1550 3075 1624 3168 pati
1644 3100 1725 3148 cnm
1746 3071 1903 3150 Christo.

323 3183 416 3254 locis
431 3183 615 3256 doctrinae
628 3180 856 3258 Christianae
878 3187 1022 3272 docuit,
1055 3185 1156 3257 addit
1170 3208 1317 3279 perora·
1469 3173 1500 3249 l.
1548 3175 1656 3251 Ratio
1675 3177 1853 3250 ducituro
1869 3177 2053 3271 praemiis,
2079 3182 2161 3276 quia
2177 3185 2355 3278 amplissi-

325 3285 487 3370 tionem,
512 3290 572 3357 sed
595 3309 638 3358 ex
662 3287 824 3362 suasorio
844 3311 974 3382 genere
994 3300 1160 3363 eurotam.
1211 3286 1316 3360 sem.
1368 3303 1427 3351 ma
1450 3279 1609 3372 praemis
1636 3281 1854 3370 contingent.
1912 3279 1961 3354 Et
1987 3285 2177 3377 amplificat
2199 3291 2357 3378 praemia

324 3409 390 3480 per
406 3388 505 3458 enim
518 3387 676 3483 primurn
692 3390 872 3462 doeendus
886 3403 939 3462 est
962 3388 1124 3483 auditor,
1147 3387 1236 3483 quid
1261 3412 1317 3460 res
1368 3382 1570 3458 collatione.
1626 3379 1736 3453 Nullo
1767 3383 1874 3454 modo
1906 3387 2122 3477 respondent
2153 3405 2354 3481 praesentes

324 3489 382 3563 sit.
424 3488 551 3563 Postes
566 3490 772 3567 incitandos
784 3506 855 3582 est,
878 3505 921 3566 nt
933 3492 1135 3565 doctrinam
1149 3494 1195 3562 ad
1211 3515 1317 3563 usum
1369 3484 1580 3557 afflictiones
1604 3484 1845 3575 magnitudini
1873 3486 2110 3579 praemiorum
2141 3503 2176 3560 et
2204 3491 2357 3582 gloriae,

324 3592 526 3665 transierat.
558 3592 623 3665 Est
636 3606 756 3666 autem
769 3588 859 3666 haee
869 3595 1049 3689 peroratio
1065 3593 1170 3668 initio
1185 3589 1318 3665 adhor-
1368 3608 1461 3682 quae
1491 3587 1710 3658 revelabitur
1737 3599 1825 3659 tunc
1847 3610 1928 3659 curn
1953 3589 2101 3661 redierit
2121 3584 2286 3667 Christus
2309 3598 2355 3667 ad

322 3694 438 3783 toris,
464 3696 594 3767 deinde
609 3697 859 3777 consolatonis,
1368 3691 1611 3761 renovandam
1648 3701 1761 3761 totam
1801 3712 1922 3761 rerum
1962 3691 2242 3771 universitatem.
2299 3692 2355 3771 Ex

851 3858 860 3877 ,
1369 3786 1457 3863 baec
1494 3791 1758 3863 circumstantie
1794 3792 1964 3885 temporis
1996 3794 2155 3866 nascitur
2192 3795 2225 3868 ei
2262 3818 2356 3871 nova

717 3854 919 3946 mmm·
1069 3977 1080 3993 .
1368 3894 1473 3967 cotio.

550 3976 731 4045 ΜΝ·
752 3998 869 4044 ”¹⁸⁸⁸
888 3996 957 4043 Μ
980 3994 1089 4045 Μ·
1472 3991 1521 4067 ll.
1570 3990 1697 4083 Ratio,
1720 3996 1767 4069 sb
1792 3996 1952 4089 exemplo
1975 3998 2217 4074 universitatis
2236 4024 2356 4076 rernm

429 4094 539 4173 Ratio
555 4099 734 4173 ducitnrs
752 4099 912 4195 praemio
928 4112 964 4174 et
978 4122 1112 4194 poena:
1134 4094 1318 4171 Pertinent
1369 4097 1536 4173 sumitur.
1588 4094 1681 4170 Tota
1708 4110 1867 4171 creature
1894 4114 2050 4191 expectat
2078 4106 2358 4193 renovationem,

324 4214 449 4277 sutem
463 4202 620 4294 praemia
636 4216 671 4275 et
685 4202 876 4295 poenaein
890 4202 1046 4275 suasoris
1066 4199 1180 4273 esusis
1199 4202 1244 4271 ad
1263 4200 1318 4271 lo·
1369 4201 1505 4273 interea
1531 4200 1717 4272 nobiseum
1742 4201 1895 4295 petitur,
1918 4198 2015 4295 Ergo
2032 4218 2068 4275 et
2089 4228 2155 4277 nos
2178 4228 2252 4277 non
2275 4230 2356 4299 gea·

324 4328 413 4377 turn
439 4302 615 4376 utilitatis.
685 4300 901 4377 Dialecticus
929 4303 976 4376 ad
1004 4305 1146 4376 finalem
1176 4324 1318 4373 eausam
1367 4324 1497 4373 vaur
1518 4314 1699 4393 expectare
1726 4304 1995 4380 redemtionem.
2040 4302 2106 4379 Est
2129 4321 2248 4379 sutem
2276 4330 2358 4401 gra-

323 4406 588 4479 socommodet:
614 4402 654 4479 Si
672 4406 755 4503 quis
777 4402 838 4477 bic
859 4405 1066 4488 cavilletur,
1093 4404 1318 4477 benefacien-
1369 4403 1558 4475 vissimum
1571 4394 1716 4491 πάθος,
1741 4409 1839 4499 qood
1854 4418 2135 4477 naturserernm
2152 4410 2280 4483 tribuit
2302 4411 2357 4481 rei

323 4510 418 4581 dnm
446 4528 541 4594 esse,
578 4532 654 4579 non
676 4522 774 4580 metu
802 4530 958 4599 poenae,
995 4508 1058 4577 sed
1079 4519 1226 4601 propter
1255 4530 1320 4576 vo-
1369 4504 1713 4590 mssimaesensurn,
1730 4528 1837 4600 quern
1853 4500 2010 4579 humana
2025 4509 2117 4580 ratio
2131 4511 2232 4581 nullo
2246 4514 2355 4583 modo

324 4612 506 4683 luntetem
528 4610 615 4698 Dei,
654 4604 741 4681 lmic
759 4604 856 4680 nibil
877 4610 1120 4701 respondebo,
1156 4608 1228 4678 nisi
1254 4602 1320 4677 has
1370 4600 1652 4702 comprehendit.
1694 4604 1878 4699 Significat
1892 4608 1987 4677 enim
2001 4610 2083 4683 ideo
2099 4612 2222 4681 dolere
2236 4634 2356 4685 rerum

323 4711 486 4805 argutius
506 4710 548 4781 in
568 4725 640 4783 mm
666 4710 768 4801 gessi
789 4734 913 4794 canu,
947 4710 1212 4805 intempestivos
1232 4732 1319 4781 esse.
1371 4721 1559 4795 naturam,
1582 4708 1667 4803 quia
1684 4707 1818 4781 interea
1839 4710 2005 4781 diabolus
2025 4724 2060 4783 et
2080 4710 2183 4805 impii
2200 4713 2358 4786 abutun·
2429 4721 2446 4733 ''

325 4813 455 4889 Sancti
478 4812 518 4883 is
535 4814 662 4908 poenis
682 4813 775 4885 iram
790 4809 860 4884 llei
880 4824 1050 4901 cernunt,
1087 4813 1128 4883 in
1152 4810 1320 4905 praesuiis
1371 4811 1593 4883 turmnndo.
1628 4806 1677 4883 Et
1689 4810 1889 4883 subindicat
1904 4808 2083 4899 futurum,
2107 4828 2145 4886 nt
2159 4808 2228 4887 boc
2243 4817 2357 4889 abusu

325 4915 494 5009 patiam.
1373 4914 1545 4985 liberetur
1572 4925 1701 4985 nstnrs
1730 4936 1862 4985 rerum.
1918 4909 2012 4984 Vide
2038 4914 2149 5005 igitur
2175 4920 2357 5011 quomodo
2460 4982 2466 4989 .

434 5014 599 5090 &conde
629 5014 723 5089 ratio
751 5028 868 5089 sumta
893 5028 948 5090 est
973 5038 1017 5087 es
1039 5036 1143 5089 rsuss
1166 5011 1322 5086 cilicien-
1373 5015 1515 5087 diverse
1534 5029 1740 5105 argumenta
1762 5036 1806 5087 er
1828 5014 1952 5085 eadent
1980 5038 2020 5086 ee
2042 5018 2175 5089 ducant
2201 5018 2293 5091 ratio
2322 5034 2358 5093 ct

325 5134 386 5202 te.
423 5130 601 5213 et.potest
629 5118 672 5189 in
697 5116 870 5191 sossoriis
892 5117 941 5201 sd
967 5115 1088 5191 locnrn
1115 5114 1322 5209 spossibili
1373 5115 1531 5209 Spiritus
1566 5128 1719 5189 sanetus.
1775 5110 1947 5209 Epicurei
1986 5116 2039 5189 sic
2077 5118 2354 5193 ratiocinantur:

326 5220 458 5293 oderi
1376 5216 1481 5311 lmpii
1498 5211 1747 5309 beuebsbent,
1771 5212 2058 5308 Ennomon
2073 5214 2357 5294 rursthurnsus:

1765 1905 1957 1976 Consolatio.
2005 1943 2010 1958 ·

434 5318 575 5415 Spiritu
608 5336 731 5397 noeto
767 5321 979 5395 mortibeste
1010 5318 1167 5393 actiones
1196 5318 1326 5406 urnis,
1375 5317 1510 5393 Paulus
1538 5332 1662 5391 oontrs
1690 5318 1935 5393 ratiocinatur.
1981 5319 2066 5393 Non
2084 5336 2144 5407 ,est
2171 5322 2356 5415 possibile,

326 5424 419 5522 quis
443 5420 600 5515 Spiritus
621 5439 765 5499 mouns
789 5437 844 5496 est
865 5423 972 5497 sobis
989 5424 1113 5509 (letus,
1147 5435 1191 5495 ot
1210 5422 1258 5493 sb
1281 5444 1324 5493 eo
1376 5416 1472 5494 banc
1487 5430 1597 5493 totam
1615 5444 1734 5493 raum
1751 5434 1916 5493 naturam
1937 5423 1983 5493 ad
2006 5424 2156 5495 abosum
2178 5426 2359 5497 conditum

326 5525 599 5620 gubernemini.
635 5522 771 5597 Paulus
785 5526 890 5617 ponit
903 5525 1075 5597 msiorern
1089 5537 1125 5597 et
1138 5523 1327 5605 minorem,
1377 5544 1463 5595 esse.
1515 5522 1623 5615 lmpii
1647 5545 1746 5595 unce
1762 5523 1962 5597 abutuntur
1983 5527 2141 5613 mundo,
2169 5520 2268 5617 Ergo
2294 5548 2360 5597 ne·

325 5626 600 5703 conclusiones
626 5650 705 5699 non
730 5628 853 5712 sddit,
893 5649 1002 5721 qoam
1030 5626 1191 5719 prudens
1216 5626 1327 5697 lector
1378 5648 1474 5698 cesse
1490 5624 1643 5697 liberato
1657 5624 1812 5711 mundo,
1840 5625 1969 5715 impios
1984 5626 2070 5697 dare
2082 5648 2226 5719 poenm.

328 5730 440 5803 iseile
462 5742 579 5821 potest
597 5740 767 5807 attexere.
830 5726 1003 5821 Properat
1016 5726 1114 5799 enim
1129 5724 1265 5801 Paulos
1281 5728 1328 5799 sd
1481 5724 1548 5803 111.
1599 5722 1660 5801 tt
1685 5726 1847 5819 exemplo
1875 5728 2153 5819 Apostolorum
2200 5724 2274 5799 Nos
2298 5726 2363 5821 qui

327 5828 635 5919 maculationem,
657 5844 699 5905 nt
712 5830 924 5905 videbinm
1380 5828 1583 5925 accepimns
1601 5827 1787 5965 primitias·
1791 5824 1948 5923 Spiritus
1968 5828 2099 5917 saneti,
2123 5829 2305 5921 angimur,
2328 5838 2365 5899 et
