5825 6950
300 728 386 803 tas
711 724 794 803 xtt.
844 714 1673 803 uufflutrtotttttvattu.10attttts.
1731 720 1838 805 CAP.
1862 722 1946 802 XX.
2270 730 2347 807 tta

519 912 695 1016 Quorum·
712 911 927 987 amisum,
941 918 1102 1013 pegma,
1356 892 1582 965 remittentur
1600 892 1661 969 eis.
1723 890 1794 969 llic
1817 895 1967 972 affirmat
1988 899 2084 972 clare
2106 900 2238 973 auferri
2261 926 2342 995 pec·

1353 1007 1471 1068 catum
1489 1020 1553 1089 per
1566 1020 1690 1071 vocent
1705 994 1911 1091 Evangelii,
1924 1026 2029 1095 quam
2048 1018 2149 1075 sonat
2166 1005 2341 1091 minister,

412 1098 500 1174 Dixi
515 1102 584 1175 tria
599 1100 636 1170 iu
652 1094 720 1171 hoc
740 1100 818 1180 loco
840 1098 1028 1195 praecipue
1047 1096 1303 1171 consideranda
1353 1092 1480 1183 idest,
1506 1095 1602 1172 Deus
1622 1122 1705 1171 vere
1726 1124 1800 1171 eam
1821 1105 2011 1193 approbat,
2037 1120 2071 1177 et
2094 1130 2157 1199 per
2179 1130 2255 1177 eam
2279 1108 2341 1179 dat

309 1228 405 1292 esse,
428 1203 653 1276 vocationem
676 1204 720 1273 ad
744 1201 979 1275 ministerium
1000 1200 1205 1295 Evangelii,
1236 1202 1302 1271 do·
1351 1196 1525 1291 Spiritum
1543 1214 1715 1277 sanctum.
1753 1199 1850 1276 Haec
1867 1206 2068 1279 testimonia
2084 1210 2127 1279 de
2143 1207 2339 1300 praesentia

306 1310 498 1381 nationem
514 1304 671 1397 Spiritus
692 1302 822 1391 sancti,
853 1318 889 1377 st
909 1322 1083 1375 summam
1104 1299 1301 1393 Evangelii.
1352 1314 1385 1373 et
1402 1300 1553 1373 efficacia
1570 1302 1635 1375 Dei
1651 1327 1714 1395 per
1728 1304 1977 1395 ministerium,
1991 1334 2130 1381 necesse
2145 1324 2195 1381 est
2210 1306 2339 1381 habere

308 1412 410 1485 llaec
438 1408 631 1481 coniuncta
662 1421 746 1477 sunt
767 1407 808 1475 in
829 1400 1007 1491 Ecclesia,
1040 1404 1301 1491 ministerium,
1350 1402 1624 1475 familiarissime
1646 1418 1748 1493 nota,
1781 1422 1820 1480 ut
1843 1422 1876 1478 et
1898 1433 1963 1479 nos
1985 1412 2050 1503 ipsi
2074 1412 2112 1481 in
2137 1412 2337 1485 invocando

313 1512 470 1607 Spiritus
500 1524 663 1611 sanctups
695 1523 731 1580 et
764 1508 924 1579 remittit)
955 1520 1190 1603 peecatorum.
1249 1500 1300 1578 Et
1349 1506 1633 1597 acquiescamus,
1657 1500 1808 1580 ethunc
1831 1506 1945 1581 Deum
1969 1512 2188 1599 intueamur,
2215 1511 2338 1609 quise

316 1641 397 1687 rum
416 1612 584 1684 audimus
602 1611 784 1681 nominari
801 1608 1045 1681 remissionem
1065 1623 1300 1699 peccatorum,
1350 1606 1387 1674 in
1406 1602 1474 1678 hoc
1487 1610 1597 1679 verbo
1613 1609 1787 1701 patefecit.
1839 1608 1886 1684 Et
1906 1613 2055 1687 sciamur
2073 1641 2146 1685 non
2163 1638 2336 1709 quaeren.

319 1716 421 1789 simul
439 1714 720 1807 complectamur
743 1712 972 1783 donatiouem
992 1708 1151 1804 Spiritus
1172 1710 1298 1797 sancti,
1348 1710 1413 1779 dos
1436 1732 1511 1779 esse
1534 1709 1623 1779 alios
1645 1712 1825 1783 contuitus
1848 1709 1933 1797 Dei,
1968 1730 2001 1789 et
2025 1720 2238 1789 execrandos
2262 1740 2337 1789 esse

320 1820 408 1891 vitae
429 1828 614 1902 aeternae,
656 1828 690 1886 et
708 1838 833 1885 ornnes
861 1814 1113 1906 promissiones
1136 1814 1297 1905 proprias
1346 1809 1484 1880 furores
1506 1806 1837 1902 Enthusiastarum,
1871 1816 1932 1909 qui
1956 1818 2086 1891 omisso
2109 1820 2239 1906 verbo,
2264 1818 2334 1889 sihi

313 1920 514 2011 Evangelii,
536 1920 634 2010 qnod
650 1918 781 2007 recepti
798 1940 817 1986 a
834 1913 910 1987 Deo
924 1915 1179 2000 exaudiamur,
1192 1916 1295 1986 iuve-
1346 1910 1414 2004 ipsi
1434 1913 1571 2003 lingunt
1595 1912 1852 2007 speculationes
1877 1932 1912 1991 et
1927 1918 2087 2008 afflatus,
2120 1936 2154 1993 et
2169 1922 2334 1993 aberrant

310 2046 408 2109 mur,
429 2016 851 2095 etdelendamuraDeo.
903 2017 1066 2112 Denique
1085 2018 1207 2087 omnia
1229 2016 1294 2087 be·
1343 2012 1476 2092 aDeo.
1590 2076 1596 2083 .

308 2126 432 2197 nelieia
462 2118 652 2213 Evangelii
678 2115 1032 2211 comprehenduntur
1057 2119 1294 2212 appellatione

264 2236 267 2245 '
305 2224 531 2299 remissionis
561 2237 795 2315 peccatorum.
845 2218 950 2293 Nunc
981 2222 1092 2312 igitur
1120 2241 1292 2292 summam
1447 2220 1572 2296 Tertio
1593 2220 1794 2317 disputatur
1808 2218 1867 2295 hic
1882 2226 1926 2297 de
1940 2228 2076 2319 privata
2097 2228 2331 2314 absolutione,

305 2327 494 2419 Evangelii
513 2326 624 2399 tradit
645 2324 849 2416 discipulis,
871 2346 952 2393 eum
969 2317 1293 2393 hancvoluntatem
1344 2351 1393 2397 ars
1424 2319 1512 2397 haec
1546 2348 1689 2419 quoque
1721 2329 1913 2419 approbata
1941 2330 1987 2401 sit
2014 2327 2082 2403 huc
2117 2334 2332 2407 testimonio.

310 2430 377 2503 Ilei
398 2432 449 2501 eis
472 2428 637 2521 exponit,
676 2423 793 2495 Deum
814 2447 898 2495 vere
919 2427 1075 2509 auferre,
1113 2438 1148 2495 et
1175 2423 1294 2495 delere
1344 2426 1508 2499 Breviter
1536 2426 1751 2519 respondeo:
1792 2428 2034 2503 Ministerium
2059 2430 2248 2527 Evangelii
2279 2450 2330 2510 est

315 2530 644 2628 peecataumnium‚
668 2528 809 2622 'quibus
829 2548 933 2614 voce,
957 2542 994 2600 et
1008 2526 1206 2612 ministerio
1226 2528 1291 2596 do·
1341 2529 1576 2604 annunciatio
1600 2528 1818 2599 remissionis
1841 2549 2082 2623 peccatorum,
2109 2562 2199 2635 quae
2222 2536 2330 2608 offer-

315 2636 462 2706 eentinm
489 2629 747 2722 Evangelium,
778 2629 819 2700 lit
837 2630 1009 2701 remissio.
1060 2626 1131 2701 Hic
1151 2628 1237 2719 legis
1258 2641 1293 2699 et
1342 2647 1402 2705 tur
1418 2632 1585 2703 omnibus
1600 2632 1826 2701 credentibus
1842 2634 1880 2703 in
1897 2632 2091 2711 Christum.
2142 2636 2239 2710 Haec
2263 2663 2329 2709 au·

307 2734 494 2827 Evangelii
516 2736 708 2806 discrimen
727 2733 821 2823 apud
846 2752 886 2803 sa
902 2733 1051 2827 quiaque
1071 2732 1219 2821 cogitet,
1243 2731 1291 2799 ita
1344 2731 1526 2809 nunciatio
1541 2744 1654 2825 potest
1670 2732 1766 2820 lieri,
1783 2749 1842 2805 aut
1858 2736 1895 2804 in
1910 2760 2036 2827 genere
2053 2764 2116 2831 pru
2132 2741 2273 2826 multis,
2289 2757 2329 2816 ut

308 2840 360 2911 hie
381 2840 488 2909 loeus
511 2838 569 2909 fiet
592 2836 779 2909 illustrior.
829 2832 902 2904 Lex
929 2835 1026 2903 enim
1054 2847 1107 2903 est
1127 2834 1290 2905 doctrina
1342 2838 1381 2906 in
1396 2835 1569 2907 concione
1583 2833 1647 2904 ubi
1664 2835 1832 2920 audieus,
1858 2842 1944 2909 etin
1961 2863 2041 2909 vera
2057 2843 2275 2933 poenitentia
2292 2866 2328 2918 se

305 2954 573 3037 praeceptorum
597 2936 685 3023 uu,
710 2937 932 3029 praecipiens
965 2935 1089 3029 quales
1114 2958 1181 3005 nos
1206 2953 1290 3019 esse,
1341 2938 1479 3027 erigens
1499 2958 1585 3007 voce
1601 2932 1809 3027 Evangelii,
1844 2939 1913 3009 fide
1936 2942 2061 3035 accipit
2084 2958 2178 3014 certo
2202 2946 2343 3015 remis-¹

303 3063 331 3117 et
347 3066 443 3137 quae
459 3042 592 3125 iacere,
616 3054 651 3111 et
669 3040 832 3110 omittere
845 3051 1024 3131 oporteat,
1050 3052 1085 3109 et
1105 3038 1289 3130 postulans
1340 3041 1476 3111 sionem
1491 3050 1711 3131 peccatorum
1726 3038 1942 3130 etSpiritum
1956 3044 2327 3130 sanetum,sieutCor-

300 3151 475 3237 integram
491 3144 743 3224 obedientiam,
758 3164 798 3211 ac
812 3141 1033 3211 denuncians
1049 3141 1139 3209 iram
1157 3136 1288 3223 Dei‚et
1338 3142 1455 3212 nelius
1492 3155 1527 3212 et
1558 3140 1621 3209 alii
1651 3139 1690 3209 in
1722 3140 1863 3233 publica
1895 3144 2067 3214 concione
2106 3148 2327 3246 accipiebant

299 3267 461 3323 aeternas
482 3268 615 3335 poenas
635 3243 822 3328 omnibns,
847 3242 910 3335 qui
932 3266 1006 3310 non
1030 3253 1207 3332 praestant
1230 3240 1287 3309 in-
1337 3242 1513 3334 Spiritum
1528 3254 1697 3313 sanetum.
1741 3243 1815 3313 Aut
1834 3257 1946 3335 potest
1960 3246 2035 3315 fieri
2052 3247 2325 3340 privatim,cum

298 3371 432 3445 tegram
451 3347 702 3420 obedientiam.
756 3344 803 3415 At
821 3342 1054 3433 Evangelium
1073 3357 1125 3415 est
1147 3342 1286 3434 praedi·-
1337 3343 1486 3435 singulis
1502 3344 1703 3436 petentibus
1720 3347 1958 3418 annunciatur
1972 3350 2147 3438 remissio,
2163 3363 2204 3422 ut
2218 3344 2326 3423 Chri·

296 3459 385 3530 eatio
403 3450 668 3546 poenitentiae,
692 3461 727 3519 et
744 3445 931 3540 promissio
951 3440 1122 3516 exhibens
1144 3459 1287 3538 propter
1335 3446 1577 3519 stusabsolsit
1591 3444 1776 3518 mulierem
1794 3448 1831 3517 in
1849 3448 2115 3541 domoleprosi.
2167 3450 2215 3524 Et
2232 3450 2324 3524 Pau·

294 3557 481 3632 Christum
501 3553 608 3644 gratis
629 3551 871 3622 remissionem
890 3561 1134 3640 peccatorum,
1161 3573 1285 3618 recon·
1337 3551 1392 3620 lus
1415 3549 1588 3634 absolvit,
1616 3561 1652 3619 et
1677 3546 1778 3621 iubet
1799 3551 1935 3620 absolvi
1963 3553 2147 3626 incestum.
2200 3553 2325 3652 ltaque

291 3659 517 3732 eiliationem
544 3670 579 3727 et
606 3654 878 3743 imputationem
912 3651 1089 3736 iusticiae,
1122 3650 1286 3722 donatio-
1335 3651 1571 3724 certissimum
1587 3649 1832 3740 esl,privatam
1848 3651 2325 3727 absolutionemesseEvan-

290 3789 372 3836 nem
389 3759 553 3851 Spiritus
570 3757 682 3828 saneti
708 3771 743 3826 et
756 3757 849 3826 vitae
862 3767 1041 3836 aeternae,
1066 3765 1101 3823 et
1116 3747 1182 3822 has
1198 3775 1283 3843 pro·
1332 3755 1418 3846 gelii
1435 3749 1835 3834 vocem,confirmatam
1854 3767 1888 3824 et
1903 3749 1971 3826 hoc
1988 3757 2064 3848 ipso
2080 3759 2193 3830 dicto:
2220 3758 2324 3848 Quo·

288 3865 487 3936 missiones
501 3861 570 3932 fide
586 3859 695 3950 accipi
712 3873 863 3948 oportet.
915 3852 1007 3925 Cum
1028 3857 1137 3944 igitur
1149 3855 1284 3946 longis»
1335 3880 1416 3928 rum
1432 3853 1641 3928 remiseritis
1653 3865 1891 3947 peccata,ctc.
1926 3856 2075 3951 Semper
2090 3859 2199 3949 igitur
2215 3859 2323 3931 luisse

288 3971 381 4038 sime
413 3965 585 4036 diiierant
613 3958 700 4032 haec
726 3962 910 4031 doctrinae
934 3981 1078 4050 genera,
1116 3971 1159 4030 ut
1182 3974 1284 4052 saepe
1334 3981 1411 4028 eam
1435 3957 1475 4026 in
1495 3955 1651 4030 Ecclesia
1674 3955 1902 4028 manifestum
1926 3973 1996 4044 est,
2033 3981 2116 4032 nam
2139 3975 2173 4032 et
2196 3959 2322 4034 Petrus

288 4073 520 4147 dictumest,
546 4065 815 4154 diligentissime
829 4067 1026 4134 cavendum
1043 4073 1110 4142 est,
1137 4086 1283 4135 necons
1334 4056 1599 4130 Alexandrinus
1625 4056 1711 4128 citat
1741 4081 1876 4128 rnorem
1910 4055 2090 4134 Ecclesiae
2118 4063 2321 4156 superioris,

286 4175 506 4244 laudantur.
557 4167 720 4262 Cumque
728 4162 893 4238 Christus
908 4161 967 4262 hic
981 4163 1040 4234 det
1056 4169 1222 4236 mandata
1239 4171 1283 4240 de
1332 4176 1455 4234 contra
1473 4161 1610 4232 furores
1626 4155 1766 4232 Meletii
1792 4173 1826 4231 et
1846 4155 2102 4252 Catharorum,
2133 4190 2222 4258 quae
2244 4165 2322 4256 lap-

283 4271 508 4346 remiasione
536 4283 782 4362 peccatorum,
821 4267 1062 4358 intelligamus
1094 4270 1281 4357 gratuitam
1331 4286 1390 4334 sos
1404 4262 1540 4356 privata
1556 4259 1781 4334 absolutione
1798 4285 1936 4354 semper
1950 4267 2099 4358 recepit,
2133 4267 2204 4336 imo
2230 4263 2320 4336 Pro-

281 4375 558 4461 remissionesn,
582 4385 624 4444 nt
639 4392 742 4466 saepe
757 4394 776 4441 a
793 4369 906 4441 Paulo
923 4369 1132 4447 declaratur.
1264 4377 1271 4414 ²
1334 4361 1460 4456 phetae
1475 4387 1552 4434 eam
1567 4363 1674 4436 etiam
1690 4361 1727 4434 in
1744 4365 1855 4434 veteri
1874 4377 2100 4448 testamento,
2116 4367 2320 4457 intelligen-

1332 4480 1383 4539 tes
1401 4463 1654 4561 Evangelium,
1680 4464 1993 4558 administrarunt,
2020 4482 2061 4541 ut
2085 4464 2226 4538 Nathan
2244 4465 2320 4558 pri·

390 4577 563 4651 Secundo
580 4575 730 4644 sciamus
745 4568 816 4644 hoc
830 4575 947 4660 ipsum
962 4573 1151 4646 ministerii
1161 4571 1280 4646 Evam
1331 4583 1412 4640 vata
1439 4566 1665 4638 absolutione
1692 4569 1886 4638 annunciat
1917 4565 2045 4639 Davidi
2073 4569 2317 4638 remissionem

283 4683 395 4772 gelii,
430 4703 506 4748 esse
525 4678 765 4774 ministerium
790 4677 953 4766 spiritus,
990 4677 1124 4762 idest,
1162 4678 1277 4767 Deum
1330 4683 1582 4760 peccatorum,
1620 4665 1748 4740 Daniel
1775 4669 1849 4758 regi
1879 4665 2100 4764 Babylonico
2120 4663 2315 4742 Nabucho-

283 4811 372 4856 vere
387 4783 565 4854 efficacem
581 4801 655 4848 esse
669 4798 733 4869 per
745 4775 812 4848 irae
826 4779 1082 4871 ministerium,
1096 4803 1180 4848 vere
1194 4782 1279 4852 dare
1328 4775 1499 4848 donosor·

283 4889 471 4974 Spiritum
505 4897 691 4961 sanctam,
740 4903 804 4968 per
837 4903 958 4950 vorem
992 4893 1026 4951 et
1059 4882 1276 4972 agnitionem

282 4983 498 5073 Evangelii,
522 5005 605 5053 vere
625 4979 765 5052 trahere
791 4998 825 5054 et
849 5002 992 5054 movere
1006 4985 1131 5063 corda,
1157 4997 1197 5054 at
1215 4985 1277 5054 fiae
1429 4963 1500 5038 Sed
1516 4963 1629 5055 ignari
1645 4963 1852 5058 Evangelii,
1868 4963 2107 5038 vociferantur
2122 4968 2230 5042 solius
2246 4967 2315 5044 Dei

281 5115 367 5162 mm
390 5085 561 5160 haerodes
582 5087 675 5157 virsa
695 5099 866 5155 aeternae.
917 5079 996 5154 Emi
1017 5080 1279 5156 autemhuma.
1327 5093 1402 5141 esse
1414 5068 1594 5140 remittere
1610 5081 1760 5158 peccata,
1810 5065 1907 5136 Haec
1927 5069 2104 5139 cavillatio
2127 5087 2179 5142 est
2201 5071 2315 5144 insul-

278 5215 353 5263 nae
377 5174 699 5283 sapientiae-valde
725 5189 854 5256 mlmm
879 5187 1040 5271 videtur,
1082 5209 1139 5255 res
1162 5201 1277 5259 tanta,
1327 5171 1486 5255 sissima,
1513 5169 1596 5263 quia
1613 5183 1653 5240 ut
1668 5168 1706 5237 in
1721 5169 1899 5260 baptismo
1916 5171 2077 5242 minister
2093 5169 2314 5246 locoChristi

278 5297 377 5364 effici
397 5317 463 5382 per
476 5293 643 5374 ver-laam,
674 5305 709 5360 et
727 5310 798 5358 non
815 5289 1049 5380 postulandos
1064 5311 1140 5357 esee
1153 5289 1190 5358 ῑῃ
1210 5286 1276 5360 hac
1327 5271 1452 5366 recipit
1468 5267 1660 5356 bominem,
1675 5283 1711 5340 et
1726 5291 1809 5342 vere
1823 5271 1972 5342 remittit
1990 5286 2130 5363 peccata
2142 5287 2313 5372 tanquam

273 5400 359 5468 vita
375 5397 467 5466 alios
481 5389 761 5470 contuitusllei,
786 5405 905 5460 tamen
920 5391 1026 5460 nobis
1041 5391 1275 5461 certissimum
1326 5395 1450 5465 ΜΝ
1466 5373 1542 5443 '5⁰⁹
1555 5365 1711 5458 Chfiffi,
1736 5370 1783 5443 ἷῑῦ
1800 5373 1838 5442 ῖῦ
1854 5375 2130 5444 ἃῐῑῃῦΰῑῑῦῑῑῠῐῑθ
2146 5373 2311 5469 Evange-

274 5501 331 5568 ait
354 5494 444 5568 haec
468 5495 517 5566 ita
533 5495 624 5563 ellici
641 5493 887 5584 perverbum,
911 5491 995 5562 ideo
1016 5491 1185 5584 seriptum
1206 5507 1275 5565 m:
1325 5478 1388 5562 lii,
1412 5471 1506 5544 nihil
1520 5493 1583 5544 sna
1600 5487 1661 5569 aut
1681 5467 1837 5544 laninam
1851 5475 2039 5544 autoritate
2054 5478 2123 5564 agit
2140 5479 2312 5561 minister,

272 5593 522 5690 magellum
540 5609 590 5667 ees
605 5595 842 5686 potentiana
859 5595 901 5662 ad
919 5594 1067 5663 „turem
1084 5593 1184 5664 omni
1200 5619 1276 5665 cre.
1325 5580 1386 5649 sed
1407 5573 1624 5670 pronunciat
1644 5577 1853 5648 sententiam
1870 5599 1890 5646 a
1905 5573 1981 5644 Deo
1998 5577 2066 5668 ipsi
2085 5582 2313 5650 commenda·

271 5704 399 5776 dmg,
452 5693 1275 5783 12m1,002;m‚3,2Evangetinmegemznf.
1324 5693 1410 5754 tam.
1448 5675 1521 5748 Nec
1536 5675 1758 5768 intelligunt,
1776 5677 1862 5770 quid
1879 5676 1925 5747 sit
1941 5678 2173 5750 ministerium
2190 5675 2312 5750 Evan-

270 5804 435 5875 nterium
454 5801 624 5890 spiritus.-
653 5799 734 5868 linc
748 5790 989 5884 adiungantur
1002 5809 1035 5864 et
1050 5793 1275 5866 verbaChei-
1325 5781 1430 5872 salii,
1450 5779 1512 5874 qni
1537 5791 1683 5871 propter
1703 5778 1802 5849 illam
1824 5779 2095 5850 insulsissimam
2114 5782 2310 5853 cavillatio-

284 5903 335 5970 =ti
346 5903 415 5978 hoc
433 5906 513 5974 loeo
530 5901 691 5973 recitatas
718 5897 884 5990 Quorum
900 5897 1106 5969 remiseritis
1123 5913 1275 5990 peecata,
1326 5907 1408 5953 nem
1423 5880 1568 5954 abolent
1584 5881 1759 5973 privtum
1774 5879 2045 5953 ⁸b⁸⁰¹⁰fi⁰¹¹⁰me
