5825 6950
580 688 656 768 eoa
903 737 911 750 .
1166 611 2340 751 uuuun.scn1nnnuunnn...‚.2‡=-:.-
2517 673 2570 758 p,

584 886 723 960 semper
737 853 837 952 sequi
854 851 959 944 debet
972 873 1069 924 nova
1079 847 1299 924 obedientie.
1330 845 1440 938 Quod
1455 852 1573 920 autem
1622 853 1705 924 isere
1716 863 1881 943 pennata,
1907 861 1942 922 et
1957 847 2229 921 remansesunt
2245 845 2282 919 ie
2299 846 2435 940 plaeere
2447 846 2513 922 lieo
2532 875 2575 945 pte

586 966 700 1046 uncti
721 985 797 1034 uon
818 954 1037 1028 satisfaciant
1058 952 1148 1042 legi,
1170 965 1211 1024 et
1228 953 1327 1045 quod
1342 965 1512 1024 maneant
1532 952 1575 1022 in
1625 953 1926 1038 ueiserirordiese,
1952 965 1990 1024 et
2010 965 2167 1044 exportat
2190 952 2360 1038 salutem,
2394 951 2471 1021 ideo
2489 955 2575 1028 addit:

588 1077 811 1163 eispeecete,
834 1067 1209 1150 testanturseqnentes
1223 1054 1432 1128 sententiae.
1541 1055 1545 1064 '
1627 1057 1806 1130 Sustinuit
1829 1057 1949 1125 anima
1972 1055 2106 1125 russin
2123 1053 2234 1126 'aerbo
2256 1053 2354 1139 aios,
2379 1053 2415 1122 id
2430 1067 2495 1140 est,
2516 1079 2576 1148 pro·

690 1166 822 1240 Psalm.
844 1158 946 1236 tta:
982 1158 1066 1230 Nan
1086 1157 1197 1228 intres
1223 1157 1263 1226 in
1293 1157 1468 1229 iudicium
1497 1173 1578 1226 eunt
1628 1159 1796 1246 missione
1811 1157 1935 1228 divina
1949 1180 2007 1228 ane
2023 1171 2205 1243 sustentu,
2228 1159 2357 1227 amedu
2372 1157 2517 1243 adeun,
2537 1181 2578 1228 er·

589 1297 692 1351 servo
714 1284 797 1353 tuo,
833 1265 1020 1359 quianon
1048 1260 1364 1333 iustificabiturin
1389 1269 1580 1353 conspectu
1628 1276 1731 1355 pecto
1771 1262 1938 1350 salntem,
1981 1274 2018 1331 et
2043 1261 2086 1330 itt
2118 1280 2161 1332 eo
2187 1259 2401 1356 erquiemop
2435 1259 2580 1332 renident

589 1395 655 1454 tuo
669 1371 788 1448 omnis
808 1368 944 1438 vivens.
1629 1365 1741 1464 ipsius
1764 1364 1925 1435 bonitate
1946 1363 2041 1456 quod
2060 1385 2118 1436 me
2137 1379 2340 1433 servaturus
2360 1362 2414 1430 sit.
2607 1365 2609 1500 p

694 1477 728 1548 1.
750 1471 849 1546 loen.
872 1469 922 1540 t.:
964 1463 1005 1538 si
1030 1463 1244 1550 dixerim,
1276 1465 1375 1558 quod
1397 1477 1581 1565 peecatum
1735 1465 1951 1541 psalmata
1977 1463 2114 1537 Delicta
2130 1463 2415 1559 quisinteiiigit?
2438 1461 2580 1534 abortui·

592 1607 669 1656 non
680 1577 895 1657 habeamus,
918 1569 988 1661 ipsi
1006 1591 1073 1639 nos
1087 1566 1309 1654 reducimus,
1333 1581 1368 1638 et
1389 1565 1522 1639 veritas
1545 1565 1584 1634 in
1633 1569 1678 1642 tis
1691 1570 1826 1640 munda
1844 1592 1912 1641 me.
1960 1567 2110 1639 wConstat
2125 1583 2241 1638 autern
2258 1565 2308 1636 ibi
2326 1560 2538 1656 prophetam,
2555 1577 2580 1636 ut

594 1685 867 1759 nobianoneet.
1323 1707 1328 1715 ·
1633 1673 1741 1756 alibi,
1765 1686 1800 1744 et
1822 1672 1866 1741 de
1891 1671 2027 1761 seipso,
2051 1682 2086 1740 et
2114 1672 2158 1741 de
2180 1667 2330 1740 caeteris
2353 1668 2476 1737 sanetis
2496 1666 2579 1760 ioqui:

694 1779 803 1856 Rom.
826 1774 882 1850 7.:
908 1770 1026 1842 Video
1056 1771 1163 1840 aliam
1194 1770 1308 1862 legem
1340 1769 1380 1838 in
1413 1767 1584 1840 membris
1635 1773 1694 1844 Ilii
1717 1774 1786 1865 ipsi
1816 1795 1905 1867 quus
1932 1785 2034 1843 vocat
2062 1792 2185 1843 servos
2207 1771 2295 1856 Dei,
2331 1765 2520 1840 sanctificati
2540 1789 2579 1859 per

594 1888 704 1970 meis,
730 1887 988 1973 'emmim
1012 1873 1083 1963 ¹⁰85
1104 1873 1234 1946 ¹⁰⁸⁰&
1255 1894 1373 1959 Me,
1414 1886 1450 1943 οἱ
1473 1871 1584 1964 mpii·
1635 1876 1825 1969 Spiritum·
1842 1887 2032 1960 sanetum,
2071 1876 2189 1945 ornati
2224 1871 2472 1944 excellentibus
2497 1869 2579 1948 donis,

547 2023 555 2038 ·
594 2004 738 2064 ventem
759 2007 816 2054 me
839 1982 880 2050 in
901 1981 977 2068 iege
996 1975 1140 2068 peccati.
1187 1971 1242 2046 Ao
1261 1997 1365 2066 saepe
1384 1976 1437 2046 ibi
1457 1973 1584 2064 repetit
1635 1993 1814 2049 versantes
1826 1976 1865 2046 in
1881 1977 1965 2048 fidei
1980 1977 2163 2063 exercitiis,
2185 1977 2225 2046 in
2241 1973 2490 2070 gubernatione
2502 1971 2579 2039 nasi·

595 2092 729 2166 Paulus
746 2108 868 2156 vocem
893 2080 1043 2173 pecati.
1066 2078 1269 2176 dgnifim
1293 2079 1398 2148 iilum
1415 2075 1583 2147 morbum
1637 2102 1773 2154 marum
1796 2101 1935 2160 rernm,
1976 2095 2016 2150 nt
2039 2075 2245 2160 Abraham,
2290 2070 2432 2166 ioseph,
2471 2071 2577 2154 Moites,

595 2217 670 2266 ΜΘ
691 2189 819 2262 'fliium
843 2209 926 2254 ΜΘ
953 2203 1117 2274 P¹¹d¹³¹¹⁸
1140 2202 1223 2250 Μ
1253 2182 1329 2270 ¹080
1354 2181 1442 2265 Dei,
1471 2193 1507 2249 0²
1529 2179 1586 2246 di·
1635 2183 1801 2270 Samuel,
1825 2179 1963 2268 David,
1987 2179 2130 2268 Esaias,
2155 2205 2227 2254 una
2245 2203 2331 2250 vore
2356 2180 2405 2248 sie
2426 2176 2579 2246 clamitant:

597 2317 706 2389 gnum
727 2299 1029 2370 morte-aeterna,
1060 2283 1133 2352 nisi
1153 2283 1225 2352 sede
1247 2295 1380 2374 peteret
1401 2281 1585 2352 condona·
1636 2283 1774 2357 Delicta
1806 2284 1887 2378 quie
1911 2283 2111 2374 inteiligit?
2152 2286 2198 2354 ab
2222 2279 2372 2354 ooruitie
2394 2278 2514 2348 munda
2535 2297 2579 2342 ne

596 2402 743 2474 tionem.
796 2387 850 2463 Ac
864 2388 1025 2482 loquitur
1040 2409 1116 2455 non
1131 2387 1177 2456 de
1192 2385 1263 2455 ievi
1278 2399 1415 2456 tantum
1427 2383 1586 2475 eorporis
1637 2386 1758 2478 Quare
1771 2387 1976 2458 detestanda
1990 2399 2042 2458 eat
2056 2387 2254 2477 arrogantia
2272 2379 2528 2480 hypocritarum,
2539 2373 2578 2468 qui

596 2499 827 2575 titillatione,
853 2493 915 2562 sed
930 2492 974 2560 de
989 2488 1170 2559 acerrimis
1192 2488 1348 2558 motibus
1369 2486 1503 2572 animi,
1528 2498 1586 2557 tn·
1637 2491 1797 2562 iactitant
1820 2511 1858 2559 so
1878 2489 1953 2561 suis
1966 2487 2134 2579 operibus
2151 2487 2281 2560 mereri
2303 2487 2414 2555 vitam
2437 2493 2578 2558 aeternam,

596 2599 746 2677 bitantis
761 2600 806 2668 de
820 2596 1004 2665 voluntate
1014 2587 1097 2672 Dei,
1122 2584 1355 2662 abhorrente
1371 2610 1487 2675 eruce,
1510 2611 1587 2658 non
1638 2605 1673 2665 at
1691 2591 1856 2688 quidem,
1877 2607 1919 2664 ut
1951 2591 2021 2682 ipsi
2035 2591 2233 2684 loquuntur
2247 2593 2292 2659 da
2307 2585 2489 2674 condigno,

597 2704 706 2778 erecti
721 2697 850 2772 fidncia
865 2710 900 2766 et
914 2694 1046 2770 laetitia
1060 2694 1099 2762 iu
1115 2693 1211 2766 Deo:
1236 2707 1277 2764 ut
1291 2692 1462 2781 erigimur
1483 2691 1587 2762 iaeti—
1740 2692 1871 2765 Psalm,
1894 2695 1974 2765 at:
2016 2694 2100 2767 Dixi
2128 2694 2329 2764 confitebor
2360 2689 2519 2758 adversum
2537 2697 2576 2746 ne
2610 2703 2611 2762 i

471 2848 481 2881 a
597 2811 667 2886 tia,
708 2816 743 2873 ei
770 2797 1052 2892 atqssdessdmffis
1090 2819 1172 2865 cum
1201 2794 1361 2866 videtum
1388 2793 1587 2886 corporalia
1639 2796 1816 2870 iustitiam
1834 2821 1946 2867 meam
1964 2793 2139 2878 Domino,
2164 2809 2200 2867 et
2214 2809 2252 2866 tu
2274 2789 2428 2863 remittit
2448 2793 2579 2879 perenm
2610 2773 2611 2840 i

597 2906 786 3004 praesidia.
839 2897 887 2972 Et
909 2923 952 2970 er
973 2894 1040 2968 hae
1062 2897 1261 2968 diffidentia
1283 2898 1452 2968 oriuntur
1475 2895 1587 2967 multa
1641 2921 1779 2970 meumt
1805 2897 1860 2968 De
1875 2893 1942 2969 hor
1955 2899 2074 2970 orabit
2084 2901 2132 2968 ad
2149 2912 2184 2968 te
2198 2897 2320 2968 omnis
2334 2904 2468 2963 sanetus
2479 2889 2509 2956 in
2520 2897 2611 2953 ιιι-ι

597 3033 707 3107 prava
731 3004 881 3078 consilia
905 3015 971 3075 etr.
1024 2997 1109 3069 ideo
1130 3021 1216 3070 usus
1237 3013 1290 3070 est
1311 2999 1454 3070 dnobus
1467 2998 1589 3068 verbis
1639 3025 1728 3096 pore
1742 3013 1936 3093 oportuno.
1989 2999 2111 3072 Palam
2133 3013 2285 3072 testatur
2309 3007 2445 3066 sanctos
2463 2996 2611 3082 opunte,

598 3111 791 3186 admodum
815 3103 1035 3182 illustribus,
1066 3092 1468 3195 ἇντιπριπιυόμινον,
1502 3099 1591 3170 dicit
1642 3119 1760 3197 petere
1796 3103 2095 3176 condonationem
2131 3100 2374 3195 praesentium
2402 3092 2579 3164 vitiornmd
2610 3099 2611 3184 ᾖ

598 3216 766 3287 morbum
789 3206 913 3279 hostili
937 3227 1037 3276 more
1061 3204 1232 3294 generari,
1255 3205 1413 3274 sauciare
1434 3217 1589 3273 mantem
1642 3221 1852 3279 erratorum.
2610 3237 2611 3288 p

494 3387 497 3391 ,
599 3312 819 3403 diffidentia,
835 3309 1051 3390 terroribus,
1071 3305 1258 3395 superbia,
1278 3304 1590 3396 fidutiatprepriae
1743 3307 1819 3383 Iob.
1834 3307 1888 3380 9.:
1913 3307 2072 3378 Verebar
2084 3307 2207 3377 omnia
2223 3327 2333 3397 opera
2350 3323 2436 3372 enee.
2609 3295 2611 3390 i

598 3415 793 3513 sapientiae
821 3434 863 3484 ae
882 3409 1061 3494 iustitiae,
1100 3407 1306 3494 actoritate,
1338 3420 1372 3479 et
1400 3409 1591 3501 incendere
1741 3405 1951 3485 modist:
1977 3408 2024 3482 Et
2039 3411 2305 3482 innocensnon
2321 3421 2372 3477 est
2390 3386 2579 3474 eoramtein
2609 3403 2611 3470 ι

599 3525 762 3593 flammae
777 3514 946 3585 varietate
963 3511 1212 3601 cupiditatum.
1263 3512 1317 3582 Ae
1331 3534 1406 3581 non
1424 3512 1612 3582 videatur·
1642 3533 1793 3598 nocens,
1820 3512 1862 3583 'id
1885 3528 1954 3598 est,
1989 3512 2054 3583 etsi
2077 3506 2236 3583 humano
2260 3509 2396 3581 iudicio
2417 3520 2483 3573 non
2505 3498 2579 3586 potet

599 3622 716 3695 hedit
736 3616 1043 3691 mmmmm·
1095 3609 1438 3705 αἶκμαλιντίζοντα,
1467 3612 1590 3706 ορριὶ·
1641 3615 1817 3700 accusari,
1840 3627 1998 3685 tamena
2016 3628 2050 3687 te
2064 3613 2223 3686 accusari
2238 3626 2366 3707 potest.
2560 3687 2566 3705 .

599 3727 666 3797 mit
681 3722 842 3792 infirmos
857 3718 1017 3800 animos,
1042 3726 1077 3785 et
1093 3717 1207 3808 capit,
1234 3718 1299 3788 etsi
1314 3716 1407 3808 rapti
1432 3717 1591 3786 liberan-
1631 3776 1635 3789 ,
1747 3715 1835 3787 trini
1850 3712 2008 3787 Domine
2022 3715 2183 3803 iusticia,
2206 3716 2315 3787 nobis
2335 3724 2448 3785 sutem
2465 3694 2579 3772 eonium

600 3817 960 3919 torpescentium,
983 3830 1026 3887 ut
1041 3814 1313 3911 Moiseeesptus
1328 3832 1424 3903 erat,
1449 3842 1532 3889 eum
1547 3817 1591 3886 ad
1644 3814 1766 3904 faciei,
1804 3817 1843 3889 id
1866 3832 1939 3903 est,
1979 3840 2132 3909 agnosco
2158 3840 2227 3888 nos
2251 3812 2384 3887 habere
2404 3800 2579 3903 perratnet

600 3952 727 4021 rupern
741 3921 931 3995 haesitaret
945 3919 1186 3991 acdiffideret.
1234 3918 1354 3992 David
1369 3934 1492 4011 eaptus
1508 3929 1594 4003 erat,
1645 3923 1736 3993 iuste
1755 3922 1867 3991 abste
1884 3920 2018 4012 puniri.
2069 3916 2211 3991 Deinde
2226 3920 2344 3991 addit:
2372 3906 2478 3985 Nobis
2494 3892 2579 3969 eoniu-

602 4054 683 4103 eum
709 4028 849 4099 iuberet
867 4022 1052 4092 numerari
1071 4022 1268 4114 populum,
1292 4022 1414 4116 aliquo
1435 4018 1592 4092 humano
1642 4022 1718 4107 sio,
1743 4022 1811 4093 tibi
1826 4018 1944 4092 a'tstem
1958 4022 2202 4094 misericordia
2219 4036 2253 4094 et
2269 4008 2482 4114 propicium
2502 4002 2530 4069 id
2541 4004 2579 4065 ‘⁶¹’

602 4154 742 4203 errore:
767 4128 824 4197 vel
838 4126 922 4219 quia
938 4124 1053 4215 donia
1071 4126 1299 4207 movebatur,
1332 4126 1430 4219 quod
1447 4124 1522 4201 suis
1537 4146 1593 4191 re·
1644 4143 1796 4213 agnosco
1809 4122 1879 4194 nus
1894 4146 1968 4195 ease
1992 4138 2209 4214 peccatores,
2236 4126 2298 4195 sed
2324 4138 2362 4194 tu
2384 4120 2512 4211 propiet
2525 4116 2578 4191 pn

602 4238 671 4306 bus
691 4230 797 4323 gestis
817 4247 968 4318 regnum
992 4226 1165 4318 uixisset,
1197 4228 1254 4297 vel
1277 4229 1325 4297 ob
1352 4228 1440 4297 alias
1460 4246 1595 4298 musas.
1644 4228 1787 4297 nebunt
1811 4222 2114 4312 mundicordiam,
2143 4248 2267 4299 rursus
2289 4220 2432 4298 eraudi,
2456 4222 2485 4279 et
2505 4202 2577 4311 libes¹

603 4336 674 4409 seo
690 4333 817 4405 omitto
835 4329 1011 4421 erempia:
1038 4328 1226 4402 nonenim
1242 4331 1371 4400 desunt
1392 4328 1461 4418 piis
1482 4327 1594 4396 multa
1643 4350 1721 4401 nos.
1772 4320 1934 4401 Eandem
1953 4329 2169 4401 sententiam
2191 4329 2375 4423 aliquanto
2395 4328 2466 4412 poti
2485 4302 2579 4394 '‘iffi''

603 4434 795 4509 domestica
810 4432 992 4522 exempla,
1017 4430 1085 4522 ipsi
1098 4432 1321 4525 experimur,
1346 4452 1453 4525 quarn
1471 4429 1517 4501 rit
1539 4450 1595 4498 aa·
1646 4454 1685 4502 ae
1702 4431 1807 4501 nouis
1824 4434 2026 4531 exemplum
2043 4432 2125 4502 tuat
2142 4445 2175 4503 et
2192 4424 2424 4501 invocationis
2439 4398 2577 4508 proponit:
2609 4422 2612 4517 p

604 4540 728 4611 sidnua
748 4531 880 4619 hostis,
916 4546 950 4603 et
978 4557 1085 4627 quem
1116 4557 1220 4628 saepe
1248 4533 1427 4625 opprimat
1456 4530 1595 4601 animos
1647 4532 1728 4603 Non
1747 4548 1896 4627 propter
1911 4534 2086 4607 iusticiam
2102 4548 2260 4606 nostram
2277 4532 2444 4625 petimus,
2465 4510 2578 4616 tedis*
2608 4524 2612 4683 p

604 4654 743 4736 praeter
772 4636 978 4730 opinionem
1014 4649 1185 4711 nostram.
1255 4634 1346 4706 Nam
1372 4648 1407 4704 et
1431 4634 1596 4704 diabolus
1646 4650 1725 4727 pter
1735 4636 2021 4707 ‘mirericordiam
2038 4650 2135 4709 tuam
2161 4656 2336 4727 magnam.
2387 4623 2460 4697 Hae
2478 4618 2578 4713 condi

605 4743 713 4814 timul
730 4750 913 4831 oppugnat
930 4738 1019 4826 [¹30⁸.
1115 4772 1120 4779 ·
1648 4762 1711 4810 nes
1729 4760 1860 4828 magno
1887 4758 2062 4810 consentu
2090 4752 2300 4831 repetuntur
2323 4736 2361 4805 in
2383 4719 2480 4799 saeris
2502 4708 2578 4779 lflbf'i

711 4835 913 4914 lcorinth,
929 4838 985 4911 da
1011 4834 1113 4909 Nihil
1126 4831 1218 4907 mihi
1231 4837 1395 4907 tonarius
1410 4862 1511 4925 snm,
1535 4838 1595 4908 red
1647 4863 1786 4933 semper
1811 4854 1993 4911 accusatur
2024 4854 2144 4911 nostra
2170 4838 2378 4919 infirmitas,
2409 4840 2440 4897 et
2460 4814 2578 4917 interpr

603 4948 645 5017 in
665 4940 734 5015 hoc
761 4966 837 5014 non
865 4941 1074 5013 iustificetur
1096 4964 1199 5028 snm,
1231 4940 1334 5033 quasi
1360 4942 1475 5011 dicat:
1517 4938 1597 5011 Etai
1648 4944 1717 5013 fide
1731 4942 1980 5031 coniugeread
1997 4943 2295 5032 misericordiam,
2321 4944 2458 5041 propt!r
2473 4918 2579 5010 imm*

605 5048 743 5120 iusticia
767 5046 882 5116 bonae
905 5043 1142 5114 eonscientiae
1165 5054 1217 5112 est
1232 5044 1449 5124 necessaria,
1477 5058 1595 5115 tamen
1649 5068 1727 5115 surn
1753 5044 1986 5116 mediatorem
2009 5044 2122 5115 filium
2139 5044 2218 5119 Dei.
2271 5041 2330 5116 Sic
2350 5052 2384 5109 et
2404 5021 2517 5103 pantu
2532 5016 2577 5072 ⁰⁰³

606 5164 752 5244 propter
777 5170 855 5217 eam
883 5169 957 5216 non
987 5166 1066 5213 snm
1091 5144 1224 5228 iustos,
1255 5145 1294 5213 id
1322 5158 1394 5231 est,
1435 5158 1597 5237 arreptae
1648 5148 1805 5241 aliquam
1828 5159 1963 5246 partem
1990 5139 2179 5219 bominum
2198 5158 2354 5224 mum,
2378 5132 2435 5206 ssd
2453 5098 2576 5204 simpli&

2473 5216 2576 5294 und!

605 5276 723 5324 comm
753 5247 829 5320 Deo
871 5249 916 5319 ad
957 5245 1065 5317 vidam
1104 5257 1310 5340 aeternam,
1350 5250 1412 5319 sed
1447 5250 1516 5319 iide
1558 5248 1597 5317 iu
1649 5262 1703 5321 ter
1718 5248 1871 5318 affirmat
1890 5270 2014 5319 omnes
2028 5243 2193 5321 hominer
2208 5262 2350 5343 praeter
2359 5230 2470 5312 deii
2490 5338 2520 5388 ω
2535 5302 2575 5373 ὼ

606 5349 799 5428 Christum.
1649 5372 1727 5421 reos
1751 5372 1869 5419 rorem
1886 5347 1973 5425 Deo.
2025 5349 2109 5422 ideo
2134 5351 2269 5445 inquit:
2302 5345 2353 5423 Ut
2374 5352 2471 5411 ‹1¹¹1sse

701 5448 866 5526 Christus
894 5449 994 5520 iubet
1022 5461 1164 5521 sanetoe
1200 5466 1321 5545 petere
1350 5450 1621 5523 remissionem
1648 5466 1824 5536 struatur,
1864 5465 1898 5523 et
1920 5466 2015 5526 totus
2048 5457 2204 5526 mundus
2225 5452 2271 5525 sit
2291 5470 2370 5525 reue
2397 5444 2499 5509 eoram
2517 5408 2575 5528 po

606 5568 845 5650 peecatorum:
872 5547 919 5622 Et
934 5550 1075 5623 dimitte
1089 5553 1196 5625 soon
1213 5555 1332 5625 dehita
1346 5567 1479 5626 nostre.
1508 5552 1597 5626 Item
1650 5553 1754 5625 liena:
1782 5550 1964 5629 Conrluait
1981 5580 2105 5627 omnes
2119 5557 2186 5629 sub
2199 5568 2389 5647 peceatum,
2412 5545 2447 5607 ⁰¹
2461 5519 2574 5625 ⁰¹¹¹⁰¹im

606 5656 742 5753 inquit:
763 5653 902 5736 Dicite,
927 5652 1019 5723 servi
1034 5654 1181 5727 inutiles
1194 5677 1317 5727 sumus
1333 5668 1398 5727 ete.
1649 5656 1867 5725 misereatur.
1927 5655 2031 5728 item:
2072 5659 2148 5749 Qui
2182 5658 2370 5751 gloriatur,
2404 5640 2440 5709 3¹¹
2464 5618 2573 5761 mmm}

672 5835 678 5846 ,
707 5756 956 5830 Psatn.1ttt.:
981 5752 1024 5826 si
1037 5756 1242 5852 iniquitates
1262 5755 1506 5829 observaveris
1520 5752 1597 5826 Do·
1642 5756 1830 5847 glorietur.
1881 5754 1956 5830 Has
1970 5762 2163 5833 sententies
2182 5760 2234 5855 pii
2256 5758 2325 5831 eibi
2346 5722 2564 5847 proP⁰⁰³¹¹¹’⁰

607 5861 721 5946 ruine,
752 5856 911 5932 Domine
933 5857 1013 5953 quis
1039 5858 1254 5933 sustinebit?
1286 5856 1459 5951 Agnoscit
1476 5880 1514 5928 se
1534 5852 1598 5929 ba·
1650 5872 1844 5952 agnoscant
1874 5858 2118 5937 infirmitatem
2148 5876 2309 5937 nostram
2340 5869 2418 5929 vest
2441 5818 2571 5931 imnum
2610 5888 2612 5979 p

2610 6024 2612 6111 t
