5825 6950
558 689 656 769 1³63
1129 676 1258 760 tntu
1283 675 1402 756 MEL
1425 674 1643 756 SCRIPTA
1668 672 1972 755 EXEGETICA.
2497 688 2584 765 llil

561 860 721 935 coelestis
744 854 801 931 bis
822 856 992 931 omnibus
1009 851 1115 925 vobis
1138 875 1230 947 opus
1256 876 1353 937 esse,
1389 848 1558 927 Primum
1612 852 1762 925 consiliu
1779 864 1814 924 et
1828 851 2013 927 voluntate
2028 852 2115 947 Dei,
2139 852 2205 931 'ced
2222 860 2342 933 Deum
2362 882 2429 934 suu
2450 864 2587 935 consiliu

562 966 722 1062 quaerite
739 986 887 1055 regnum
896 957 982 1041 Dei,
1008 970 1044 1030 et
1060 969 1197 1029 caetera
1211 955 1430 1029 adiicientes
1443 958 1558 1031 vobis.
1612 956 1670 1027 vel
1693 957 1814 1027 fovere
1836 970 1985 1029 naturae
2009 958 2122 1047 vires,
2146 963 2204 1033 vel
2226 965 2408 1052 deserere,
2434 966 2490 1035 vel
2512 968 2586 1039 dare

565 1067 677 1155 Item,
702 1065 844 1138 Psalmo
865 1066 949 1138 δὴ
975 1056 1146 1133 Enutriet
1166 1072 1202 1131 et
1222 1060 1293 1153 alet
1315 1083 1376 1131 eos
1391 1058 1433 1129 in
1448 1060 1557 1132 farne:
1609 1058 1812 1148 facultates,
1838 1059 1895 1129 vel
1919 1082 1993 1131 uon
2017 1063 2114 1135 dare.

564 1172 638 1241 imo
666 1183 810 1263 propter
825 1164 1022 1239 Ecclesiam
1039 1161 1138 1233 Deus
1161 1176 1194 1233 et
1214 1176 1368 1234 caeteras
1384 1176 1508 1253 gentes
1525 1175 1560 1235 et
1713 1160 1879 1254 Primum
1895 1162 2005 1253 igitur
2021 1164 2066 1235 sit
2083 1164 2121 1235 in
2136 1164 2239 1237 nobis
2255 1160 2343 1237 haec
2355 1168 2446 1241 fides
2458 1171 2500 1241 de
2514 1196 2585 1265 pro·

562 1276 660 1345 bona
677 1270 876 1363 corporalia
893 1280 1090 1339 conservat.
1131 1261 1323 1358 Postquam
1337 1279 1457 1335 autern
1475 1264 1559 1336 uni·
1611 1264 1790 1350 videntia,
1829 1266 1925 1359 quod
1948 1288 2024 1337 non
2045 1290 2128 1337 casu
2154 1284 2365 1360 spargantur
2395 1267 2481 1343 haec
2503 1277 2585 1349 bona

563 1400 664 1447 versa
687 1370 845 1445 Ecclesia
866 1371 1012 1443 collecta
1036 1366 1164 1453 fuerit,
1195 1392 1260 1437 nec
1281 1367 1415 1438 suerint
1438 1368 1558 1461 plures
1610 1368 1687 1437 sine
1703 1366 1853 1438 consilio
1870 1363 1950 1437 Dei.
2000 1366 2091 1439 Nam
2109 1365 2194 1441 haec
2208 1372 2295 1443 fides
2310 1388 2361 1443 est
2382 1376 2584 1449 fundamen.

564 1479 669 1549 electi
684 1477 721 1546 in
737 1498 864 1568 genere
878 1469 1060 1556 humano,
1085 1494 1169 1539 nrox
1182 1469 1330 1540 cessabit
1354 1467 1440 1541 haec
1461 1494 1558 1541 mor·
1610 1483 1687 1541 tum
1723 1468 1905 1562 petitionis
1936 1482 1973 1539 et
2002 1472 2194 1567 gratiarum
2230 1475 2393 1549 actionis.
2445 1474 2492 1551 Et
2522 1482 2584 1555 sint

564 1581 647 1653 talis
669 1580 762 1672 vita,
787 1592 821 1649 et
839 1578 899 1649 fiet
920 1588 1116 1645 extremum
1138 1571 1324 1643 iudicium.
1609 1584 1695 1643 nota
1710 1571 1827 1665 aliqua
1843 1571 2045 1643 testimonia
2064 1571 2167 1651 Deut.
2182 1575 2236 1649 8.:
2261 1576 2345 1649 Non
2361 1580 2399 1649 in
2416 1582 2491 1653 solo
2506 1608 2584 1675 pane

669 1678 735 1752 Est
760 1696 878 1753 autern
904 1676 1093 1771 promissio
1116 1674 1295 1745 bonorum
1317 1674 1557 1767 corporalium
1609 1674 1705 1745 vivet
1731 1670 1859 1760 homo,
1895 1676 1956 1744 sed
1979 1679 2141 1747 exomni
2164 1680 2293 1767 verbo,
2321 1685 2417 1775 quod
2440 1688 2585 1777 procedit

566 1784 783 1876 generalis,
806 1806 880 1851 non
902 1780 1043 1867 alligata
1069 1791 1166 1848 certo
1189 1778 1290 1857 loco,
1326 1790 1368 1847 ut
1386 1774 1558 1849 Israelitis
1610 1800 1652 1845 ex
1674 1801 1736 1846 ore
1752 1777 1889 1851 divino.
1927 1774 2034 1853 Deut.
2056 1779 2133 1849 80.:
2175 1778 2251 1873 lpse
2273 1796 2324 1853 est
2350 1786 2422 1857 vita
2449 1800 2525 1874 tua,
2554 1804 2586 1859 ct

565 1890 709 1980 alligata
730 1886 1021 1957 eratadcertum
1045 1880 1182 1961 locum,
1209 1892 1244 1951 et
1264 1902 1405 1971 semper
1428 1881 1468 1949 in
1491 1876 1561 1950 hac
1610 1879 1798 1969 longitudo
1828 1878 1969 1949 dierum
1999 1894 2157 1954 tuorum.
2206 1883 2413 1963 Acr0.17..·
2457 1888 2497 1959 ln
2519 1892 2586 1985 ipso

564 1992 638 2062 vita
655 2004 729 2059 rata
745 2002 797 2059 est
813 1986 982 2057 universo
998 1984 1127 2057 coetui.
1179 1980 1266 2051 ldeo
1281 2003 1420 2074 semper
1436 1982 1475 2051 in
1492 1980 1557 2053 bac
1610 1980 1783 2059 vivimus,
1804 2004 1991 2051 movemur
2005 1996 2040 2053 et
2052 2006 2186 2055 sumtis.
2219 1983 2434 2065 Mactata:
2462 1986 2589 2063 Omnes

564 2094 639 2164 vita
655 2106 771 2162 servat
788 2089 886 2162 Deus
900 2088 1057 2180 aliquam
1071 2108 1171 2154 suam
1188 2081 1557 2168 Ecclesiam,etiamsi
1609 2084 1730 2174 capilli
1747 2083 1871 2174 capitis
1887 2085 1994 2154 vestri
2012 2089 2188 2158 numerati
2203 2104 2297 2165 sunt.
2338 2091 2588 2171 Proventu:

564 2196 679 2269 multa
703 2193 863 2264 membra
889 2187 1173 2273 interficiuntur,
1196 2198 1236 2255 ut
1254 2186 1284 2256 si
1302 2186 1451 2257 viatoria
1471 2212 1557 2280 pro·
1608 2180 1816 2257 Benedictio
1847 2183 1993 2256 Domini
2027 2186 2155 2259 divites
2186 2192 2281 2267 facit.
2342 2194 2515 2271 Proverb.
2538 2200 2588 2273 la:

562 2299 669 2367 missa
690 2308 780 2365 esset
802 2292 988 2373 exercitui,
1015 2303 1091 2362 rata
1115 2302 1150 2359 ct
1174 2310 1257 2359 vera
1281 2302 1333 2361 est
1357 2290 1556 2380 promissio,
1608 2282 1959 2379 EgestasaDornino
1976 2288 2135 2361 indomo
2152 2292 2267 2385 impii.
2319 2292 2406 2370 lere.
2423 2300 2463 2370 in
2479 2297 2590 2371 Thre-

564 2399 701 2471 etiamsi
728 2396 841 2490 aliqui
864 2394 995 2465 milites
1016 2390 1292 2463 interficiuntur.
1608 2392 1666 2461 nis
1681 2415 1756 2484 cap.
1772 2388 1824 2463 E:
1852 2388 1943 2479 Quis
1964 2404 2016 2463 est
2038 2392 2208 2488 iste,'qui
2229 2396 2314 2467 dicit
2329 2401 2408 2472 fieri
2423 2397 2507 2475 haec
2522 2428 2592 2474 nnn

666 2499 851 2581 Secundo,
874 2494 1066 2589 promissio
1082 2493 1277 2584 corporalis
1296 2514 1434 2583 semper
1448 2490 1556 2561 intel·
1608 2493 1755 2564 iubente
1783 2486 1960 2574 Domino,
1991 2491 2046 2565 Ex
2065 2518 2127 2565 ore
2147 2492 2298 2569 Domini
2325 2527 2390 2577 nec
2413 2506 2507 2579 bona
2531 2532 2593 2579 nec

562 2606 696 2697 ligatur
728 2625 811 2675 cum
851 2599 1057 2691 exceptione
1090 2594 1329 2686 castigationis
1363 2607 1399 2665 et
1430 2592 1556 2665 crucis.
1607 2596 1701 2667 mala
1723 2592 1974 2686 egredientur?

562 2706 653 2779 Vult
673 2702 771 2775 Deus
795 2716 987 2796 utrumque
1017 2696 1171 2771 exerceri
1198 2696 1237 2766 in
1268 2697 1422 2791 petentis
1450 2694 1557 2767 bonis
1710 2695 1881 2791 Sequitur
1909 2720 1993 2789 ergo
2026 2696 2157 2771 deinde
2188 2702 2298 2775 altera
2328 2730 2445 2785 causa.
2502 2706 2592 2781 Carm

564 2807 830 2901 corporalibus,
851 2805 957 2876 iidem
973 2816 1008 2875 et
1021 2799 1275 2889 obedientiam.
1327 2796 1417 2869 Vult
1436 2796 1555 2869 abrs·
1608 2798 1842 2871 certissimum
1861 2798 1907 2870 sit
1921 2792 2007 2871 baec
2022 2800 2116 2873 bona
2134 2804 2306 2879 divinitus
2324 2812 2422 2894 dari,
2445 2826 2594 2907 utroque

564 2908 633 2982 hae
651 2909 759 2980 vitam
776 2921 811 2980 et
826 2906 998 2978 familiam
1014 2903 1211 2987 custodire,
1231 2900 1376 2986 sedita,
1399 2913 1440 2972 ut
1454 2923 1556 2989 rega·
1608 2903 1716 2972 modo
1739 2901 1818 2972 vult
1838 2896 1937 2972 Deus
1955 2904 2109 2973 exerceri
2126 2905 2250 2993 tidem,
2274 2914 2448 3004 petitione
2463 2928 2497 2985 et
2513 2938 2593 3007 gra-

564 3028 625 3087 tur
646 3005 833 3083 Abraham
856 3032 931 3079 non
953 3008 1069 3079 sulum
1091 3000 1260 3075 humanis
1283 3002 1460 3087 consiliis,
1494 3005 1555 3072 sed
1608 3004 1737 3077 tisrum
1759 3003 1916 3089 actione,
1942 3005 2020 3077 vult
2035 3028 2071 3075 se
2084 3010 2226 3099 agnosci
2244 3029 2438 3087 creatorem
2463 3041 2537 3091 csse
2561 3032 2594 3089 et

564 3118 655 3200 lide,
689 3112 917 3183 invocatione
933 3107 1022 3195 Dei,
1049 3121 1084 3178 et
1098 3132 1120 3177 a
1135 3105 1211 3178 Deo
1234 3118 1328 3197 petat
1346 3118 1381 3177 et
1397 3118 1556 3197 expectet
1608 3108 1766 3177 datorem
1783 3106 1877 3177 vitae
1893 3119 1927 3177 et
1942 3108 2074 3197 victus,
2099 3110 2176 3183 vult
2201 3106 2269 3186 hoc
2292 3117 2464 3190 celebrari
2479 3122 2518 3191 in
2534 3146 2593 3212 pe-

563 3217 759 3299 auxilium,
785 3214 884 3285 iuxta
900 3213 996 3283 dicta
1014 3207 1141 3283 Ierem.
1159 3206 1234 3278 17.:
1261 3204 1476 3277 Maledictus
1491 3207 1555 3302 qui
1607 3209 1735 3279 titione
1757 3220 1791 3279 et
1816 3208 2009 3299 gratiarum
2033 3212 2183 3286 actione.
2233 3216 2335 3291 Sicut
2355 3222 2443 3293 dicit
2466 3220 2594 3295 psalm,

565 3318 714 3393 conlidit
749 3318 789 3386 in
815 3311 961 3387 homine
995 3326 1032 3385 et
1057 3310 1160 3403 ponit
1185 3332 1328 3381 carnem
1364 3304 1554 3381 brachium
1607 3308 1687 3384 50.:
1723 3306 1853 3381 luvoca
1876 3334 1933 3381 me
1957 3312 1996 3381 in
2020 3314 2078 3383 die
2100 3315 2365 3415 tribulationis,
2390 3337 2426 3396 et
2446 3326 2592 3419 eripiam

566 3448 682 3497 suurn.
736 3418 845 3501 ltem,
880 3412 1032 3490 Zachar.
1052 3412 1107 3490 ct:
1137 3409 1222 3485 Non
1244 3412 1284 3483 iu
1305 3412 1454 3498 robore,
1480 3436 1555 3484 non
1607 3428 1661 3501 tc,
1689 3427 1723 3486 ct
1747 3413 1958 3504 glorificabis
1981 3438 2049 3494 me.

565 3528 606 3597 in
624 3523 799 3610 exercitu,
825 3524 940 3592 sedin
958 3519 1086 3612 spiritu
1102 3541 1199 3602 meo,
1224 3515 1312 3586 dicit
1324 3515 1517 3588 Dominus.
1663 3573 1668 3582 .
1710 3515 1833 3586 Tertia
1856 3537 1958 3588 causa
1976 3531 2045 3606 est,
2069 3517 2147 3592 Hae
2160 3525 2414 3616 promissiones
2434 3545 2519 3606 sunt
2538 3546 2592 3604 te-

667 3626 756 3699 Vult
778 3623 883 3696 etiam
905 3617 973 3692 boc
990 3622 1078 3692 scire
1094 3613 1278 3703 homines,
1300 3641 1338 3687 se
1353 3642 1434 3688 vere
1451 3618 1556 3688 irasci
1606 3619 1774 3693 stimonia
1788 3619 1833 3688 de
1844 3622 2111 3693 conservatione
2122 3620 2301 3700 Ecclesiae
2316 3631 2354 3704 in
2371 3629 2438 3706 har
2453 3635 2594 3708 mortali

564 3731 734 3824 peccatis,
767 3739 804 3798 et
824 3721 1045 3797 horribiliter
1067 3721 1196 3814 punire
1217 3721 1357 3818 lapsus,
1379 3733 1421 3792 ut
1443 3721 1556 3794 simus
1606 3723 1698 3803 vita,
1736 3723 1817 3791 ideo
1846 3721 1941 3792 enim
1972 3724 2121 3809 dantur,
2160 3751 2207 3798 ne
2237 3730 2387 3807 intereat
2418 3733 2594 3816 Ecclesia.

566 3830 812 3936 diligentiores
829 3829 868 3900 iu
884 3827 989 3896 nobis
1005 3821 1203 3896 frenandis:
1230 3824 1320 3893 sicut
1335 3822 1555 3893 tristissimae
1605 3825 1702 3898 iuxta
1728 3825 1819 3896 illud
1839 3817 1974 3895 Psalmi
1999 3825 2098 3902 tta:
2132 3829 2217 3900 Non
2241 3839 2373 3908 mortui
2396 3839 2596 3913 laudabunt

566 3959 704 4027 poenae
733 3943 872 4003 secutae
902 3943 986 4000 sunt
1009 3929 1130 4019 lapsus
1150 3922 1317 4008 Davidis,
1351 3923 1555 3996 Salomonis
1605 3941 1641 4000 te
1661 3925 1829 3998 Domine.
1883 3923 1970 3998 ltem
1995 3925 2125 4004 Marah.
2150 3935 2203 4006 n:
2243 3934 2406 4010 Primum
2436 3945 2597 4037 quaerite

566 4051 635 4112 etc.
689 4033 737 4106 Et
760 4047 876 4105 tamen
902 4032 996 4103 inter
1017 4026 1081 4100 has
1101 4049 1233 4123 poenas
1256 4027 1403 4119 aliquod
1433 4051 1555 4098 semen
1605 4052 1754 4122 reguum
1770 4025 1859 4115 Dei,
1885 4045 1919 4100 et
1940 4049 2075 4104 caetera
2097 4035 2312 4110 adlicientur
2327 4043 2442 4115 vobis.

565 4138 744 4210 Ecclesiae
765 4157 904 4226 semper
924 4147 1101 4206 servatum
1125 4145 1197 4212 est,
1230 4142 1272 4201 ut
1296 4129 1337 4198 iu
1358 4128 1465 4200 exilio
1483 4127 1555 4200 Ba·
1706 4130 1855 4222 Quarta,
1881 4127 2019 4204 Omnes
2034 4137 2284 4227 promissiones
2294 4149 2498 4239 corporales
2512 4165 2597 4222 sunt

563 4240 747 4337 bylonico.
1606 4233 1961 4306 commonefactiones
1993 4240 2038 4307 de
2071 4239 2271 4338 spirituali,
2316 4250 2503 4336 videlicet,
2551 4253 2595 4323 dc

670 4341 723 4415 lta
746 4340 909 4412 videmus
929 4332 1203 4431 promissionem
1219 4332 1440 4427 corporalem
1455 4331 1555 4404 simi·
1606 4336 1680 4406 lilio
1697 4334 1783 4420 Dei,
1808 4335 1891 4431 quia
1907 4339 2153 4413 necinvocare
2167 4340 2283 4416 Deum
2299 4375 2508 4442 possumus,
2522 4354 2593 4426 nisi

567 4446 650 4518 liter
673 4460 882 4536 ratamqesse
907 4453 1052 4534 propter
1075 4439 1224 4530 gloriam
1249 4435 1335 4522 Dei,
1368 4461 1414 4506 ne
1439 4438 1555 4508 extin—
1606 4437 1705 4530 prius
1727 4439 1877 4508 sciamus
1900 4463 1966 4510 nos
1992 4444 2100 4536 recipi
2119 4458 2152 4516 et
2168 4451 2327 4523 exaudiri
2348 4468 2494 4548 propter
2516 4481 2592 4528 me-

567 4563 697 4640 guatur
715 4545 849 4638 agnitio
863 4543 930 4617 Dei
947 4543 986 4612 in
1003 4565 1130 4632 genere
1145 4535 1323 4626 humano,
1349 4552 1383 4610 et
1404 4539 1443 4607 in
1463 4538 1553 4630 peti·
1606 4541 1790 4613 dictorem.
1841 4540 1938 4613 Haec
1966 4544 2052 4616 fides
2081 4547 2119 4616 in
2149 4551 2248 4620 omni
2282 4558 2456 4647 petitione
2483 4559 2590 4632 etiem

564 4652 665 4722 tione
684 4647 787 4720 hunc
808 4645 917 4720 finem
940 4646 1159 4729 intueamur,
1183 4641 1313 4714 Psalm.
1332 4638 1435 4716 tta:
1472 4640 1554 4712 Non
1605 4643 1842 4735 corporalium
1863 4644 2040 4718 bonorum
2055 4650 2269 4740 praeluceat:
2297 4661 2345 4730 ita
2363 4662 2589 4754 perspicuum

565 4749 847 4837 nobisDomine,
867 4774 942 4834 non
960 4747 1080 4832 nobis,
1105 4747 1170 4816 scd
1182 4744 1401 4828 nominituo
1416 4747 1460 4815 da
1478 4745 1554 4834 glo·
1605 4759 1676 4834 est,
1715 4769 1794 4818 cum
1817 4744 1903 4816 fides
1924 4749 2012 4838 petit
2037 4755 2255 4846 corporalis,
2296 4761 2405 4834 simul
2425 4779 2589 4858 oportere

566 4858 669 4927 riam.
722 4852 828 4925 ltem:
860 4850 944 4922 Non
968 4848 1101 4920 mortui
1125 4848 1323 4918 laudabunt
1336 4860 1370 4916 te
1386 4844 1553 4920 Domine.
1604 4849 1757 4920 exerceri
1781 4849 1986 4940 petitionem
2011 4853 2242 4945 spiritualem.

564 4954 802 5031 Exerceamur
823 4953 933 5045 igitur
954 4963 989 5022 et
1009 4952 1115 5021 fidem
1130 4962 1164 5021 et
1179 4949 1419 5020 obedientiam
1434 4948 1473 5019 in
1491 4973 1549 5040 pe«
1704 4949 1800 5022 Haec
1816 4964 1889 5024 tots
1911 4955 2073 5026 doctrina
2096 4958 2141 5027 de
2163 4963 2459 5051 promissionibus
2480 4971 2586 5064 spiri·

567 5061 713 5146 titione,
755 5071 790 5128 et
816 5053 1055 5148 expectatione
1087 5053 1326 5144 corporalium
1363 5053 1552 5134 bonorum,
1602 5053 1758 5126 tualibus
1777 5069 1810 5126 ct
1826 5057 2069 5146 corporalibus
2084 5061 2266 5134 notissima
2285 5067 2331 5139 sit
2345 5073 2525 5159 omnibus,
2552 5087 2585 5144 et

564 5163 659 5234 sicut
678 5160 857 5236 Dominus
876 5159 976 5230 iubet
1002 5167 1119 5248 petere
1140 5179 1266 5249 panem
1291 5155 1552 5249 quotidianum,
1602 5157 1760 5251 quotidie
1777 5157 1816 5228 in
1834 5157 2059 5233 invocatione
2074 5181 2284 5258 exerceatur,
2299 5169 2338 5240 in
2354 5197 2424 5266 qua
2444 5177 2584 5268 publica

565 5279 600 5338 et
631 5265 711 5335 illas
734 5263 866 5349 stultas
890 5259 1159 5352 superstitiones
1191 5280 1314 5330 eorum
1339 5281 1552 5339 execramur,
1601 5272 1635 5330 et
1652 5259 1786 5353 privata
1809 5263 1902 5332 bona
1918 5265 2067 5352 petenda
2084 5281 2186 5355 sunt,
2210 5271 2377 5345 salutaria
2400 5280 2583 5370 regimina,

565 5367 629 5462 qui
644 5362 737 5439 hanc
751 5363 959 5455 petitionem
974 5363 1114 5450 uolunt,
1126 5359 1352 5452 interpretari
1375 5361 1421 5429 de
1445 5361 1550 5430 rebus
1602 5385 1686 5454 pax,
1709 5363 1841 5444 victus,
1869 5365 1962 5435 bona
1977 5366 2142 5439 valetudo
2163 5383 2196 5440 et
2213 5372 2282 5444 alia
2303 5375 2409 5454 bona.
2462 5377 2504 5452 In
2527 5375 2581 5450 bis

563 5469 821 5562 corporalibus.
1600 5463 1772 5534 exercitiis
1788 5465 1847 5537 fiet
1863 5467 2022 5538 doctrina
2045 5470 2153 5560 magis
2175 5477 2376 5567 perspicua,
2401 5495 2436 5554 et
2451 5498 2577 5554 crescet
2665 5463 2666 5506 l

665 5570 815 5664 Semper
830 5581 947 5640 autern
964 5567 1002 5635 in
1019 5578 1206 5657 conspectu
1226 5563 1299 5634 sint
1313 5560 1379 5634 liae
1394 5579 1549 5658 quatuor
1600 5567 1704 5652 tides,
1746 5593 1834 5660 quae
1864 5571 2062 5659 experietur
2091 5567 2183 5645 lianc
2212 5577 2476 5654 invocationem
2503 5609 2573 5656 non

563 5696 704 5755 causae,
737 5686 987 5766 propterquas
1000 5668 1097 5739 Deus
1114 5682 1147 5737 et
1172 5668 1318 5738 tradidit
1340 5669 1546 5756 promissio·
1599 5691 1672 5738 esse
1695 5671 1844 5746 irritam.
1902 5669 2062 5744 Sciamus
2085 5676 2190 5746 etiam
2215 5676 2332 5752 Deum
2362 5679 2450 5758 haec
2480 5711 2574 5758 excr-
2665 5679 2666 5699 ³

560 5800 625 5846 nes
639 5776 857 5867 corporales,
881 5788 916 5844 et
933 5773 1010 5842 vult
1026 5795 1069 5842 ea·
1082 5771 1175 5840 bona
1193 5770 1276 5860 peti.
1334 5767 1457 5841 Prima
1481 5785 1544 5856 est,
1595 5771 1679 5841 citio
1700 5773 1894 5862 postulare,
1943 5789 1977 5848 et
1998 5769 2089 5847 banc
2112 5777 2372 5856 invocationem
2400 5813 2474 5860 esse
2501 5789 2574 5860 cul-

563 5875 658 5966 Quia
674 5878 748 5949 vult
764 5876 913 5968 intelligi
933 5870 1016 5950 haec
1033 5876 1125 5946 buna
1138 5897 1214 5943 non
1227 5873 1344 5964 spargi
1368 5897 1449 5944 casu
1465 5875 1541 5946 sine
1594 5887 1667 5944 tum
1686 5872 1761 5944 Dco
1786 5876 1976 5969 placentem
2000 5877 2038 5948 in
2061 5883 2294 5962 credentibus.
2337 5885 2438 5966 Sicut
2461 5891 2573 5987 inquit
