5825 6950
284 798 293 1381 l

341 699 398 774 ιιι
493 687 591 765 xttt.
643 695 680 767 2.
695 687 1072 764 coustuNTAlttt
1099 685 1150 762 IN
1176 685 1331 762 EPIST.
1357 679 1507 758 PAULI
1533 679 1601 756 AD
1627 677 1891 782 Romanos„
1941 677 2048 760 CAP.
2074 681 2137 760 xt.
2249 681 2337 755 69⁸2

336 864 437 942 nundi
450 860 575 934 iudicia
590 861 813 948 consolatur,
839 876 873 935 et
897 863 1000 934 docet
1018 885 1085 932 nos
1097 854 1289 953 Propheta,
1337 854 1450 948 gloria
1466 855 1537 928 Dei
1555 855 1649 928 laedl
1664 867 1825 947 putatur,
1849 855 1960 928 etalii
1977 855 2100 928 dolent
2120 853 2326 927 labefactari
2358 851 2364 858 ’

335 987 364 1044 ιι
376 965 606 1050 ministerium,
620 965 757 1035 etiamsi
767 983 923 1058 spretum
933 966 1128 1036 etinvisum
1137 965 1286 1049 mundo,
1338 960 1582 1046 autoritatem,
1607 959 1772 1053 dissipari
1789 959 1951 1030 ordinem
1966 957 2144 1030 Ecclesiae
2161 974 2228 1033 etc.

333 1093 428 1146 tanen
441 1087 613 1156 amemus,
639 1080 674 1139 et
689 1069 841 1138 sciamus
858 1069 976 1138 efficax
993 1091 1085 1152 esse,
1110 1080 1144 1137 et
1161 1065 1287 1136 afferre

333 1177 453 1246 saltuem
467 1169 701 1244 credentibus.
734 1169 834 1242 Sicut
850 1185 885 1242 et
899 1169 1059 1240 Paulus
1049 1168 1182 1262 lnquit:
1201 1168 1286 1238 Non

332 1279 417 1398 pudet
432 1295 484 1342 me
498 1268 696 1361 Evangelii
747 1269 801 1343 lta
816 1273 1066 1343 confirmemus
1082 1293 1148 1340 nos
1164 1285 1286 1341 contra
1439 1263 1635 1342 Coacervat
1649 1268 1779 1338 multas
1794 1269 1996 1354 sententias,
2011 1292 2102 1362 quae
2118 1267 2327 1339 describunt

331 1379 413 1468 inpia
441 1373 568 1444 iudicia
589 1375 737 1460 mundi,
772 1387 807 1445 ct
828 1375 1092 1445 consideremus
1113 1386 1286 1466 qrrantum
1339 1393 1471 1461 poenas
1491 1369 1694 1461 impietatis.
1752 1366 1979 1441 Contemtum
2006 1370 2191 1490 Evangelii
2215 1370 2328 1442 comi-

331 1479 492 1560 ιιιιιιιιίι,
522 1497 682 1547 exercere
702 1429 946 1549 eiudelitatem
974 1491 1096 1548 contra
1119 1475 1196 1568 pios
1217 1475 1287 1544 mi·
1339 1486 1435 1545 tatur
1462 1473 1611 1542 coecitas
1640 1485 1674 1543 et
1706 1457 1917 1557 induratio,
1958 1495 2049 1566 quae
2073 1473 2121 1542 ita
2151 1485 2326 1565 occupant

1409 1125 1466 1200 Et
1482 1123 1620 1202 David
1636 1125 1740 1202 dicit:
1766 1123 1861 1203 Rae
1876 1151 2004 1202 mensa
2023 1152 2164 1219 ιοιιιιιι,
2189 1139 2252 1204 ιιι.
2318 1191 2328 1216 ,

285 1582 294 1789 g
331 1583 432 1652 nistros
448 1575 645 1667 Evangelii.
1226 1650 1230 1662 ⁸
1338 1576 1495 1656 animos,
1520 1589 1560 1646 ut
1583 1597 1656 1644 non
1680 1573 1814 1666 possint
1835 1575 2051 1665 resipiscere.
2101 1573 2241 1646 Deinde
2263 1574 2327 1644 illa

1340 1677 1413 1770 ipsa
1439 1677 1590 1746 coecitas
1618 1677 1775 1748 cumulat
1802 1699 1956 1761 errores,
1994 1677 2139 1748 accersit
2158 1677 2328 1762 furorem,

661 1811 799 1924 a...
834 1813 942 1912 xr-
1338 1772 1787 1953 ιιιιιιιιι
1802 1778 2328 1952 asservatum

401 1980 542 2071 Mitigat
561 1980 781 2074 superiorem
805 1981 986 2074 querelam
1010 1950 1056 2050 de
1078 1981 1286 2063 delectione,
1441 1983 1495 2054 De
1526 1983 1607 2052 aliis
1637 1905 1786 2075 poeqnisi
1824 1981 1951 2054 Mensa
1980 1984 2041 2054 liat
2073 1983 2112 2052 in
2148 1931 2326 2078 laqueum,

290 2112 295 2173 ς
331 2099 495 2158 etteatatur
520 2083 795 2176 promissionem
818 2078 937 2155 adhuc
957 2083 1136 2173 pertinere
1157 2086 1200 2154 ad
1221 2109 1287 2176 po-
1339 2085 1542 2155 scandalum
1559 2099 1624 2156 etc.
1668 2081 1851 2175 Significat
1865 2086 1962 2154 enim
1976 2107 2096 2156 mensa
2113 2081 2182 2156 hoc
2198 2086 2329 2179 ipsum,

330 2191 442 2280 polum,
470 2200 504 2257 et
521 2186 655 2256 multos
669 2209 746 2255 eam
766 2199 1018 2256 consecuturos
1040 2210 1132 2271 esse,
1158 2186 1286 2256 videli·
1339 2187 1464 2281 inquo
1484 2187 1672 2279 praecipue
1694 2187 1922 2281 acquiescunt
1945 2182 2126 2271 homines,
2151 2189 2248 2281 quod
2272 2187 2328 2254 vi-

330 2306 379 2374 tet,
399 2291 456 2382 qui
472 2289 639 2360 credunt.
691 2287 746 2358 Ac
762 2287 916 2377 primurn
932 2314 951 2358 a
967 2312 1032 2358 suo
1051 2289 1211 2380 exemplo
1227 2311 1286 2358 ar·
1338 2290 1443 2361 detur
1454 2289 1581 2358 afferre
1597 2289 1895 2374 consolationem,
1920 2289 2112 2374 auxilium,
2135 2292 2326 2361 recreatio-

292 2400 542 2509 lamentatur·
574 2387 651 2479 Ego
672 2413 754 2460 sum
770 2389 948 2470 lsraelita
981 2405 1015 2461 et
1035 2391 1183 2482 adeptus
1206 2414 1285 2460 sum
1338 2415 1438 2477 nem,
1473 2390 1640 2484 quietem.
1699 2389 1800 2464 Sicut
1831 2414 1952 2462 mensa
1973 2389 2137 2483 Pompeii
2166 2391 2236 2462 tute
2265 2414 2327 2460 rex

330 2494 591 2586 pmmissionem,
615 2489 711 2581 Ergo
726 2489 904 2562 lsraelrtae
927 2505 1075 2581 possunt
1100 2516 1178 2562 eam
1199 2514 1285 2562 con·
1337 2491 1513 2589 Aegypti,
1546 2491 1640 2562 ille
1628 2514 1704 2584 rpse
1719 2494 1763 2563 ad
1780 2515 1885 2586 quem
1903 2494 2078 2583 confugit,
2105 2491 2206 2564 cuius
2223 2515 2327 2586 prae-

330 2597 412 2688 tequi.
458 2590 586 2664 Altera
602 2596 692 2664 ratio
707 2607 823 2663 sumta
836 2607 888 2662 est
903 2595 948 2662 ab
963 2594 1124 2684 exemplo
1147 2608 1284 2687 tempo·
1337 2597 1429 2667 sidio
1450 2597 1614 2687 sperabat
1632 2618 1670 2665 se
1690 2595 1766 2666 lore
1787 2608 1924 2682 tutum,
1954 2595 2024 2668 tuit
2055 2596 2089 2665 ei
2113 2595 2240 2668 exitio:
2275 2595 2326 2664 ita

330 2723 384 2766 ιιιι
404 2695 543 2768 Heliae.
601 2693 653 2768 lta
681 2709 804 2768 monet
831 2719 971 2786 semper
991 2695 1186 2769 Ecclesiam
1212 2698 1286 2768 exi·
1338 2697 1477 2770 ludaeis
1498 2698 1602 2768 leret
1619 2719 1783 2790 praesens
1799 2699 1941 2790 polrtra
1967 2711 2002 2770 et
2026 2697 2088 2768 ille
2110 2681 2325 2788 gloriosissi·

330 2823 402 2888 pam
424 2823 514 2880 esse,
551 2811 586 2868 et
609 2798 722 2870 multo
745 2799 915 2870 maiorem
937 2822 1129 2870 numerum
1153 2823 1195 2870 ae
1218 2824 1284 2891 po·
1337 2799 1691 2891 mustituluspopuli
1708 2798 1795 2880 Dei,
1818 2813 2038 2872 eratmeusa.
2074 2799 2325 2872 Hascesscie-

329 2902 663 2993 tentiamimpiomm.
1338 2906 1422 2975 bant
1445 2901 1618 2974 divinitus
1640 2904 1807 2988 traditas,
1833 2918 1868 2974 et
1889 2916 1961 2974 tam
1985 2903 2048 2972 diu
2067 2903 2227 2973 defensas
2242 2922 2326 2986 esse,

285 3039 287 3044 r
396 3000 440 3074 Et
460 3004 566 3073 addit
588 3001 810 3086 doctrinam,
841 3003 938 3095 quod
963 2997 1122 3074 Ecclesia
1144 3003 1283 3076 nonsit
1327 3003 1370 3076 ¹et
1386 3006 1636 3076 existimabant
1649 3028 1723 3076 non
1741 3027 1842 3097 posse
1860 3005 2003 3078 mutari.
2043 3003 2165 3094 Quare
2176 3006 2326 3074 damna

285 4284 287 4289 ’
434 4289 561 4371 Dedit
576 4291 749 4393 spiritum
764 4292 1051 4388 compunctionis
1066 4303 1129 4372 ιιι.

332 3107 402 3176 electa
418 3121 567 3198 propter
586 3105 719 3195 legem,
752 3116 898 3197 propter
919 3105 1101 3195 politiam,
1133 3109 1194 3177 sed
1219 3129 1283 3196 po·
1336 3109 1422 3180 bant
1446 3109 1672 3194 doctrinam,
1714 3129 1805 3200 quae
1837 3107 2026 3176 videbatur
2052 3105 2250 3191 adversari,
2291 3117 2327 3177 et

332 3210 417 3298 polum
433 3206 595 3278 Deiesse
618 3207 765 3290 electos,
796 3230 858 3299 qur
848 3201 1109 3295 Evangelium
1130 3207 1201 3280 lide
1218 3233 1283 3300 ap-
1334 3209 1524 3302 sperabant
1557 3233 1594 3281 se
1624 3209 1701 3280 iore
1737 3209 1909 3295 victores,
1948 3207 2040 3280 sicut
2072 3219 2174 3280 antea
2207 3219 2325 3299 patres

330 3306 535 3398 prehendunt.
589 3301 1082 3380 ldeoadditmisericordiam
1100 3331 1176 3382 esse
1198 3335 1283 3382 cau·
1334 3305 1654 3403 triumphaverant.
1720 3311 1803 3382 Hae
1832 3334 1888 3382 res
1916 3309 2061 3382 luerunt
2084 3308 2251 3428 laqueus,
2285 3307 2323 3381 id

330 3413 588 3493 coelectionis,
621 3411 843 3500 nonlrgem‚
875 3433 949 3480 non
975 3412 1159 3503 politiam,
1190 3414 1282 3487 sieut
1334 3426 1404 3501 est,
1428 3414 1522 3485 mala
1547 3411 1776 3507 persuasione
1799 3424 1991 3485 tenuerunt
2004 3411 2159 3483 irretitos
2174 3433 2325 3497 animos

329 3538 399 3605 supra
425 3520 467 3585 de
496 3514 710 3586 discrimine
731 3516 886 3584 duorum
910 3514 1124 3605 populorum
1146 3518 1280 3587 dictum
1333 3529 1368 3588 et
1388 3530 1507 3608 postea
1531 3518 1764 3608 perdiderunt
1786 3532 1851 3589 etc.
1911 3512 1963 3585 lta
1986 3538 2083 3583 nunc
2102 3514 2228 3587 titulus
2252 3514 2325 3585 Ec-

328 3634 366 3691 ιιι,
404 3618 592 3715 synagoga
609 3612 717 3686 habet
729 3616 872 3687 titulum
889 3614 1115 3709 populiDei‚
1149 3633 1185 3691 et
1204 3619 1280 3690 bel·
1332 3619 1476 3705 clesiae,
1512 3632 1564 3689 est
1588 3640 1709 3689 mensa
1742 3618 2027 3689 adversariorum
2055 3610 2251 3703 Ecclesiae,
2290 3629 2325 3687 ιι

327 3719 457 3807 ligaretur
478 3744 567 3789 curn
594 3742 677 3788 vero
697 3718 830 3808 populo
853 3730 888 3789 et
911 3742 990 3788 eum
1013 3742 1096 3789 vera
1110 3717 1281 3796 Ecclesia.
1331 3723 1501 3815 illaqueat
1533 3720 1673 3795 animos
1703 3721 1791 3793 falsa
1823 3720 2069 3813 persuasione,
2102 3735 2138 3792 et
2172 3718 2240 3791 erit
2273 3718 2324 3789 eis

294 3819 298 3872 :
327 3822 467 3894 ldversus
481 3818 559 3893 hoe
574 3820 779 3891 scandalum
798 3834 937 3911 oportet
963 3841 1029 3895 noa
1050 3844 1125 3893 csse
1146 3822 1280 3901 instru-
1332 3824 1492 3899 esitium.

295 3993 296 3996 ,
326 3938 389 4010 etos,
425 3940 457 3997 et
476 3922 745 4017 praemunitos,
784 3936 825 3993 ut
847 3922 1088 4012 intelligamus
1108 3948 1183 3995 non
1206 3948 1281 3996 esse

327 4022 479 4098 [attegiam
505 4028 613 4095 mum
636 4038 796 4103 megum,
829 4026 890 4116 que
914 4026 1138 4118 pemquggur
1157 4024 1281 4101 Em,
1453 3988 1509 4062 Et
1526 3986 1676 4065 dorsum
1691 4015 1813 4067 eorum
1827 4015 1966 4095 semper
1981 3988 2132 4065 incurva
2150 3999 2212 4066 etc.

295 4223 296 4230 ἵ
328 4127 441 4216 galion,
464 4128 607 4201 etiamsi
623 4122 755 4197 babent
771 4126 887 4197 cultus
902 4140 965 4198 aut
981 4127 1154 4219 politiam.
1433 4130 1475 4201 ld
1494 4142 1565 4215 est,
1585 4128 1696 4221 magis
1715 4129 1897 4225 magisque
1912 4152 2022 4201 onera
2045 4153 2106 4200 eos
2127 4128 2324 4213 erroribus,

1331 4232 1525 4318 scandalis,
1559 4232 1727 4325 peccatis,
1766 4231 2043 4306 calamitatibus.
2077 4232 2233 4327 denique
2254 4252 2323 4322 op-

397 4433 547 4525 Spiritus
569 4432 872 4521 compunctionis,
897 4430 933 4498 ιιι
949 4443 1023 4513 est
1049 4456 1190 4503 animus
1207 4456 1278 4504 rra
1331 4448 1502 4528 cuperent
1517 4435 1741 4507 autoretatem
1757 4449 1793 4507 et
1811 4458 1972 4529 reguum.

328 4546 380 4623 tus,
412 4553 514 4631 atque
545 4535 771 4604 exacerbatus
798 4536 883 4605 odio
913 4530 981 4601 Dei
1016 4548 1051 4604 et
1081 4530 1279 4627 Evangelii.
1430 4535 1574 4609 illustre
1607 4536 1807 4629 exemplum
1848 4538 2023 4629 praebent
2053 4532 2321 4625 anabaptistae,

327 4628 369 4703 det
381 4662 464 4707 ιιιιιιι
480 4634 668 4707 hornbrlrs
683 4635 856 4723 quaedam
880 4634 1195 4706 odiiarerbitasin
1213 4635 1279 4709 bo-
1330 4639 1482 4711 subinde
1505 4662 1619 4710 novos
1641 4660 1779 4709 errores
1801 4640 2014 4731 pariebant,
2047 4636 2177 4707 utiam
2202 4634 2321 4703 mani

327 4736 620 4831 stibusEvangelii‚
645 4737 1014 4833 qualisdescribitur'
1003 4734 1157 4822 mCain‚
1183 4735 1278 4810 Pha·
1329 4743 1438 4813 festus
1462 4740 1561 4812 lieret
1580 4740 1699 4819 luror,
1740 4740 1952 4811 accedebant
1983 4738 2187 4809 foedissima
2216 4752 2322 4807 scen-¹

326 4860 421 4923 raone,
443 4858 477 4915 et
491 4841 680 4913 srmrlrbus.
731 4835 913 4925 Primum,
934 4839 1230 4935 quiadiabolus
1219 4865 1276 4911 ιιι-
1330 4844 1429 4924 dala,
1455 4842 1665 4925 seditiones,
1693 4838 1887 4928 libidines,
1917 4832 2178 4931 blasphemiae,
2204 4840 2320 4909 donec

327 4936 449 5013 lanmat
470 4945 554 5015 illos
573 4943 738 5033 impetus.
788 4939 975 5023 Secundo,
1000 4942 1084 5038 quia
1109 4942 1185 5033 ipsa
1209 4939 1275 5013 hu·
1328 4948 1470 5016 taudem
1492 4966 1637 5047 prorsus
1660 4942 1767 5013 deleti
1792 4956 1887 5019 sunt.
1951 4940 2093 5015 Similia
2114 4942 2320 5011 acciderunt

326 5048 515 5117 ueneratio
550 5041 776 5113 vehementer
812 5043 1009 5124 offenditur
1045 5044 1276 5137 dissipatione
1331 5046 1470 5117 ludaeis
1500 5060 1581 5139 post
1609 5044 1888 5139 persecutionem
1918 5038 2118 5135 Evangelii
2177 5040 2318 5113 Harum

326 5143 454 5217 cultuum
479 5162 513 5219 et
535 5148 673 5239 reipub.
725 5142 944 5235 imaginatur
974 5146 1174 5215 doctrinam
1203 5171 1276 5217 esse
1329 5145 1556 5218 horribilium
1578 5170 1773 5239 poenarum
1797 5145 2027 5217 comminatio
2048 5165 2114 5215 uos
2137 5146 2320 5226 admonet,

285 5311 286 5322 ,
326 5239 533 5336 blasphemam
548 5262 582 5319 et
597 5246 959 5339 sedvtrosam.putant
974 5272 1072 5318 enam
1086 5248 1181 5317 laedi
1198 5250 1275 5340 glo·
1328 5274 1373 5318 ne
1398 5263 1669 5322 contemnamus
1695 5242 1960 5340 Evangelium,
1999 5266 2047 5318 ne
2070 5246 2159 5319 tales
2185 5262 2321 5339 poenas

285 5423 286 5433 ἵ
327 5344 392 5415 riam
410 5348 472 5421 Dei
496 5351 693 5423 motatione
716 5349 889 5420 cultuum.
940 5348 990 5422 Ut
1015 5374 1095 5425 cum
1109 5346 1276 5442 Apostoli
1327 5352 1435 5425 nobis¹
1448 5373 1674 5426 accersamus.
1759 5352 1790 5450 ,¹
1898 5361 1902 5383 '

285 5439 286 5469 ¹
327 5446 501 5536 abrogarent
530 5451 747 5525 ceremonias
769 5449 969 5534 Leviticae,
1006 5465 1041 5523 et
1067 5473 1166 5523 nunc
1193 5467 1274 5523 cum

326 5546 602 5635 reprehenduntur
625 5554 741 5624 cultus
762 5548 939 5636 humaui,
979 5554 1110 5626 abusus
1131 5552 1275 5629 Missae.
1415 5514 1628 5592 mmm
1608 5525 1854 5617 ‘'”Wm'li
1864 5508 2133 5597 “md‘nffl
2155 5521 2221 5591 αὖ·
2318 5589 2322 5602 .

327 5644 454 5740 Deinde,
493 5656 642 5730 muutio
665 5654 826 5726 cultuum
850 5668 963 5727 mutat
987 5656 1092 5729 etiam
1123 5656 1276 5749 politias‚
1427 5650 1655 5747 Propositio
1662 5676 1768 5746 supra
1796 5652 1958 5725 instituta
1989 5652 2171 5743 repetitur.
2229 5646 2313 5718 Nou

328 5763 357 5819 ot
378 5776 461 5827 nuuc
482 5774 573 5831 certe
599 5751 767 5830 distrahit
791 5753 998 5833 Ecclesiam.
1072 5754 1274 5853 Utrumque
1325 5758 1375 5828 ita
1390 5754 1613 5848 impegerunt
1628 5753 1770 5842 ludaei,
1783 5770 1825 5826 ut
1836 5768 1908 5825 tota
1924 5774 2010 5844 gens
2026 5750 2172 5846 periret.
2202 5746 2322 5821 Ratio·

328 5864 416 5924 autem
442 5860 532 5953 parit
558 5864 684 5954 ingens
712 5858 865 5947 odium,
894 5857 1080 5948 videlicet,
1113 5862 1211 5955 quod
1240 5874 1274 5933 et
1325 5874 1379 5933 est
1398 5873 1522 5950 argute
1542 5858 1711 5950 cogitata,
1744 5871 1779 5930 et
1798 5852 1906 5931 habet
1927 5855 2077 5929 facilem:
2088 5851 2312 5927 senteutiam.

1333 4334 1446 4426 prime
1469 4348 1609 4405 aeterna
1634 4335 1822 4420 servitute,
1854 4358 1900 4405 ne
1925 4334 2171 4420 reflorescant,
2196 4356 2241 4403 ne
2265 4354 2322 4429 re·
2458 4388 2463 4409 ,
