5825 6950
320 724 425 805 1085
514 726 617 806 xm.
671 724 1036 808 carnuntum
1062 724 1220 814 EPIS'I'.
1247 722 1510 809 SECUNDAE
1537 726 1960 813 ADTIMOTIIDUM.
2008 730 2113 809 CAP.
2141 734 2170 815 1.
2271 736 2370 812 tata

317 905 561 989 seditionum,
585 927 632 975 ne
645 902 839 976 Ecclesiam
855 904 1050 981 dilacerent
1074 901 1317 1007 λογομαχὶαις
1370 914 1487 996 potest
1501 906 1569 979 niti
1590 882 1741 995 iusticia,
1765 921 1887 981 nostra
1905 908 2087 1003 novitate,
2112 908 2209 983 iuxta
2227 910 2291 982 illa
2308 912 2366 982 di-

318 1024 385 1081 aut
401 1008 480 1079 aliis
494 1030 570 1077 non
587 1009 793 1080 necessariis
808 1008 906 1080 rixis.
957 1008 1011 1081 Ita
1026 1025 1149 1082 contra
1165 1013 1314 1083 stultum
1369 1022 1422 1080 cta
1439 1004 1556 1080 Exodi
1572 1008 1652 1081 dh:
1680 1009 1808 1085 Coram
1833 1023 1866 1083 te
1892 1013 2064 1085 innocens
2085 1038 2158 1085 non
2183 1028 2233 1087 est
2256 1016 2365 1085 inno-

317 1114 458 1196 aelum,
500 1124 624 1183 contra
657 1112 878 1205 superbiam,
920 1126 1044 1185 contra
1084 1114 1314 1208 cupiditatem
1367 1133 1459 1185 cens.
1514 1112 1600 1184 Item
1626 1112 1702 1185 Iob.
1729 1137 1846 1187 nono:
1881 1114 1974 1187 Vere
1990 1117 2081 1199 scio,
2117 1120 2212 1213 quod
2229 1118 2366 1189 nonsit

315 1216 521 1299 vindictae,
560 1227 683 1286 conus
709 1208 1097 1315 πολυπραγμοσύνην,
1134 1230 1170 1289 et
1190 1231 1314 1289 contra

314 1318 556 1411 petulantiam
572 1319 735 1390 nominat
750 1318 914 1411 spiritum
940 1320 1153 1407 modestiae,
1188 1320 1225 1391 id
1251 1333 1315 1407 est,

316 1420 488 1514 spiritum
511 1434 782 1512 compescenten
805 1432 839 1491 et
857 1422 1101 1495 moderantem
1124 1422 1314 1496 inordina-

315 1537 373 1595 tos
391 1523 558 1613 impetus.
1151 1586 1163 1597 ,

426 1624 613 1698 Caeterum
635 1639 763 1698 notum
785 1639 839 1698 est
857 1626 899 1696 in
922 1649 1085 1699 sermone
1116 1624 1312 1721 apostolico

315 1728 498 1800 vocabulo
528 1722 777 1827 σωφροσύνης
804 1726 1061 1821 comprehendi
1093 1732 1330 1817 modestiam,

314 1833 593 1925 temperantiam
609 1845 644 1903 et
660 1832 866 1905 castitatem.
900 1831 990 1904 Item
1007 1857 1088 1904 cum
1110 1836 1245 1906 dictum
1268 1835 1314 1906 sit

314 1938 363 2004 de
387 1934 601 2020 virtutihus,
636 1958 728 2030 quae
757 1935 797 2004 in
821 1936 1001 2007 conversis
1027 1940 1270 2009 accenduntur
1291 1958 1314 2007 a

316 2036 459 2128 Spiritu
477 2051 620 2124 sancto,
644 2038 836 2128 repetenda
853 2050 954 2109 estet
970 2038 1169 2111 admonitio
1184 2040 1229 2109 de
1246 2041 1313 2109 do·

314 2142 438 2212 ctrina
472 2139 743 2213 iustificationis.
808 2136 1025 2234 Quanquam
1059 2142 1100 2211 in
1132 2142 1312 2212 conversis

316 2242 559 2315 certissimum
575 2256 626 2314 est
641 2264 716 2314 csse
730 2240 906 2333 Spiritum
921 2256 1101 2328 sanctum,
1128 2266 1234 2340 quem
1248 2266 1312 2337 pa·

316 2360 375 2417 ter
392 2359 427 2416 et
442 2345 538 2417 lilius
553 2346 593 2415 in
608 2346 717 2415 corda
741 2366 867 2416 eorum
889 2346 1049 2442 spirant,
1081 2360 1116 2417 et
1139 2345 1312 2418 obedien-

316 2452 369 2522 tia
384 2450 425 2518 in
444 2446 494 2518 eis
509 2449 650 2520 incoata
671 2461 740 2519 est:
773 2461 892 2518 tamen
916 2461 1068 2520 statuere
1091 2449 1241 2530 debent,
1274 2472 1311 2520 se

316 2577 397 2624 non
415 2551 477 2621 illa
492 2552 652 2622 novitate
668 2551 780 2621 iustos
796 2572 890 2635 esse,
915 2550 1039 2636 idest,
1059 2545 1234 2623 habentes
1253 2574 1311 2621 re·

316 2655 528 2727 missionem
556 2668 799 2748 peccatorum,
832 2665 867 2725 et
899 2666 1164 2746 acceptos‘esse
1184 2653 1231 2723 ad
1256 2654 1311 2724 vi·

318 2772 395 2830 tam
426 2769 626 2841 aeternam,
670 2756 730 2825 sed
754 2770 901 2848 propter
933 2756 1167 2830 mediatorem
1196 2756 1311 2827 lilium

317 2860 410 2946 Dei,
435 2858 676 2932 cuiusmerito
694 2858 828 2948 placata
852 2873 904 2930 est
924 2858 977 2928 ira
1000 2853 1085 2941 Dei,
1116 2860 1235 2953 etqui
1259 2872 1312 2929 est

324 2977 514 3055 perpetuus
529 2962 759 3040 intercessor,
787 2961 889 3032 cuius
905 2960 1030 3032 merita
1047 2960 1153 3033 nobis
1168 2964 1311 3032 donan-

327 3080 406 3151 tur,
430 3078 468 3135 nt
482 3064 681 3155 imputetur
695 3064 801 3133 nohis
818 3063 968 3135 iusticia.
1019 3059 1128 3134 Hunc
1136 3064 1310 3134 mediato-

321 3192 398 3239 rem
413 3168 480 3237 lide
495 3159 716 3259 apprehendi
731 3177 889 3258 oportet,
907 3177 943 3236 et
957 3164 1105 3235 retineri
1115 3160 1210 3235 hanc
1226 3186 1309 3257 per-

319 3284 464 3365 petuam
486 3268 787 3353 consolationem,
821 3270 918 3362 quod
940 3279 1087 3359 propter
1109 3262 1207 3338 hune
1232 3291 1309 3337 me-

319 3375 494 3444 diatorem
510 3372 730 3465 placeamus,
763 3394 839 3441 non
857 3382 1002 3461 propter
1022 3382 1181 3441 nostram
1203 3370 1308 3439 novi·

316 3491 448 3564 tatem,
463 3499 544 3545 cum
564 3499 633 3569 qna
647 3472 800 3547 multum
819 3468 937 3543 adhuc
952 3471 1113 3543 sordium
1131 3486 1194 3556 est,
1210 3471 1308 3545 iuxta

316 3582 457 3652 dictum
480 3575 613 3648 Psalmi
638 3573 741 3652 tta:
780 3573 864 3646 Non
886 3575 1136 3647 iustificabitur
1158 3577 1197 3646 in
1221 3598 1308 3646 con·

316 3696 443 3778 spectu
457 3693 520 3754 tuo
540 3679 658 3752 omnis
680 3682 825 3760 vivens,
858 3677 992 3749 scilicet
1018 3677 1162 3769 propria
1188 3677 1306 3767 digni-

314 3799 391 3860 tate
421 3809 483 3856 seu
515 3782 764 3879 qualitatibus,
803 3783 864 3852 sed
891 3779 1072 3852 iustificati
1093 3780 1163 3850 fide
1186 3803 1307 3874 pacem

316 3885 507 3960 hahemus.

422 3988 531 4080 Quod
554 3999 672 4059 autem
697 3984 809 4080 aliqui
830 3982 974 4070 dicunt,
1011 4007 1080 4056 nos
1100 4005 1173 4054 esse
1196 3980 1308 4054 iustos

314 4090 582 4167 inhabitatione
601 4087 820 4174 divinitatis,
851 4089 1033 4158 sciendum
1058 4101 1128 4169 est,
1162 4081 1306 4156 inhabi-

313 4199 491 4273 tationem
508 4217 581 4265 esse
597 4191 819 4264 effectionem
836 4190 1018 4264 novitatis.
1054 4188 1154 4260 Haec
1168 4187 1305 4260 effectio

312 4304 370 4374 ita
394 4301 452 4384 bt,
490 4321 573 4367 cum
596 4318 661 4366 cor
681 4296 783 4388 prins
802 4289 1040 4387 apprehendit
1062 4289 1305 4364 remissionem

310 4416 544 4508 peccatorum
561 4411 594 4468 et
609 4397 910 4482 consolationem,
941 4396 1084 4466 intuens
1107 4393 1147 4462 in
1171 4394 1306 4464 media-

310 4525 435 4584 torem
452 4501 586 4572 Filium
604 4491 701 4584 Dei,
734 4511 768 4569 et
791 4513 949 4570 statuens
973 4511 1008 4570 te
1031 4508 1177 4589 propter
1202 4496 1305 4568 illum

309 4609 554 4684 mediatorem
569 4597 701 4671 habere
716 4601 979 4686 remissionem,
1011 4612 1044 4669 et
1068 4599 1201 4670 iustum
1222 4621 1307 4685 esse,

310 4717 356 4787 id
376 4725 446 4797 est,
474 4707 672 4799 placentem
688 4697 790 4785 Deo,
816 4725 891 4773 non
916 4714 1059 4793 propter
1071 4699 1305 4802 *effectionem

310 4813 491 4890 novitatis
509 4821 571 4882 aut
585 4805 790 4878 novitatem.
842 4802 896 4876 lta
911 4815 1029 4873 manet
1043 4827 1125 4874 vera
1141 4804 1305 4894 proposi-

311 4921 388 4994 tio:
421 4913 555 4986 Paulus
570 4931 762 4981 conversus
783 4903 892 4980 habet
913 4904 1159 4976 remissionem
1182 4929 1305 4996 pecca·

311 5039 462 5104 torum,
487 5027 521 5085 et
537 5027 589 5086 est
606 5013 740 5096 iustus,
773 5010 811 5081 id
835 5022 906 5092 est,
937 5021 1100 5100 acceptus
1114 5002 1199 5077 Dee
1220 5030 1307 5098 pro·

311 5139 399 5222 pter
412 5119 577 5191 meritum
592 5109 748 5200 Christi,
779 5135 840 5184 seu
865 5123 1011 5205 propter
1031 5109 1304 5202 propiciatorem
1357 5176 1366 5192 ,

315 5228 395 5300 sola
417 5224 505 5305 fide,
546 5220 642 5290 iusta
669 5217 777 5288 illud:
813 5213 930 5306 Quem
951 5215 1071 5307 posuit
1091 5211 1305 5305 propiciato·

316 5353 396 5403 rem
414 5323 621 5418 perfidem,
654 5343 719 5413 per
733 5317 941 5410 sangninem
964 5316 1051 5390 eins.
1100 5312 1197 5386 Haec
1217 5339 1305 5385 con·

318 5430 448 5506 solatio
462 5447 603 5517 semper
617 5424 661 5494 sit
678 5424 718 5492 in
733 5433 942 5513 conspectu,
974 5443 1043 5513 qua
1070 5441 1151 5488 cum
1174 5439 1304 5506 regun-

318 5553 381 5610 tnr
396 5533 524 5611 corda,
547 5525 655 5598 simul
672 5523 938 5604 tenemento,
965 5534 998 5591 et
1013 5521 1105 5591 illud
1128 5521 1221 5616 qnod
1246 5519 1303 5589 di·

318 5641 413 5711 citnr
428 5629 603 5705 Iohannis
617 5629 755 5700 decimo
769 5638 913 5721 quarto:
939 5621 1135 5693 Veniemus
1149 5623 1192 5692 ad
1209 5645 1302 5703 eum,

318 5757 356 5814 et
372 5736 592 5810 mansionem
609 5732 705 5824 apud
728 5753 810 5803 eum
831 5728 1011 5799 faciemus.
1061 5722 1302 5796 Discernenda

319 5861 437 5916 tamen
469 5847 522 5908 est
548 5833 745 5905 consolatio
774 5857 794 5904 a
822 5829 1002 5920 novitate,
1035 5830 1121 5928 quia
1149 5827 1189 5896 in
1218 5848 1301 5898 vero

1366 1213 1482 1289 iustus
1500 1211 1608 1287 homo
1628 1240 1747 1288 coram
1764 1216 1852 1295 Deo.

1365 1414 1427 1495 Ne
1459 1418 1576 1517 igilur
1597 1431 1630 1492 te
1651 1415 1791 1519 pudeat
1818 1408 2023 1495 testimonii
2042 1418 2208 1497 Domini
2229 1426 2361 1504 nostri.

1468 1553 1569 1631 Dixit
1597 1562 1720 1631 datum
1755 1581 1830 1629 csse
1855 1560 2022 1653 spiritum
2048 1586 2122 1633 non
2144 1564 2359 1649 timiditatis,

1366 1660 1426 1731 sed
1458 1661 1633 1732 efficacem
1655 1662 1692 1731 in
1716 1664 1979 1745 consolatione,
2012 1678 2046 1735 et
2070 1680 2291 1739 constantem
2319 1668 2360 1738 in

1365 1764 1597 1836 consessione.
1645 1762 1750 1834 Nunc
1765 1766 1866 1836 addit
1881 1761 2169 1839 adhortationem
2187 1782 2359 1863 tanquam

1365 1889 1597 1959 consequens.
1650 1862 1747 1956 Ergo
1774 1882 1848 1939 esto
1872 1881 2037 1939 constans
2061 1870 2099 1940 in
2124 1872 2357 1960 confessione,

1365 1992 1440 2038 non
1472 1971 1605 2061 pudeat
1633 1986 1667 2043 te
1693 1968 1909 2053 testimonii,
1944 1971 2076 2055 idest,
2112 1975 2358 2057 confessionis,

1364 2095 1438 2141 non
1454 2072 1628 2160 frangaris
1643 2072 1757 2165 specie
1781 2074 1913 2155 crucis,
1949 2088 1984 2145 et
2000 2090 2145 2147 econtra
2167 2078 2359 2150 autoritate

1364 2188 1398 2243 et
1413 2174 1585 2264 sapientia
1602 2174 1889 2257 adversantium,
1913 2176 2003 2247 sicut
2019 2178 2105 2247 alibi
2124 2178 2242 2272 inquit
2255 2182 2272 2250 l
2286 2176 2358 2251 Co·

1362 2272 1476 2349 rinth.
1493 2273 1546 2349 9.:
1584 2277 1666 2349 Non
1690 2279 1799 2369 pudet
1822 2302 1879 2348 me
1903 2274 2103 2368 Evangelii.
2156 2281 2258 2355 Sicut
2280 2306 2357 2353 ma·

1362 2378 1533 2448 nilestum
1553 2392 1623 2463 est,
1649 2382 1854 2450 moderatae
1877 2395 2027 2452 naturae
2050 2382 2229 2474 ingentem
2253 2385 2358 2455 dolo·

1363 2503 1436 2551 rem
1455 2504 1547 2562 esse,
1575 2497 1667 2554 stare
1683 2484 1777 2553 inter
1793 2505 1922 2573 paucos
1939 2497 1973 2552 et
1995 2499 2151 2576 spretos,
2183 2501 2218 2557 et
2239 2486 2358 2557 videri

1362 2583 1471 2655 stulte
1486 2598 1546 2653 aut
1565 2585 1764 2676 petulanter
1785 2586 1965 2655 adversari
1991 2611 2211 2658 summorum
2236 2583 2355 2659 homi-

1363 2680 1471 2765 num,
1498 2686 1559 2780 qui
1575 2688 1793 2759 antecellunt
1811 2689 2003 2778 sapientia,
2038 2690 2170 2761 virtute
2193 2704 2226 2761 et
2251 2706 2355 2761 auto-

1363 2788 1486 2868 ritate,
1502 2788 1663 2871 iudiciis‚
1686 2804 1721 2861 et
1738 2791 1884 2861 turbare
1903 2790 2087 2882 publicum
2106 2805 2249 2873 statum,
2282 2794 2354 2863 dici

1362 2889 1472 2959 facem
1491 2890 1726 2973 seditionum,
1747 2893 1870 2962 tubam
1887 2891 2065 2964 bellorum
2083 2918 2166 2965 esse.
2210 2892 2354 2983 Adver-

1361 3014 1422 3061 sus
1435 2985 1529 3062 hanc
1544 2993 1776 3064 tentationem
1794 2992 1918 3065 Esaias
1931 2994 2050 3089 inquit
2064 2998 2177 3091 capite
2193 2992 2275 3071 69.:
2298 2995 2352 3067 Ne

1361 3091 1482 3165 timete
1497 3096 1628 3186 probra
1643 3091 1842 3167 hominum.

1359 3290 1559 3369 sustineas
1575 3292 1683 3369 maia
1698 3323 1777 3371 cum
1794 3296 1998 3397 Evangelio
2013 3299 2210 3374 secundnm
2224 3314 2353 3401 pulen-

1504 3398 1598 3471 tiom
1612 3396 1707 3486 Dei,
1732 3404 1899 3505 quisecil
1916 3428 1984 3478 nos
2001 3400 2128 3478 salvos
2145 3415 2208 3482 etc.

1461 3537 1587 3610 Postea
1618 3539 1743 3610 inserit
1772 3565 1876 3634 saepe
1898 3543 2088 3634 repetitum
2111 3546 2264 3616 dictum:
2296 3543 2353 3616 Ex

1358 3641 1527 3730 operibus
1549 3641 1636 3732 legis
1664 3667 1738 3712 non
1773 3645 2022 3716 iustificabitur
2042 3646 2160 3718 omnis
2182 3670 2264 3719 caro
2291 3673 2351 3720 cn-

1358 3765 1435 3813 ram
1448 3745 1539 3819 Deo.
1589 3745 1754 3818 Affirmat
1772 3761 1893 3818 nostra
1908 3771 2015 3840 opera
2034 3771 2261 3845 nequaquam
2276 3773 2352 3822 esse

1359 3867 1500 3916 cansam
1530 3847 1587 3916 vel
1609 3848 1776 3918 meritum
1800 3850 2021 3921 remissionis
2042 3865 2266 3943 peccatorum
2290 3876 2352 3923 seu

1357 3949 1677 4034 reconciliationis,
1703 3950 1766 4020 sed
1783 3951 1871 4022 dicit
1887 3975 1952 4022 nos
1967 3956 2162 4026 secundum
2185 3955 2351 4044 proposi-

1357 4064 1434 4122 tum
1457 4049 1525 4120 Dei
1550 4064 1585 4122 et
1605 4052 1753 4141 gratiam
1775 4054 1906 4126 salvari
1931 4070 1966 4127 et
1992 4055 2127 4128 vocari.
2186 4053 2351 4146 Intellige

1357 4152 1507 4245 gratiam
1540 4154 1729 4244 gratuitam
1758 4158 2037 4230 misericordiam
2067 4155 2135 4229 Dei
2170 4181 2254 4250 erga
2283 4180 2350 4228 nos

1357 4256 1566 4348 promissam
1583 4267 1728 4348 propte'r
1743 4258 1875 4340 lilium,
1902 4261 1994 4332 sicut
2011 4259 2214 4351 saepissime
2230 4261 2350 4355 loqui-

1356 4371 1417 4428 tur
1431 4355 1548 4429 Roma
1564 4355 1616 4434 5.:
1644 4359 1763 4430 Multo
1777 4363 1891 4452 magis
1906 4363 2076 4434 exuberat
2091 4362 2203 4452 gratia
2224 4376 2258 4433 et
2282 4363 2349 4430 do-

1356 4485 1445 4531 num
1460 4461 1686 4550 pergratiam
1703 4463 1760 4533 vel
1776 4463 1814 4532 in
1830 4464 1954 4554 gratia.
1997 4461 2070 4536 Ubi
2085 4463 2196 4554 gratia
2212 4463 2349 4552 signifi-

1356 4578 1413 4635 cat
1429 4565 1575 4634 relative
1588 4565 1776 4656 gratuitam
1792 4561 2088 4656 acceptationem,
2110 4567 2245 4635 donum
2262 4589 2347 4636 vero

1357 4665 1530 4756 significat
1554 4668 1785 4738 donationem
1810 4665 1967 4759 Spiritus
1988 4665 2121 4754 uncti,
2159 4691 2292 4739 novam
2312 4681 2348 4738 et

1356 4781 1538 4840 aeternam
1557 4769 1733 4840 iusticiam
1748 4781 1782 4840 et
1798 4769 1918 4840 vitam.

1457 4867 1717 4962 Complectitur
1747 4871 1843 4941 enim
1875 4871 2013 4964 integra
2045 4871 2234 4958 beneficia,
2279 4895 2346 4944 nec

1354 4971 1452 5041 filius
1468 4971 1535 5042 Dei
1559 4971 1609 5042 sic
1631 4985 1769 5045 tantum
1787 4974 1902 5046 aul'ert
1926 4989 2085 5067 peccata,
2117 4987 2252 5046 utnon
2276 4975 2345 5042 im-

1356 5085 1477 5164 putet,
1501 5086 1536 5145 et
1549 5087 1668 5146 tamen
1686 5090 1811 5147 natura
1830 5092 1970 5150 maneat
1986 5078 2025 5148 iu
2042 5076 2099 5148 his
2123 5077 2289 5148 sordIbus
2310 5090 2345 5148 et

1355 5201 1394 5246 m
1410 5187 1543 5262 morte,
1568 5181 1630 5249 sed
1654 5181 1768 5272 reipsa
1788 5179 1922 5268 aufert,
1948 5203 2028 5252 cum
2052 5179 2208 5253 restitnit
2232 5179 2343 5252 vitam

1355 5292 1548 5354 aeternam.

1647 5479 1735 5554 Scio
1751 5480 1811 5552 cui
1824 5478 1967 5556 credidi
1979 5491 2043 5556 etc.

1454 5617 1524 5690 Hic
1544 5635 1735 5693 moventur
1755 5623 2012 5716 disputationes
2034 5622 2079 5692 de
2103 5621 2339 5712 dubitatione,

1352 5719 1414 5794 An
1428 5746 1618 5793 conversus
1632 5724 1760 5794 debeat
1770 5727 1959 5796 manerein
1969 5723 2203 5812 dubitatione,
2218 5738 2339 5797 utrum

1352 5821 1481 5899 habeat
1496 5824 1738 5896 remissionem
1756 5839 1997 5918 peccalorum,
2022 5841 2117 5898 etan
2134 5827 2179 5898 sit
2197 5827 2233 5896 in
2258 5850 2339 5917 gra-

319 5967 434 6040 agone
449 5937 626 6015 cernimus
643 5945 764 6008 nostra
778 5945 941 6030 peccata,
966 5946 999 6003 ct
1022 5929 1111 6002 iram
1126 5925 1211 6010 Dei,
1236 5951 1302 6000 nec
1351 5927 1426 6000 tia?
1461 5925 1530 5998 Hic
1554 5929 1660 6022 plane
1698 5932 1988 6022 respondendum
2015 5941 2083 6000 est:
2121 5925 2338 6023 Quanquam
