5825 6950
322 696 412 775 ιιοι
801 672 1098 763 Putaram
1125 674 1178 755 lli
1206 674 1251 751 tt
1265 678 1431 757 atttsr.
1457 670 1525 755 att
1548 670 1875 755 conlaturos
2255 690 2355 769 ηοξ

318 872 394 947 No'n
407 869 485 943 vult
499 866 702 962 relinquere
718 860 757 934 iu
772 859 902 933 aairnia
921 878 1047 927 eorum
1061 850 1174 928 ullam
1187 850 1305 943 turpi·
1355 850 1488 925 Fontee
1504 856 1558 927 tui
1572 844 1782 923 deriventur
1795 844 1903 938 lorat‘,
1924 864 1959 925 et
1973 866 2013 925 tn
2026 842 2206 931 Dominae
2219 884 2344 939 eorum

318 978 450 1049 tionem
468 972 579 1045 auirni
594 964 796 1047 exulcerati,
818 964 880 1037 aed
898 960 976 1033 vult
991 959 1075 1029 illut
1088 967 1184 1030 certo
1198 955 1303 1040 coire,
1356 971 1509 1033 maneto.
1561 956 1654 1025 Tota
1681 950 1768 1025 haec
1787 956 1931 1025 collatio
1953 957 2155 1030 voluntaria
2178 978 2249 1051 eat,
2274 992 2342 1040 uec

317 1080 456 1172 penam
475 1076 628 1145 delatam
649 1092 726 1148 aare
748 1065 1001 1142 offensionem,
1033 1072 1075 1133 ut
1093 1058 1143 1129 eit
1167 1056 1303 1127 tirmior
1352 1072 1561 1129 necmsoett
1575 1058 1730 1150 praeciae
1750 1082 1829 1127 eam
1850 1058 1894 1127 ad
1912 1054 2170 1134 arithmeticam
2186 1069 2244 1139 vel
2257 1090 2341 1162 geo:

316 1177 572 1257 madentia,
598 1190 692 1247 etue
706 1170 853 1243 discidia
869 1166 1052 1243 oriamur,
1077 1160 1175 1253 quod
1191 1159 1302 1244 lieret,
1352 1162 1534 1232 metricam
1561 1162 1618 1231 vel
1643 1156 1886 1231 harmonicam
1909 1165 2178 1253 proportionem
2201 1192 2341 1243 accom-

316 1284 344 1355 ti
366 1282 562 1353 simultates
583 1277 707 1349 tacitae
730 1282 915 1344 manerent
939 1267 1110 1360 reliquae.
1171 1261 1302 1332 luterit
1351 1260 1509 1338 morare.
1559 1261 1791 1333 Manifestum
1805 1276 1856 1333 eat
1877 1264 2085 1335 eceteratum
2103 1288 2197 1355 erae,
2223 1272 2340 1348 iacere
2463 1356 2467 1363 ,

314 1401 428 1459 autem
444 1380 674 1455 necemariam
690 1374 891 1449 doctrinam
918 1372 963 1441 de
984 1363 1216 1439 convertione
1238 1384 1300 1433 teu
1351 1368 1599 1460 aequalitatem
1632 1365 1874 1456 ¹proportione
1908 1362 2154 1458 arithmetica,
2193 1388 2339 1449 utnon

314 1486 549 1583 poenitentia,
575 1497 710 1575 partem
725 1500 800 1549 eoae
814 1471 1005 1545 ministerii
1019 1470 1059 1538 iu
1074 1462 1229 1539 neuma
1241 1488 1301 1534 ar·
1351 1469 1431 1558 pluo
1448 1490 1600 1546 numero
1614 1468 1790 1558 possideat
1808 1463 1919 1552 laaac,
1943 1492 2050 1561 quam
2067 1468 2206 1545 ismael.
2264 1474 2341 1551 Nee

315 1614 418 1683 gnere
445 1600 601 1679 peccata,
632 1598 668 1657 et
689 1593 856 1675 oportere
879 1578 919 1645 in
943 1570 1175 1645 conversione
1197 1568 1300 1640 doto-
1351 1572 1544 1641 arrectaria
1563 1584 1615 1641 eat
1637 1570 1831 1660 aequalitas
1854 1572 2086 1661 proportione
2113 1580 2339 1666 geometrica.

315 1716 368 1765 rer
392 1692 493 1765 oriri.
544 1687 643 1759 llaec
667 1698 740 1758 tota
761 1678 935 1753 cententio
961 1674 1148 1747 referenda
1173 1682 1224 1743 eat
1254 1671 1300 1739 ad
1350 1671 1431 1743 Non
1449 1694 1589 1743 neccaro
1602 1670 1853 1743 eatCoosulem
1864 1674 1975 1764 duplo
1985 1674 2066 1765 plut
2075 1670 2216 1766 habere,
2231 1706 2339 1775 quam

315 1816 537 1869 communem
553 1789 753 1863 doctrinam
770 1788 816 1853 de
833 1778 1072 1861 Ceutritioue,
1097 1778 1144 1845 de
1158 1796 1227 1867 qua
1244 1772 1300 1843 di·
1350 1776 1460 1845 aliurn
1483 1776 1614 1845 civem:
1638 1771 1906 1845 autCooeulem
1928 1776 2041 1868 duplo
2064 1777 2146 1872 plna
2167 1785 2341 1874 conferre,

314 1899 421 1969 citur:
455 1896 557 1969 Sicut
577 1894 633 1965 leo
656 1886 824 1963 contrivit
849 1882 970 1955 omnia
995 1901 1075 1951 oaaa
1100 1898 1189 1947 mea.
1252 1871 1301 1945 Et
1350 1900 1455 1971 quam
1472 1878 1580 1949 alium
1597 1871 1721 1945 civem.
1772 1875 1890 1965 Magia
1902 1900 2098 1968 congruere
2115 1881 2178 1955 illa
2193 1884 2339 1960 collatio

313 1997 531 2073 haraeum:
565 1997 624 2068 Ad
647 2014 753 2088 quem
777 1985 988 2079 rtapiciam?
1018 1980 1089 2049 uiti
1113 1982 1161 2049 ad
1180 1973 1300 2047 humi·
1350 2002 1430 2050 cum
1454 1975 1662 2049 hannonica
1678 1979 1911 2071 proportione
1927 1980 2087 2070 videtur,
2118 1984 2158 2055 in
2181 2012 2250 2080 qua
2272 2012 2339 2063 nee

312 2104 439 2175 liatunt
461 2117 495 2172 et
518 2097 711 2170 contritum
733 2092 860 2185 spiritu
877 2102 944 2159 etc.
995 2080 1045 2155 Et
1067 2076 1299 2153 Parmeno:
1351 2083 1644 2175 proportionum,
1667 2100 1734 2151 nec
1758 2082 2040 2153 differentiarum
2062 2090 2256 2179 aequalitas
2273 2106 2338 2174 eat,

313 2203 532 2279 Sacrificium
554 2206 633 2275 lico
653 2198 799 2290 spiritua
820 2188 1100 2269 contribulatur,
1130 2206 1193 2255 cor
1214 2206 1301 2251 con·
1350 2187 1410 2255 ted
1426 2186 1568 2256 cicutae
1582 2178 1687 2253 babet
1701 2185 1875 2255 maximus
1889 2185 2062 2257 terminat
2075 2191 2120 2259 ad
2133 2192 2341 2281 minimum,

314 2307 436 2379 tritum
474 2322 511 2377 et
553 2300 781 2375 humiliatum
825 2317 901 2366 nou
939 2286 1121 2380 datpiu'ea.
1201 2282 1302 2370 Item,
1352 2288 1400 2357 ita
1425 2282 1587 2357 achabet
1604 2286 1804 2359 differentia
1822 2284 1967 2355 maximi
1986 2301 2020 2359 et
2037 2292 2147 2361 medii
2167 2295 2211 2364 ad
2233 2294 2340 2366 dilie-

313 2406 488 2484 Deut.4.:
514 2404 1049 2495 Deuaigniaconaumeneeat·
1111 2435 1116 2446 ·
1353 2390 1505 2459 rentiam
1528 2390 1636 2459 medii
1654 2404 1687 2459 ct
1706 2389 1867 2469 minimi,
1893 2404 1950 2460 uta
1977 2390 2014 2473 d,
2028 2390 2067 2473 ⁴,
2082 2392 2118 2465 6.
2169 2393 2339 2471 senariae

414 2510 503 2585 Vult
524 2508 621 2581 Deua
642 2506 763 2600 aliquo
785 2500 892 2571 modo
912 2490 1055 2584 agnosci
1077 2502 1236 2581 peccata,
1267 2500 1302 2559 et
1352 2507 1404 2563 eat
1427 2492 1560 2582 duplus
1582 2494 1626 2561 acl
1650 2491 1730 2565 tria.
1793 2486 1889 2581 Ergo
1909 2504 1943 2562 et
1969 2492 2206 2567 differentiam
2228 2497 2341 2571 medii

314 2612 703 2687 iramauamadversua
728 2616 880 2698 peccata.
932 2596 1013 2667 Non
1036 2594 1114 2664 vult
1137 2616 1214 2688 carn
1237 2614 1300 2661 ne·
1352 2608 1386 2665 et
1400 2594 1677 2687 minimi,·quae
1695 2608 1744 2663 ert
1760 2595 1889 2665 unitae.
1944 2591 1996 2665 lta
2017 2594 2341 2689 nantbuculluass,

310 2714 416 2811 gligi,
448 2733 483 2789 et
500 2717 645 2786 damnat
660 2732 780 2779 secura
803 2718 839 2775 et
859 2704 971 2773 ferrea
995 2698 1119 2783 corda,
1144 2707 1185 2765 ut
1206 2694 1301 2785 apud
1352 2696 1493 2766 Atticus
1507 2695 1543 2780 4,
1566 2709 1601 2766 et
1622 2694 1747 2767 Cicero
1770 2697 1851 2765 extri
1876 2717 1981 2785 egens
2006 2698 2041 2768 8.
2104 2698 2144 2772 Si
2168 2700 2342 2776 Lucullo·

313 2818 496 2890 letemiam
507 2839 581 2908 cap.
593 2814 645 2885 8.:
661 2808 878 2883 Erubescere
890 2801 1105 2873 nescierunt.
1131 2792 1213 2869 Eo.
1224 2794 1302 2869 48.;
1353 2804 1414 2869 dat
1426 2800 1499 2869 duo
1515 2798 1647 2869 talenta
1664 2798 1838 2884 exulanti,
1863 2800 1924 2869 det
1941 2799 2080 2873 Atticus
2096 2825 2225 2880 unum.

312 2916 426 2993 Frons
449 2937 508 2993 tua
539 2940 658 2991 aenea.
726 2908 774 2983 Et
801 2903 966 2979 zaban:
1008 2900 1210 2971 Potuerunt
1241 2923 1303 2970 cor
1456 2900 1527 2971 sed
1546 2915 1663 2971 tamen
1681 2902 1765 2993 quia
1784 2902 1986 2972 voluntaria
2008 2903 2152 2975 collatio
2169 2922 2241 2993 eet,
2265 2930 2342 2982 non

312 3047 414 3095 autam
438 3023 534 3093 velut
557 3020 791 3091 adamantem.
843 3006 890 3081 Et
906 3006 1040 3077 Paulus
1064 3004 1107 3077 ad
1126 2996 1300 3094 Ephesiae
1353 3022 1494 3071 necesse
1509 3008 1614 3072 estad
1629 2999 1867 3073 baecvincuia
1880 3002 2037 3093 astringi.
2064 3003 2110 3077 At
2124 3005 2342 3104 Paulatipte

314 3123 382 3205 ait,
409 3126 534 3217 impius
557 3144 631 3195 etse
654 3108 931 3218 ἄπηλγηκόιας,
969 3106 1100 3195 idest,
1133 3105 1210 3173 aine
1233 3105 1298 3172 du·
1353 3104 1545 3197 aliquoties
1565 3117 1731 3188 testatur,
1757 3128 1795 3174 se
1820 3127 1893 3176 noo
1916 3107 2094 3197 postulare
2121 3103 2342 3186 hauctolla·

314 3228 407 3311 loce,
432 3248 591 3311 securos,
618 3214 883 3295 contemnentes
907 3210 1078 3281 iudicium
1096 3202 1174 3279 Dei.
1225 3202 1304 3274 Hae
1353 3208 1488 3279 tionem
1504 3208 1625 3295 ita‚ut
1640 3230 1762 3297 cogere
1778 3206 1892 3277 ullum
1910 3208 2146 3295 existimetur,
2162 3214 2223 3282 aed
2239 3238 2277 3285 ae
2295 3218 2341 3287 de

312 3329 532 3403 tristissimae
554 3325 742 3397 conciones
767 3314 1010 3391 observandae
1026 3324 1130 3395 suut,
1156 3322 1195 3377 ut
1213 3306 1302 3377 scia·
1355 3310 1554 3379 voluntaria
1581 3311 1793 3381 liberalitate
1813 3310 1925 3403 loqui.
1977 3310 2062 3381 Non
2086 3312 2196 3403 igitur
2211 3340 2340 3389 novam

312 3456 392 3503 mue
412 3430 642 3504 necessariam
660 3451 731 3500 este
747 3418 1021 3500 contritionem,
1048 3434 1153 3508 quam
1169 3408 1219 3480 sic
1237 3433 1305 3479 no·
1353 3412 1515 3506 politiam
1529 3410 1748 3483 Platonicam
1764 3411 1820 3480 vel
1835 3412 2127 3502 anabaptisticam
2145 3419 2342 3494 constituit.

311 3534 474 3619 minant,
499 3533 631 3603 seilicet
655 3553 758 3600 veros
782 3544 930 3618 pavores
953 3533 986 3589 et
1002 3515 1143 3586 dolorca
1160 3528 1305 3606 propter
1457 3511 1499 3583 ln
1519 3517 1632 3606 capite
1651 3531 1748 3585 nono
1766 3516 2035 3587 commonefacit
2052 3540 2112 3587 eoa
2133 3522 2343 3611 promittio.

312 3639 403 3710 iram
420 3634 485 3708 Dei
505 3639 672 3708 aduersus
690 3643 809 3702 nostro
826 3636 978 3716 peccata.
1354 3616 1414 3686 nit
1436 3615 1599 3700 divinae,
1625 3619 1716 3688 sicut
1741 3617 1780 3685 in
1797 3611 1992 3709 Evangelio
2009 3619 2141 3690 dicitur
2158 3621 2276 3695 Lucae
2291 3625 2344 3698 6.:

406 3713 1247 3810 lnoctavoetinnonoadhortaturCoriutltiot,
1263 3730 1305 3788 ιιι
1357 3719 1513 3803 Date,et
1529 3721 1675 3792 dabitur
1689 3721 1802 3791 vobit.
1854 3717 1924 3792 Hic
1939 3722 2134 3793 tenendum
2151 3737 2202 3794 eet
2216 3725 2346 3798 diacri-

312 3842 507 3913 collatione
522 3842 764 3934 eleemosynae
780 3836 903 3904 iuvent
918 3822 1095 3897 Ecclesiae
1113 3824 1152 3891 iu
1169 3817 1303 3890 Orien·
1355 3843 1437 3890 men
1460 3825 1749 3912 promissionum.
1808 3819 1891 3892 atta
1915 3836 1968 3895 eat
1994 3823 2139 3920 propria
2156 3821 2347 3919 Evangelii

311 3961 365 4024 te,
400 3967 490 4037 quae
521 3942 728 4030 indigebant
755 3935 870 4006 aliena
895 3926 1128 4010 liberalitate,
1160 3937 1196 3993 et
1219 3923 1303 4018 quia
1357 3925 1548 4015 promittio
1574 3924 1892 4010 reconciliationis,
1925 3947 1996 4020 qua
2029 3937 2169 3998 tantum
2199 3944 2347 4024 propter

309 4047 416 4118 multi
434 4045 483 4138 pii
502 4068 543 4116 ert
562 4046 634 4113 suis
653 4037 934 4134 porrectionibua
957 4029 1244 4122 expellebantur,
1271 4038 1305 4096 et
1357 4025 1471 4096 lilium
1489 4025 1555 4096 Dei
1573 4027 1681 4117 gratia
1696 4021 1910 4098 exhibentur
1932 4027 2094 4101 remittit)
2118 4046 2346 4129 peccatorum

310 4149 397 4244 quia
421 4163 506 4219 tunc
521 4145 663 4218 Claudii
679 4135 902 4236 imperatorie
918 4150 1077 4223 ternpore
1091 4130 1200 4199 iamet
1218 4129 1304 4197 adeo
1353 4141 1392 4198 et
1406 4130 1594 4219 imputatio
1610 4129 1780 4202 iuatieiae.

311 4273 418 4322 aaeva
444 4265 537 4334 crat,
574 4263 614 4320 ιιι
639 4247 751 4316 modii
779 4239 930 4335 pretium
965 4230 1145 4305 suerintfi
1177 4225 1304 4300 drach·
1460 4231 1660 4302 Aliaetunt
1675 4233 1822 4322 legales,
1842 4253 1933 4324 qnae
1948 4231 2068 4303 valent
2083 4233 2123 4302 itt
2137 4233 2348 4307 reconcilia·

312 4377 414 4434 mac,
439 4375 520 4422 cum
535 4349 676 4422 usitatis
689 4347 792 4417 annia
810 4355 899 4415 earet
913 4361 983 4410 una
999 4331 1190 4418 drachma,
1214 4346 1256 4402 ut
1275 4333 1304 4401 ai
1357 4333 1412 4404 tia.
1467 4329 1556 4406 Vult
1577 4336 1672 4403 enim
1694 4332 1791 4404 Deua
1814 4357 1880 4426 pro
1902 4334 2007 4404 bonit
2028 4335 2197 4426 operibua
2219 4358 2347 4408 retou-

310 4455 447 4546 Lipsici
481 4453 653 4524 medimni
681 4451 833 4541 pretium
859 4443 906 4513 ait
934 4440 1102 4510 usitatum
1134 4434 1307 4506 dimidiae
1357 4435 1559 4509 ciliatorum
1584 4437 1689 4507 etiam
1710 4460 1772 4507 aua
1795 4437 1967 4532 quaedam
1991 4435 2145 4526 praemia
2169 4439 2274 4523 dare,
2304 4453 2347 4512 ut

316 4553 567 4640 loaclrimicur,
585 4570 669 4627 tunc
685 4551 852 4622 venditus
867 4555 954 4616 esset
970 4541 1053 4614 trib.
1070 4533 1306 4608 loacbimicia.
1359 4537 1468 4606 vidua
1492 4539 1687 4630 Sareptena
1707 4538 1837 4622 alitur,
1879 4538 1962 4632 quia
1992 4535 2062 4607 init
2082 4537 2240 4610 liberalia
2264 4561 2349 4632 erga

313 4659 419 4730 'l'alis
438 4660 625 4730 difficultas
642 4655 710 4728 l'uit
724 4641 763 4724 iu
779 4645 973 4724 Germania
988 4666 1084 4714 auno
1103 4635 1213 4713 1517.
1357 4635 1488 4710 Eliam.
1540 4635 1857 4713 TribuamusDeo
1880 4639 2085 4724 veritatem,
2110 4654 2348 4732 etaperemua

313 4859 530 4934 hortatione.
591 4859 649 4934 Fit
684 4857 817 4930 mentio
843 4847 1077 4944 aequalitatis.
1136 4841 1207 4912 Hic
1232 4865 1307 4912 non
1359 4843 1651 4916 benefaciendum
1671 4844 1874 4916 excitemur.

314 4967 541 5056 intelligatur
557 4963 748 5058 aequalitas
772 4947 954 5052 ἀναλογίᾳ
978 4945 1218 5020 arithmetica:
1243 4969 1308 5014 nec
1352 4943 1356 4950 '
1464 4943 1507 5014 ln
1523 4947 1661 5018 decimo
1677 4949 1801 5037 capite,
1827 4943 1885 5018 tt.
1905 4945 1963 5017 12.
1980 4942 2081 5018 addit
2097 4946 2348 5020 refutationem

313 5069 494 5158 tingamus
511 5068 660 5138 Paulum
680 5067 806 5136 docere
823 5055 1041 5132 Platonicam
1065 5072 1185 5122 rerum
1211 5071 1306 5117 com·
1358 5045 1762 5142 Pseudoapottolorum,
1784 5048 1845 5142 qui
1862 5046 2074 5142 spargebant
2091 5043 2252 5120 iudaicae
2267 5051 2349 5144 opi-

313 5171 549 5252 munionem,
576 5183 636 5239 aut
654 5165 865 5259 Spartanam
889 5153 1177 5250 exaequationem
1195 5147 1308 5219 iacul—
1360 5150 1507 5242 nionet,
1540 5164 1575 5222 et
1596 5151 1760 5242 gentibue
1781 5151 1967 5242 imponere
1988 5149 2207 5222 ceremoniae
2227 5150 2346 5229 ludai-

311 5286 448 5356 tatutn,
471 5287 512 5346 ut
536 5270 789 5361 Anabaptistae
812 5266 1001 5335 finxerunt.
1061 5251 1306 5324 Certissirnum
1360 5275 1417 5321 cas
1437 5254 1678 5330 conabantur,
1703 5277 1744 5321 ac
1764 5251 2010 5340 somniabant,
2041 5248 2230 5342 imperium
2248 5253 2348 5324 Mea·

312 5387 371 5444 eat
394 5375 491 5442 enim
514 5375 551 5442 in
577 5369 773 5461 Evangelio
794 5389 868 5438 non
891 5357 1061 5433 constitui
1085 5355 1229 5448 politiae
1249 5376 1310 5423 ex·
1360 5354 1432 5423 aiae
1455 5356 1525 5425 tale
1553 5355 1649 5439 iore,
1685 5355 1819 5446 inquo
1852 5353 1976 5441 politia
1999 5349 2141 5424 Iudaica
2167 5354 2207 5422 in
2230 5366 2347 5425 toturn

312 5489 462 5559 ternae,
499 5479 558 5546 red
586 5472 777 5568 adprobari
805 5489 926 5538 rerum
956 5459 1242 5538 distinctionem,
1273 5467 1309 5525 et
1360 5459 1535 5527 muudum
1557 5454 1786 5548 proferretur.
1850 5451 1900 5524 Hi
1922 5465 1958 5524 et
1980 5453 2132 5524 aliorum
2154 5451 2348 5544 Apostolo-

315 5577 480 5668 legitima
507 5577 676 5669 imperia,
704 5589 745 5644 ut
768 5595 833 5642 tuo
859 5569 939 5638 loco
959 5563 1137 5655 copiosius
1159 5561 1310 5631 dicetur.
1360 5581 1439 5626 rum
1457 5559 1614 5648 exempla
1631 5557 1850 5646 allegabant,
1873 5555 1936 5648 qui
1959 5552 2077 5628 adhuc
2098 5555 2138 5625 in
2158 5551 2289 5628 iudaea
2313 5570 2349 5629 ct
2378 5545 2384 5552 ¹

313 5680 393 5754 sed
411 5679 571 5772 loquitur
585 5675 718 5748 Paulus
731 5677 775 5745 de
788 5669 999 5766 aequalitate
1012 5689 1086 5736 nou
1107 5663 1260 5734 dominii
1276 5675 1312 5731 et
1362 5659 1477 5731 vicina
1494 5661 1620 5751 pet'riia
1636 5659 1766 5729 ritibue
1781 5658 1983 5730 utebantur.

315 5781 575 5876 pouetaionit,
600 5780 661 5851 aed
684 5797 769 5847 utut
789 5776 828 5844 in
843 5767 1165 5844 communicatione
1181 5766 1310 5836 volun·
1464 5757 1762 5854 Oppouitautcnr
1777 5756 1910 5829 Paulut
1929 5780 2005 5828 noo
2027 5756 2145 5828 colum
2166 5755 2349 5830 recitatio·

311 5883 414 5958 tarie
430 5879 586 5954 hominia
603 5879 751 5954 benefici
767 5898 848 5968 erga
864 5885 1021 5966 egenter,
1044 5871 1142 5942 toxo
1159 5869 1311 5940 dictum:
1360 5887 1443 5936 nem
1471 5887 1621 5938 auorum
1643 5863 1827 5947 laborum,
1859 5859 1923 5931 od
1945 5859 2052 5932 etiam
2068 5859 2270 5933 testimonia
2293 5860 2351 5934 di·

373 5991 557 6062 mutarn
585 5990 691 6056 Orra.
722 5985 807 6052 Ver..
825 5981 905 6051 XV.
1580 5961 1631 6036 76
