5825 6950
504 645 633 742 ἰιι
921 751 924 759 .
1055 704 1059 715 .
1133 617 1282 728 'nutu
1308 649 1427 726 Mat.
1452 645 1664 726 scalpra
1689 647 1992 732 uxuonrtcn
2113 712 2118 723 .
2511 651 2640 741 eoo,

563 867 602 916 se
622 838 694 912 dici
718 855 856 921 servos,
886 830 972 927 quia
990 825 1141 918 teneant}
1164 826 1394 917 religionem,
1428 824 1558 907 cultus,
1606 823 1722 898 linitio
1739 827 1954 914 declaretur,
1979 847 2118 898 neccsse
2134 798 2374 896 cstadhibere
2391 821 2593 916 explicatio·
2639 819 2640 830 ἶ

563 944 728 1037 politiam
766 937 935 1011 traditam
978 932 1170 1015 divinitus,
1223 943 1258 1000 et
1298 927 1558 999 ratiocinantur
1608 951 1689 998 nem
1712 931 1757 998 de
1786 934 1906 1002 modo.
1973 929 2056 1002 Ideo
2087 928 2231 998 additur
2269 929 2380 998 altera
2412 925 2594 1012 sententia,
2639 903 2640 996 l

566 1045 685 1119 Deum
699 1040 861 1132 hocipso
885 1032 1059 1107 beneficio
1082 1035 1247 1102 defensae
1271 1044 1306 1099 et
1330 1042 1560 1100 conservatae
1609 1033 1789 1121 quomodo
1814 1028 1975 1102 homines
1996 1042 2260 1122 consequantur
2277 1023 2595 1112 hanclibertatem,
2639 1053 2640 1068 ¹

570 1145 745 1218 libertatis
766 1141 907 1225 testari,
937 1139 1032 1232 qnod
1057 1130 1117 1205 bic
1139 1135 1185 1204 sit
1201 1134 1353 1225 populus
1369 1130 1459 1215 Dei,
1485 1127 1560 1197 Deo
1610 1134 1841 1223 quiadictum
1859 1130 2009 1204 Christi:
2046 1131 2119 1221 Qui
2134 1132 2218 1202 facit
2240 1145 2443 1223 peccatum,
2477 1151 2596 1198 servus

571 1250 726 1343 placens.
785 1242 884 1314 llaec
912 1254 963 1311 est
984 1235 1156 1308 sententia
1179 1231 1289 1304 hnins
1311 1231 1563 1325 responsionis,
1611 1249 1662 1306 est
1689 1237 1838 1326 peccati,
1880 1238 2047 1307 omnibus
2067 1229 2222 1303 detrabit
2243 1232 2394 1321 gloriam
2425 1230 2596 1300 libertatis

574 1372 667 1447 qnae
689 1347 863 1439 gloriatur
885 1345 930 1413 de
955 1340 1158 1434 posteritate
1180 1331 1365 1420 Abrahae,
1400 1349 1433 1406 et
1453 1335 1563 1402 liber·-
1612 1357 1674 1405 seu
1690 1338 1848 1408 iusticiae
1864 1336 2085 1420 coramDeo,
2111 1333 2199 1404 dicit
2213 1335 2318 1404 etiam
2334 1328 2418 1418 hos,
2444 1333 2508 1425 qui
2524 1333 2597 1420 glo-

576 1465 669 1536 tate,
693 1464 833 1521 ostensa
847 1447 885 1514 in
899 1441 1208 1542 promissionibus,
1234 1461 1323 1531 quae
1338 1453 1438 1508 erant
1453 1437 1563 1505 factae
1613 1439 1751 1510 riantur
1777 1441 1874 1529 lege,
1901 1463 1974 1509 csse
1996 1431 2116 1508 sccvds
2139 1436 2292 1528 peccati,
2323 1428 2391 1505 boc
2413 1447 2486 1514 est,
2521 1457 2597 1504 reos

576 1553 757 1647 patribus,
782 1569 927 1641 prorsus
948 1558 988 1615 nt
1008 1567 1104 1612 nunc
1126 1555 1245 1611 coetus
1267 1540 1469 1629 pontificius
1488 1537 1565 1626 glo·
1614 1556 1647 1611 et
1662 1543 1836 1612 subiectos
1852 1545 1923 1612 irae
1939 1542 2028 1624 Dei,
2053 1555 2087 1610 ct
2101 1536 2343 1628 damnationi,
2369 1559 2434 1607 nec
2457 1548 2598 1628 propter

577 1655 694 1726 riatur
718 1655 762 1723 de
782 1645 1058 1743 praescriptione
1083 1643 1180 1715 tituli
1194 1641 1387 1727 Ecclesiae,
1429 1659 1566 1730 semper
1614 1645 1726 1734 legem
1741 1643 1818 1713 lieri
1832 1658 1989 1736 acceptos
2004 1644 2096 1714 Deo.

578 1779 687 1849 penes
702 1755 796 1845 ipsos
810 1750 918 1821 fuisse
932 1747 1187 1840 professionem
1215 1744 1417 1834 religionis,
1450 1755 1485 1810 et
1507 1765 1567 1810 or·
1716 1745 1829 1816 Addit
1849 1769 1930 1836 ergo
1956 1740 2185 1814 necessariam
2206 1741 2406 1812 doctrinam
2431 1740 2477 1810 dc
2498 1762 2597 1810 causa

579 1857 754 1927 dinariam
771 1863 979 1945 potestatem
994 1871 1055 1918 seu
1071 1846 1363 1937 gubernationem
1377 1843 1568 1922 Ecclesiae,
1616 1861 1651 1918 er
1679 1850 1785 1917 modo
1816 1847 2045 1919 liberationis,
2112 1842 2152 1915 Si
2174 1842 2268 1916 filius
2292 1865 2356 1913 voa
2384 1841 2597 1926 liberaverit,

579 1959 661 2028 ideo
678 1981 751 2026 non
766 1978 840 2024 esse
854 1951 1136 2024 dissentiendum
1149 1949 1195 2019 ab
1209 1949 1369 2039 ipsorum
1385 1945 1569 2018 sententiis
1618 1972 1699 2017 vere
1712 1949 1818 2020 liberi
1843 1950 1958 2036 eritis,
1998 1947 2099 2041 quasi
2130 1944 2241 2016 dicat:
2286 1939 2378 2016 Cum
2409 1942 2505 2013 servi
2530 1945 2597 2013 sitis

581 2075 617 2131 et
633 2058 819 2149 dogmatis.
1618 2052 1766 2144 peccati,
1794 2076 1858 2121 nec
1882 2052 1937 2120 lex
1958 2051 2061 2122 tollat
2077 2061 2254 2142 peccatum
2270 2059 2304 2116 et
2319 2047 2409 2118 iram
2421 2043 2512 2131 Dei,
2542 2071 2598 2115 ue·

719 2225 727 2245 ,
826 2225 835 2243 ‚
931 2222 939 2241 ‚
1530 2215 1537 2234 ,
1618 2154 1987 2224 cesseestvosalieno
2006 2149 2176 2222 beneficio
2197 2149 2363 2232 liberari,
2394 2163 2430 2220 ct
2456 2149 2595 2241 quidem

605 2220 744 2300 omncs
766 2249 832 2324 (Ιω
848 2223 951 2325 sam
964 2230 1170 2322 Pecwlu'n’
1195 2243 1320 2292 ΨΜ
1334 2227 1386 2290 ‘⁸¹
1398 2225 1546 2316 imm·
1618 2254 1682 2322 filii
1698 2252 1783 2345 Dei,
1811 2257 1873 2348 qui
1892 2271 1943 2326 est
1963 2257 2040 2324 sine
2060 2263 2221 2345 peccato,
2254 2251 2422 2320 dominus
2446 2263 2481 2320 et
2500 2251 2598 2320 dator

684 2359 904 2431 Gravissima
919 2357 1086 2429 refutatio
1103 2367 1155 2426 est
1176 2355 1328 2426 carnalis
1348 2353 1570 2444 gloriationis
1620 2355 1777 2427 iusticias
1794 2371 1827 2426 et
1846 2359 1936 2426 vitae
1952 2373 2133 2438 aeternae,
2158 2352 2286 2423 missus
2303 2377 2321 2420 a
2338 2350 2435 2438 Deo,
2463 2366 2503 2422 ut
2517 2351 2597 2421 alle-

579 2467 625 2537 de
647 2464 827 2548 libertate,
866 2485 957 2555 quae
983 2459 1140 2530 continet
1162 2457 1337 2547 egregiam
1358 2455 1571 2546 doctrinam,
1620 2471 1674 2529 rat
1690 2459 1913 2550 etimpcrtiat
1936 2455 2258 2529 reconciliationem
2278 2455 2502 2524 credentibus
2520 2451 2595 2522 voci

579 2589 671 2661 quae
685 2566 731 2637 sit
745 2587 827 2635 vera
846 2564 992 2633 libertas
1014 2559 1139 2653 populi
1155 2556 1240 2643 Dei,
1265 2582 1329 2629 sen
1350 2557 1510 2649 piorum,
1536 2571 1572 2628 et
1620 2560 1748 2651 ipsius,
1789 2561 1881 2631 sicut
1905 2562 2009 2653 paulo
2032 2556 2233 2629 antedixit:
2256 2553 2315 2639 ,si
2340 2556 2533 2626 manseritis
2556 2555 2591 2620 in

522 2741 526 2745 ,
580 2666 814 2740 concionatur
844 2665 1038 2748 demodo,
1079 2661 1260 2755 quomodo
1295 2659 1497 2752 contingat,
1537 2671 1571 2731 ct
1620 2667 1781 2732 serinonc
1797 2687 1886 2748 meo,
1912 2661 2039 2733 viritas
2055 2658 2223 2730 liberabit
2238 2681 2311 2731 vos.
2350 2655 2592 2746 ltaergocon·

579 2769 736 2840 ostendit
749 2767 939 2837 discrimen
954 2789 1056 2836 verae
1077 2777 1112 2834 et
1133 2763 1241 2834 falsae
1263 2757 1452 2833 Ecclesiae.
1504 2759 1571 2832 Di·
1620 2765 1730 2853 tinget
1761 2765 1862 2834 vobis
1887 2767 2048 2848 libertas,
2089 2763 2119 2831 si
2149 2760 2268 2831 audita
2304 2783 2389 2830 voce
2413 2755 2594 2846 Evangelii

579 2871 807 2960 stinguantur
819 2869 929 2958 igitur
951 2867 1155 2937 sententiae.
1206 2863 1325 2934 Prima
1342 2876 1394 2934 est
1410 2864 1570 2933 delinitio
1620 2867 1767 2936 credetis
1792 2867 1893 2936 vobis
1915 2867 2046 2937 remitti
2075 2877 2231 2955 peccata,
2264 2885 2327 2930 vos
2350 2861 2459 2952 recipi
2482 2884 2502 2930 a
2525 2857 2596 2930 Deo

579 2971 774 3056 libertatis,
799 2994 907 3064 quae,
939 2983 980 3039 nt
1001 2961 1256 3050 sit'illustrior,
1288 2989 1353 3056 per
1375 2962 1570 3036 antithesin
1619 2982 1764 3059 propter
1786 2962 1881 3037 hunc
1901 2969 2189 3060 propiciatorem.
2247 2959 2361 3032 Breve
2382 2963 2597 3033 dictumest:

575 3073 807 3166 proponitur.
859 3068 994 3163 Estque
1011 3067 1237 3164 syllogismus
1253 3067 1447 3156 negativus.
1498 3065 1570 3137 Ne·
1620 3071 1657 3140 Si
1674 3070 1768 3138 tilius
1785 3093 1847 3139 vos
1863 3071 2083 3152 liberaverit,
2109 3091 2192 3137 vere
2206 3065 2308 3134 liberi
2325 3066 2447 3150 eritis,
2471 3067 2531 3134 sed
2546 3065 2598 3134 di·

578 3197 640 3244 mo
668 3175 803 3244 faciens
838 3187 1037 3265 peccatum,
1084 3166 1191 3239 babet
1221 3169 1418 3238 libertatem
1450 3193 1568 3239 coram
1620 3173 1768 3260 ligenter
1807 3174 2105 3242 considerandum
2143 3181 2195 3238 est
2232 3171 2372 3259 pondus
2400 3171 2593 3238 verborum.

579 3273 677 3357 Deo,
713 3297 775 3344 vos
795 3274 933 3345 servitis
955 3285 1115 3364 peceato,
1146 3293 1230 3359 ergo
1251 3293 1325 3339 non
1348 3271 1431 3340 estis
1453 3272 1569 3346 liberi.
1619 3269 1683 3342 Est
1699 3275 1792 3342 enim
1812 3275 2016 3362 gravissima
2034 3271 2228 3359 sententia,
2255 3270 2465 3361 simpliciter
2488 3292 2598 3340 remo·

578 3374 649 3446 llic
664 3375 890 3472 syllogismus
907 3377 1000 3445 clare
1014 3374 1144 3444 refutat
1159 3369 1568 3460 gloriationemludaeo-
1621 3397 1704 3444 vens
1728 3399 1747 3442 a
1770 3397 1871 3444 causa
1894 3399 1954 3444 seu
1982 3377 2106 3444 merito
2137 3371 2435 3442 reconciliationis
2464 3394 2601 3442 omnem

577 3502 659 3549 rum
684 3482 728 3549 de
752 3480 894 3548 defensa
917 3492 953 3547 et
974 3488 1179 3545 conservata
1200 3475 1363 3545 libertate
1386 3470 1568 3545 doctrinae
1620 3476 1783 3545 fiduciam
1800 3478 1896 3549 illins
1912 3480 2074 3568 propriae
2098 3474 2279 3564 dignitatis
2301 3488 2362 3545 aut
2386 3478 2603 3558 meritorum,

577 3580 666 3668 legis
680 3603 721 3651 ac
735 3581 891 3671 politiae.
943 3576 1285 3667 Simpliciter-negat
1306 3576 1401 3665 ipsos
1424 3592 1569 3666 propter
1618 3579 1717 3670 quasi
1735 3578 1845 3648 dicat:
1872 3580 1952 3650 Scio
1969 3575 2174 3649 voshaberc
2192 3576 2320 3655 multas
2336 3580 2605 3667 praerogativas,

578 3680 691 3770 legem
714 3704 776 3751 scu
800 3679 1053 3771 professionem
1075 3677 1256 3746 doctrinae
1274 3691 1309 3745 et
1330 3676 1464 3748 rituum
1485 3676 1568 3746 Mo·
1619 3681 1907 3771 propagationem
1935 3681 2073 3771 generis
2096 3682 2142 3749 ab
2166 3673 2349 3749 Abraham
2374 3693 2408 3748 et
2436 3682 2604 3773 patribus,

579 3780 758 3852 aaicorum
774 3776 906 3852 babere
922 3782 1123 3851 libertatem
1146 3802 1263 3848 coram
1278 3776 1374 3863 Deo,
1406 3802 1467 3847 seu
1491 3780 1567 3864 glo·
1619 3781 1729 3869 legem
1758 3797 1790 3851 et
1823 3784 1981 3874 politiam
2014 3782 2188 3852 divinitus
2216 3780 2400 3863 traditam,
2442 3786 2605 3853 sacerdo·

578 3883 684 3967 riam,
712 3886 807 3977 qnod
825 3885 895 3952 sint
910 3882 1065 3981 populus
1078 3877 1164 3964 Dei,
1190 3882 1286 3973 qnod
1304 3881 1462 3970 placeant
1477 3878 1567 3973 Deo,
1618 3884 1726 3967 tium,
1753 3885 1886 3969 cultus,
1913 3900 1976 3956 etc.
2031 3882 2112 3955 Scio
2139 3904 2212 3952 esse
2233 3880 2373 3975 aliquos
2395 3882 2431 3951 in
2456 3881 2528 3955 hoc
2546 3912 2603 3978 po·

578 3996 701 4075 estque
723 3985 898 4055 sententia
920 4004 1119 4073 congruens
1141 4006 1222 4052 curn
1242 3981 1338 4052 dicto
1355 3980 1499 4051 loannis
1518 3987 1566 4053 t.:
1616 3987 1700 4076 pulo
1718 3987 1812 4055 viros
1829 3986 2054 4064 excellentes,
2081 3985 2258 4078 praeditos
2273 3986 2424 4065 virtute,
2450 3992 2515 4059 sed
2536 4014 2605 4060 uon

580 4084 656 4175 Qui
672 4110 746 4155 non
762 4110 804 4155 ex
818 4086 1066 4177 sanguinibus,
1096 4106 1212 4176 neque
1226 4106 1267 4152 cx
1285 4084 1467 4153 voluntate
1490 4109 1566 4154 cnr·
1617 4086 1696 4155 ideo
1727 4088 1829 4157 liberi
1863 4090 1946 4158 estis
1977 4114 1996 4158 a
2022 4102 2180 4179 peccato,
2222 4101 2368 4158 manent
2389 4088 2441 4155 rei
2466 4091 2545 4161 irae
2573 4107 2604 4161 ct

577 4186 655 4271 nis,
689 4211 807 4279 neque
835 4211 877 4257 ex
901 4189 1083 4257 voluntate
1105 4185 1191 4267 viri,
1230 4184 1292 4254 sed
1319 4208 1359 4253 ex
1381 4187 1460 4255 Deo
1489 4188 1566 4256 nati
1615 4188 1742 4259 mortis
1772 4206 1934 4259 aeternae
1961 4214 2084 4260 ornnes
2116 4184 2290 4261 homines.
2352 4188 2424 4259 Nec
2450 4194 2529 4265 crlla
2552 4218 2604 4263 res

578 4299 675 4360 sunt.
728 4288 828 4359 Sicut
845 4290 939 4357 enim
961 4289 1036 4357 illic
1059 4301 1161 4376 negat
1186 4287 1276 4355 filios
1300 4283 1367 4353 Dei
1388 4310 1462 4356 esse
1482 4310 1566 4377 pro·
1617 4304 1686 4373 est,
1712 4308 1976 4386 propterquam
1995 4292 2168 4380 contingit
2185 4290 2347 4361 liberatio
2364 4316 2424 4361 seu
2443 4298 2605 4367 reconci-

576 4402 658 4479 pter
674 4392 962 4487 propagationem
986 4388 1223 4479 generationis
1246 4388 1415 4472 carnalis,
1442 4405 1480 4459 nt
1506 4392 1565 4460 lu·
1617 4392 1734 4477 liatio,
1763 4395 1831 4463 nisi
1852 4395 1926 4485 ipse
1953 4392 2144 4478 filiusDci,
2175 4392 2301 4465 missus
2324 4396 2462 4481 aDeo,
2489 4414 2532 4469 ut
2549 4400 2606 4468 liat

579 4490 659 4557 daei
678 4492 979 4581 imaginabantur:
1012 4491 1060 4561 ita
1084 4485 1143 4558 ltic
1169 4504 1271 4579 negat
1294 4512 1368 4558 esse
1392 4493 1564 4582 populum
1616 4494 1767 4566 victima.
1822 4492 1862 4564 ln
1886 4491 1952 4564 hoc
1968 4511 2149 4590 utrunque
2164 4494 2260 4565 Deus
2277 4497 2353 4565 vult
2367 4500 2550 4591 conspici,
2574 4514 2606 4569 ct

577 4588 644 4661 Dei
659 4606 804 4688 propter
825 4595 924 4662 illam
939 4592 1237 4683 praerogativam,
1269 4593 1365 4685 quod
1389 4594 1565 4667 retineant
1615 4596 1895 4685 magnitudinem
1933 4599 2016 4668 irae·
2041 4598 2209 4667 adversus
2249 4611 2450 4687 peccatum,
2508 4604 2606 4697 qnod

578 4692 744 4779 titulum,
774 4719 814 4764 ac
836 4694 1088 4787 professionem
1111 4692 1216 4782 legis,
1249 4716 1290 4761 ac
1310 4694 1444 4763 rituum
1467 4718 1565 4765 acce·
1615 4697 1714 4766 nulla
1733 4700 1799 4767 alia
1816 4694 1930 4769 hostia
1947 4701 2102 4791 potuerit
2126 4699 2277 4789 placari,
2304 4701 2373 4770 nisi
2393 4718 2511 4775 morte
2532 4706 2610 4789 lilii,

577 4806 722 4883 ptornm
743 4797 951 4886 apatribus.
1011 4792 1108 4863 Haec
1131 4807 1183 4863 cst
1205 4816 1341 4863 summa
1364 4798 1565 4867 conclusio·
1615 4812 1647 4868 et
1674 4823 1797 4869 rursus
1819 4801 1996 4891 ingentem
2026 4801 2325 4888 misericordiam,
2367 4808 2463 4898 quod
2491 4809 2609 4877 voluit

577 4895 656 4979 nis,
682 4918 771 4988 quae
789 4912 892 4987 negat
909 4918 967 4970 cos
982 4919 1056 4965 csse
1078 4896 1224 4981 liberos,
1256 4896 1420 4969 videlicet
1444 4923 1564 4969 coram
1614 4900 1725 4968 filium
1743 4903 1816 4971 lieri
1832 4904 2027 4988 victimam,
2050 4927 2095 4973 ne
2118 4904 2247 4994 periret
2267 4926 2378 4994 genus
2394 4902 2609 4998 humanum,

577 4993 672 5078 Deo,
699 4993 854 5084 bocest,
880 4998 1054 5090 populum
1067 4994 1147 5082 Dei,
1171 5011 1352 5089 acceptum
1365 4994 1453 5086 Deo,
1479 4996 1565 5101 hae·
1614 5005 1708 5093 quod
1728 5019 1873 5097 propter
1888 5006 2004 5095 ipsum
2021 5005 2096 5075 vult
2114 5006 2269 5095 recipere
2289 5010 2482 5083 credentes.
2527 5012 2607 5083 Hoc

471 5127 475 5133 ·
577 5098 696 5165 rederu
711 5099 804 5167 vitae
819 5113 992 5171 aeternae.
1614 5127 1780 5173 arsamum
1816 5108 2003 5177 consilium
2034 5109 2167 5177 aeterni
2199 5110 2309 5199 patris
2338 5112 2490 5201 protulit
2531 5116 2609 5207 ipse

678 5197 747 5269 Sed
764 5202 983 5271 observanda
999 5214 1050 5270 est
1067 5198 1182 5271 maior
1194 5198 1409 5293 syllogismi,
1436 5226 1562 5297 exqua
1612 5204 1705 5274 lilius
1729 5204 1808 5278 Dei.
1862 5208 1950 5279 Vult
1970 5210 2079 5299 igitur
2099 5208 2213 5293 Deus,
2248 5226 2288 5281 ut
2310 5217 2498 5284 credamus
2528 5222 2608 5288 voci

576 5297 730 5369 sumitur
743 5303 902 5371 delinitio
917 5302 1106 5385 libertatis,
1132 5302 1312 5386 videlicet,
1337 5305 1432 5396 qnod
1453 5304 1560 5373 liber·
1613 5300 1737 5390 liuius,
1767 5322 1801 5379 ct
1827 5310 1873 5380 ita
1899 5325 2091 5381 statuamus
2115 5336 2196 5381 vere
2213 5315 2317 5385 uobis
2333 5316 2547 5407 contingere
2566 5324 2611 5391 li-

575 5409 626 5467 tas
641 5422 759 5469 coram
777 5404 852 5474 Deo
865 5404 928 5487 sit,
954 5427 1027 5473 non
1045 5402 1174 5473 habere
1191 5403 1334 5474 titulum
1352 5404 1561 5492 populiDei,
1611 5408 1831 5478 berationcm
1846 5436 1864 5479 a
1880 5427 2040 5503 peccato,
2065 5426 2100 5483 et
2125 5436 2143 5483 a
2169 5429 2282 5487 morte
2303 5434 2448 5511 propter
2470 5422 2606 5496 filium.

573 5512 636 5570 aut
657 5502 910 5592 professionem
931 5506 1114 5577 doctrinae
1137 5504 1222 5594 legis
1244 5519 1279 5576 et
1303 5505 1450 5595 politiae
1475 5504 1560 5576 Mo·
1610 5508 1716 5577 Hanc
1735 5511 1841 5581 fidem
1864 5536 2003 5585 necesse
2027 5530 2077 5587 est
2101 5518 2273 5593 accedere.
2325 5520 2418 5609 Quia
2445 5518 2519 5593 hoc
2545 5531 2609 5597 be.

574 5599 704 5682 saitae,
736 5608 795 5674 sed
817 5608 970 5677 liberum
986 5629 1059 5675 esse
1082 5606 1286 5696 apeccatis,
1314 5602 1382 5677 boc
1398 5622 1469 5687 est,
1496 5603 1560 5677 ha·
1610 5610 1793 5697 nelicinm,
1820 5636 1882 5683 seu
1908 5616 2071 5688 liberatio
2095 5642 2169 5688 non
2192 5635 2307 5711 potest
2334 5625 2438 5697 aliter
2466 5649 2606 5721 appre-

574 5702 660 5770 bere
674 5706 916 5778 remissionem
938 5722 1181 5798 peccatorum,
1205 5721 1240 5778 et
1255 5707 1387 5778 iustum
1404 5710 1559 5807 reputari
1608 5705 1717 5780 hendi
1735 5736 1796 5784 scu
1814 5717 1935 5811 accipi.
1988 5718 2072 5793 ldeo
2088 5722 2187 5795 deea
2203 5718 2491 5821 Chrtnussopra
2514 5756 2607 5803 con.

569 5799 701 5893 aDeo,
725 5830 787 5880 sen
803 5824 1073 5903 esseacccptnm
1087 5806 1177 5885 Deo.
1228 5806 1300 5880 Sed
1320 5822 1361 5881 nt
1385 5805 1474 5883 baec
1496 5813 1558 5883 de·
1610 5812 1770 5887 cinnatus
1787 5831 1848 5894 est.
