5825 6950
330 704 419 781 41⁷
727 700 820 797 ,xtt
871 692 1702 813 unaunautotuat‘an’e.10.tht’18.
1759 692 1867 774 CAP.
1894 700 1992 778 xtx.
2313 718 2392 797 ιιι

332 900 416 949 cem
441 872 554 969 eripi,
578 887 614 950 et
638 872 778 951 loturos
797 894 857 947 eos
879 872 921 943 in
945 868 1138 945 horrendis
1163 886 1198 945 et
1224 886 1339 947 seter-
1393 869 1489 955 filio,
1531 870 1743 945 seditionem
1773 887 1891 947 secuta
1923 864 1974 949 e'st
2001 876 2192 973 coniugum
2220 906 2379 964 mearum

332 983 394 1051 nis
413 980 577 1051 tenebris
593 992 627 1049 et
642 978 780 1071 poenis.
1390 973 1664 1057 contaminatio,
1691 987 1725 1046 et
1749 978 1861 1049 multa
1889 981 2018 1050 eaedes'
2033 982 2070 1051 in
2096 996 2170 1057 toto
2191 1010 2318 1081 regno,
2344 1010 2377 1068 et

441 1080 517 1155 Sed
544 1104 619 1151 non
651 1082 726 1172 ipsa
751 1077 919 1168 laceratio
943 1074 1121 1167 corporis,
1155 1100 1229 1148 non
1253 1072 1339 1149 bor·
1388 1078 1456 1147 alia
1473 1076 1584 1154 multa
1600 1078 1731 1149 scelera
1750 1102 1840 1173 quae
1855 1080 2072 1156 comitantur
2093 1084 2280 1163 intestinas
2301 1096 2375 1169 dis-
2466 1140 2470 1153 ·

332 1184 452 1255 renda
468 1182 657 1283 suspensio
673 1183 710 1253 in
740 1204 866 1267 cruce,
891 1181 941 1251 sic
958 1179 1093 1249 feriunt
1116 1179 1256 1251 animos
1277 1205 1337 1251 co·
1388 1180 1545 1260 cordiae,
1573 1192 1607 1252 et
1628 1180 1907 1253 innumerabiles
1929 1185 2067 1258 animae
2087 1212 2273 1282 oppressae
2290 1214 2374 1271 sunt

330 1288 491 1377 gitentes
522 1288 568 1355 de
608 1285 772 1378 passione
805 1280 964 1367 Christi,
1006 1280 1098 1352 sicut
1129 1275 1188 1353 hic
1222 1282 1333 1357 tristis
1386 1296 1528 1353 aeterna
1544 1282 1597 1353 ira
1611 1280 1678 1355 Dei
1696 1299 1840 1375 propter
1853 1284 2076 1363 seditionem.
2128 1288 2239 1365 Multi
2259 1302 2372 1372 saneti

329 1390 490 1460 clamor:
593 1462 599 1470 ,
1385 1399 1531 1479 propter
1545 1384 1751 1457 scandalum
1774 1388 1951 1460 moesticia
1967 1390 2098 1463 mortni
2113 1410 2207 1471 sunt.
2259 1398 2371 1475 Multi

1385 1488 1496 1559 sancti
1515 1487 1621 1559 etiarn
1637 1488 1800 1579 contagio
1815 1490 1999 1561 seditionis
2014 1512 2240 1571 excusserunt
2254 1500 2369 1595 Spiri-
2469 1540 2478 1555 ·

1384 1601 1460 1659 tum
1484 1605 1663 1676 sanctum,
1703 1604 1738 1661 ct
1760 1592 1918 1683 oppressi
1940 1608 2023 1667 sunt
2053 1611 2193 1670 aeterna
2214 1602 2267 1673 ira
2289 1602 2370 1692 Dei,

438 1690 572 1783 Qualis
600 1706 652 1763 est
675 1684 765 1761 haec
797 1688 940 1785 querela
964 1690 1002 1759 in
1025 1688 1098 1760 lilio
1121 1686 1220 1762 Dei?
1272 1690 1331 1763 An
1383 1716 1450 1762 nec
1466 1693 1617 1764 dubium
1638 1706 1688 1765 est
1706 1692 1842 1787 aliquas
1859 1690 2007 1765 Davidis
2022 1698 2186 1791 coniuges
2209 1728 2370 1779 moerore

344 1798 471 1869 iudicat
485 1816 525 1869 sc
541 1796 719 1866 desertum
734 1792 961 1865 etabiectum
978 1792 1077 1863 esse?
1108 1790 1331 1867 Haecverba
1384 1793 1654 1865 extinctasesse.
1706 1792 1809 1865 Hanc
1825 1809 1956 1868 tantam
1973 1798 2101 1869 molem
2118 1805 2294 1877 malorum
2311 1810 2370 1879 in-

338 1926 376 1970 er
391 1898 488 1973 Psal.
505 1900 566 1971 22.
583 1911 698 1968 sumta
715 1909 817 1978 sunt,
850 1895 913 1987 qui
937 1907 1032 1967 totus
1048 1896 1328 1969 considerandus
1386 1910 1487 1967 tuens
1502 1892 1642 1988 David,
1668 1899 1797 1989 cogitat
1813 1920 1849 1968 se
1865 1912 1995 1984 pestem
2009 1925 2082 1971 esse
2096 1896 2275 1979 Ecclesiae
2289 1910 2369 1998 Dei,

335 2017 405 2085 est,
430 2002 462 2071 si
478 2000 599 2093 aliquo
621 1998 730 2071 modo
750 1996 916 2069 volumus
940 1998 1110 2089 cogitare,
1134 2022 1241 2093 quam
1261 1998 1328 2071 tri·
1381 2012 1415 2071 et
1448 2022 1509 2069 vas
1540 2000 1631 2085 irae,
1675 2016 1708 2073 et
1737 2000 1893 2071 fortassis
1919 2001 1956 2071 in
1981 2016 2164 2077 aeternum
2193 2012 2367 2085 abiectum

333 2106 397 2177 stis
413 2103 462 2175 sit
482 2098 570 2173 baec
586 2099 772 2173 sententia.
830 2094 916 2169 Dixi
930 2112 1050 2171 autem
1066 2123 1172 2193 supra
1188 2102 1329 2196 aliquo·
1380 2124 1401 2171 a
1426 2098 1515 2173 Deo.

335 2208 402 2278 ties
425 2208 476 2275 de
504 2203 692 2276 doloribus
711 2198 872 2291 Christi,
913 2213 946 2272 et
978 2203 1168 2274 decorum
1202 2205 1328 2290 causis,
1468 2204 1511 2275 Io
1531 2202 1592 2275 tali
1607 2203 1730 2275 dolore
1746 2203 1865 2299 aliqua
1882 2204 1997 2297 imago
2013 2220 2064 2278 est
2079 2209 2242 2281 dolorum
2259 2208 2367 2285 Chri-

336 2310 408 2380 sire
430 2306 593 2381 obiectis.
645 2302 809 2375 Primum
830 2304 991 2375 naturale
1012 2315 1047 2374 et
1067 2328 1254 2377 commune
1276 2321 1327 2378 est
1380 2306 1437 2377 sti.
1488 2304 1579 2377 Nam
1596 2320 1636 2379 ut
1651 2303 1769 2393 David
1790 2308 1938 2379 sustinet
1960 2323 2107 2381 terrores
2124 2326 2268 2403 propter
2281 2340 2367 2410 pro·

343 2412 526 2493 omnibns,
553 2407 649 2502 quod
665 2406 832 2477 laceratio
846 2406 1006 2498 corporis
1027 2405 1133 2480 affert
1154 2407 1327 2495 dolorem,
1380 2409 1456 2501 pria
1479 2420 1638 2500 peecata,
1665 2410 1712 2479 ita
1738 2409 1831 2479 filius
1848 2406 1913 2479 Dei
1940 2410 2087 2482 sustinet
2108 2425 2260 2487 terrores
2282 2442 2369 2509 pro·

348 2514 394 2583 sic
413 2514 520 2584 etiarn
543 2508 758 2581 Laurentius
779 2508 942 2593 dolebat,
966 2510 1025 2579 sed
1046 2532 1135 2593 ,cum
1158 2509 1197 2579 in
1222 2513 1327 2581 eorde
1380 2524 1460 2603 pter
1480 2523 1598 2580 nostra
1624 2525 1781 2601 peccata,
1808 2512 1908 2605 quasi
1932 2510 2006 2603 ipse
2027 2536 2064 2583 se
2079 2528 2130 2585 tot
2145 2517 2274 2588 nostris
2291 2540 2366 2591 sce·

345 2616 489 2687 sentitur
504 2612 659 2685 laetitiae
683 2624 828 2703 propter
844 2610 908 2681 Dei
924 2614 1157 2701 praesentiam
1175 2624 1207 2681 ct
1228 2612 1327 2683 lavo-
1380 2614 1515 2684 leribus
1554 2613 1761 2703 polluisset:
1804 2614 1940 2684 derivat
1971 2615 2065 2683 enirn
2090 2616 2134 2685 in
2167 2642 2241 2689 sese
2276 2621 2365 2693 iram

338 2742 425 2803 rem,
459 2717 582 2785 minus
607 2712 826 2784 excruciatur
848 2712 921 2783 illis
943 2712 1098 2785 externis
1129 2714 1327 2786 doloribus.
1378 2710 1468 2799 Dei,
1510 2738 1598 2809 quse
1621 2715 1755 2811 alioqui
1782 2738 1848 2784 nos
1877 2738 2060 2807 opressura
2084 2731 2167 2793 erat.
2232 2720 2366 2819 Estque

336 2820 525 2902 Secundo,
549 2814 714 2887 naturale
735 2826 769 2885 et
789 2838 977 2887 commune
992 2828 1044 2885 est
1057 2816 1225 2888 omnibus
1239 2810 1326 2887 bor·
1380 2814 1572 2907 significata
1588 2812 1673 2887 haec
1688 2830 1783 2887 tanta
1799 2840 1855 2887 res
1870 2818 1990 2887 multis
2005 2819 2118 2911 dictis.
2169 2816 2292 2895 Esaias
2309 2828 2365 2897 in-

334 2922 430 2995 cibili
448 2916 736 2991 consternatione
753 2917 873 3008 ingere
889 2929 1059 3003 mortem,
1084 2920 1144 2988 sed
1161 2919 1328 2989 obruitur
1380 2920 1480 3013 quit:
1523 2916 1730 2991 Percussum
1759 2942 1831 2990 esse
1853 2942 1872 2987 a
1896 2916 1991 2997 Deo,
2032 2946 2102 3014 qua
2126 2924 2364 3017 descriptione

333 3020 416 3095 baec
433 3018 791 3095 etiamconstematio
805 3017 937 3089 laetitia
952 3018 1081 3105 cordis,
1097 3022 1193 3113 quod
1204 3021 1328 3092 statuit
1379 3021 1554 3112 significat
1583 3044 1656 3090 non
1694 3036 1832 3093 tantum
1864 3012 2019 3092 humana
2051 3024 2196 3096 saevitia
2232 3026 2364 3102 lacera·
2432 3010 2447 3027 ’

334 3122 484 3197 nosDeo
499 3124 648 3217 placere,
663 3134 698 3192 et
711 3120 871 3193 intuetur
884 3121 993 3192 vitam
1008 3134 1186 3191 aeternam
1204 3134 1237 3191 et
1252 3145 1326 3193 non
1380 3134 1455 3193 tum
1480 3145 1553 3191 esse
1576 3118 1769 3199 Christum.
1811 3120 1937 3195 Uritur
1955 3120 2188 3207 Laurentius,
2216 3152 2279 3199 nec
2301 3154 2360 3201 ex-

333 3228 475 3300 dubitat
489 3250 526 3299 se
541 3224 611 3295 iam
627 3220 695 3294 Dei
712 3234 958 3313 conspectum,
983 3235 1017 3293 et
1032 3224 1326 3295 consuetudinem
1380 3222 1558 3294 cruciatur
1579 3223 1617 3293 in
1639 3228 1744 3295 corde
1757 3238 1923 3317 tanquam
1942 3220 2051 3295 aDeo
2066 3228 2231 3302 abiectus.
2282 3232 2365 3303 Alia

332 3327 468 3401 Christi
493 3341 528 3401 et
551 3325 713 3397 omnium
739 3324 1119 3398 sanctoromtransire.
1170 3323 1240 3396 Hic
1255 3326 1328 3395 cla·
1379 3349 1435 3395 res
1450 3325 1564 3396 multo
1580 3324 1716 3397 tristior
1730 3340 1800 3410 est,
1823 3326 1981 3397 iudicare
2004 3349 2040 3396 se
2062 3324 2172 3399 aneo
2196 3344 2364 3423 tanquam

334 3447 404 3506 mat
419 3430 575 3514 Paulus:
596 3424 712 3527 Cupio
728 3425 886 3511 dissolvi,
900 3438 935 3496 et
949 3421 1152 3519 Stephanus
1165 3428 1327 3516 laetatur,
1380 3450 1441 3499 ras
1464 3428 1536 3500 irae
1556 3428 1731 3500 abiectum
1756 3450 1842 3503 esse.
1894 3425 1946 3498 lta
1966 3429 2103 3502 luctans
2125 3454 2240 3504 secum
2257 3431 2364 3506 Chri-

333 3537 462 3607 ridens
477 3532 594 3604 lesum
612 3544 763 3606 stantem
777 3528 824 3601 ad
840 3529 998 3600 dextram
1016 3526 1096 3602 Dei.
1379 3543 1455 3602 stus
1488 3530 1526 3600 in
1561 3555 1686 3616 cruce,
1711 3531 1794 3625 ,edit
1828 3525 1921 3602 banc
1953 3532 2189 3604 tristissimam
2221 3561 2363 3608 rocem:

436 3633 513 3709 Cur
529 3633 637 3725 igitur
650 3633 765 3704 maior
777 3630 883 3701 dolor
895 3645 946 3705 est
958 3626 1118 3702 Christi?
1141 3625 1236 3722 Quia
1251 3631 1327 3730 ipse
1377 3631 1475 3706 Deus
1498 3656 1615 3714 meus,
1647 3629 1744 3704 Deus
1766 3657 1882 3718 meus,
1915 3657 2023 3728 quare
2044 3635 2263 3730 dereliquisti
2286 3641 2365 3711 me?

333 3741 405 3812 alio
427 3739 570 3810 obiecto
596 3730 763 3806 horribili
795 3731 990 3823 premitur,
1030 3735 1125 3826 quod
1150 3756 1225 3804 non
1247 3756 1327 3804 sen·
1379 3736 1479 3830 quasi
1495 3736 1608 3827 dicat,
1630 3759 1704 3806 non
1722 3735 1898 3808 lamentor
1923 3751 2066 3828 propter
2087 3739 2245 3827 corporis
2271 3741 2365 3812 lace-

333 3846 431 3914 tiunt
452 3837 669 3910 Laurentius
698 3850 734 3908 et
763 3829 984 3926 Stephanus,
1024 3837 1190 3928 quodque
1219 3831 1328 3906 Chri·
1379 3839 1573 3920 rationem,
1599 3851 1660 3909 aut
1676 3850 1821 3930 propter
1837 3850 2001 3921 mortem,
2027 3839 2086 3908 sed
2105 3853 2249 3930 propter
2266 3843 2365 3914 alind

331 3960 408 4016 stus
438 3942 522 4011 ideo
547 3939 649 4023 tulit,
690 3937 775 4032 quia
804 3959 870 4009 nos
901 3937 996 4009 serre
1025 3960 1100 4007 non
1124 3960 1326 4029 possumus.
1379 3940 1485 4030 longe
1518 3937 1652 4010 tristius
1685 3940 1837 4026 malum,
1879 3941 1974 4032 quod
2018 3953 2057 4012 tu
2092 3965 2147 4010 me
2183 3943 2366 4038 relinquis,

332 4045 414 4136 lpse
429 4043 528 4114 enim
549 4041 657 4115 sentit
676 4063 753 4110 noo
776 4061 972 4129 possumus.
1025 4037 1102 4130 lpse
1120 4038 1216 4110 enim
1239 4062 1326 4110 sen·
1379 4043 1475 4136 qnod
1492 4063 1566 4112 non
1584 4040 1697 4114 sentio
1714 4042 1751 4110 in
1770 4043 1875 4112 corde
1892 4041 2073 4125 laetitiam,
2093 4048 2366 4134 quamsentiunt

329 4151 375 4220 tit
407 4168 484 4216 non
510 4156 648 4215 tantum
681 4140 912 4214 lacerationes
941 4142 1122 4234 corporis,
1166 4155 1201 4210 et
1228 4141 1327 4211 illam
1380 4145 1443 4213 alii
1460 4143 1590 4228 sancti,
1622 4165 1712 4237 quos
1732 4143 1934 4214 consolaria.
1988 4141 2064 4213 lmo
2088 4145 2201 4216 sentio
2223 4161 2258 4218 te
2282 4142 2367 4218 hor·

327 4247 532 4320 naturalem
561 4244 689 4318 mortis
719 4245 858 4332 lugeam
892 4239 953 4314 sed
990 4243 1100 4315 sentit
1133 4242 1328 4334 peculiares
1379 4246 1535 4316 ribiliter
1558 4246 1660 4316 irasci
1683 4246 1833 4339 peccatis
1859 4243 1996 4336 generis
2019 4241 2187 4337 humani,
2222 4264 2366 4338 propter

331 4367 510 4431 terrores,
545 4347 676 4442 quibus
695 4346 851 4418 ostendit
873 4343 942 4435 ipsi
968 4339 1122 4418 1)ssth
1149 4345 1238 4415 iram
1264 4347 1328 4416 ad-
1380 4370 1471 4443 quae
1491 4370 1554 4439 ego
1569 4371 1665 4418 nunc
1681 4371 1763 4419 reus
1778 4371 1875 4430 sum,
1901 4369 2018 4416 coram
2036 4360 2069 4418 te
2087 4347 2249 4440 inquam:
2284 4347 2365 4421 Non

328 4473 460 4524 versus
490 4461 628 4543 peecata
658 4462 807 4532 nostra,
847 4447 939 4517 sicut
967 4446 1161 4540 aliquando
1183 4448 1222 4520 in
1244 4470 1328 4518 vera
1381 4460 1471 4519 esset
1497 4444 1587 4518 mihi
1611 4449 1875 4518 acerbissimum
1907 4447 2034 4518 mundi
2065 4449 2203 4522 iudiciis
2230 4450 2366 4541 impro-

327 4551 552 4628 contritione
580 4551 738 4622 sentiunt
769 4547 822 4640 pii
843 4543 1037 4618 horribiles
1059 4572 1225 4640 pavores,
1265 4573 1329 4622 seu
1380 4550 1478 4637 bari,
1503 4551 1563 4620 sed
1579 4562 1674 4620 tuam
1696 4551 1785 4622 iram
1802 4549 1932 4620 sentire
1945 4550 2044 4620 triste
2060 4563 2122 4618 est.
2155 4543 2233 4621 Etsi
2248 4565 2365 4622 autem

327 4656 585 4739 confusiones,
611 4675 673 4722 seu
690 4651 1011 4735 consternationes‚
1038 4649 1139 4744 quasi
1154 4650 1327 4720 abiician-
1380 4676 1455 4724 non
1476 4665 1590 4746 potest
1613 4651 1819 4742 magnitudo
1843 4651 2006 4722 dolorum
2030 4645 2184 4739 Christi,
2210 4664 2270 4722 aut
2285 4677 2365 4724 rer-

329 4757 543 4841 tnraDeo,
568 4757 611 4824 de
626 4753 690 4847 qui
705 4752 987 4845 bus2pavoribus
1007 4752 1127 4846 inquit
1139 4747 1328 4824 Ezechias:
1380 4755 1436 4826 bis
1467 4750 1632 4824 homenis
1661 4753 1815 4846 exponi,
1863 4765 1923 4824 aut
1962 4751 2173 4848 cogitatione
2201 4777 2362 4846 compre·

332 4861 437 4932 Sicut
452 4861 508 4930 leo
524 4855 693 4928 contrivit
709 4854 829 4926 omnia
844 4875 922 4925 ossa
938 4876 1027 4927 mea.
1076 4849 1126 4926 Et
1140 4849 1255 4924 David
1273 4855 1330 4924 in·
1382 4849 1515 4939 hendi,
1547 4869 1664 4926 tamen
1695 4878 1833 4926 necesse
1856 4868 1906 4925 est
1929 4853 2008 4948 pios
2029 4853 2149 4947 aliquo
2175 4857 2282 4926 modo
2307 4881 2366 4928 eos

332 4965 430 5055 quit:
469 4957 651 5050 Quoniam
684 4956 829 5048 sagittae
856 4969 936 5026 tuae
968 4956 1095 5026 inlisae
1126 4968 1210 5028 sunt
1238 4952 1329 5028 mihi
1383 4957 1628 5038 considerare,
1654 4972 1693 5028 ut
1708 4957 1987 5028 discamusiram
2004 4951 2070 5026 Dei
2094 4958 2261 5026 adversus
2284 4981 2366 5050 pec-

333 5061 552 5136 conbrmasti
573 5081 770 5151 supermea
792 5080 937 5128 manum
956 5069 1072 5128 tuam:
1099 5053 1183 5128 Non
1197 5072 1248 5129 est
1262 5081 1330 5150 pax
1382 5072 1478 5144 cata,
1511 5071 1545 5130 et
1565 5059 1685 5152 aliquo
1715 5061 1822 5128 modo
1847 5058 2062 5128 celebremus
2085 5059 2367 5146 magnitudinem

334 5169 477 5238 ossibus
493 5161 616 5234 meisa
632 5157 719 5231 facie
736 5173 957 5251 peccatorum
973 5181 1144 5231 meorum.
1383 5161 1524 5246 oneris,
1556 5163 1651 5255 quod
1676 5183 1740 5254 pro
1763 5159 1869 5230 nobis
1890 5153 2053 5231 Christus
2077 5158 2254 5230 sustinuit.
2319 5157 2367 5234 Et

439 5263 679 5356 Atotsliqno
701 5263 810 5333 modo
832 5255 892 5332 bic
913 5262 1017 5331 dolor
1042 5283 1064 5330 a
1089 5259 1193 5331 nobis
1218 5281 1330 5351 agno·
1384 5287 1464 5334 curn
1482 5260 1577 5335 Deus
1601 5256 1687 5332 haec
1711 5284 1774 5353 per
1789 5253 1982 5360 Prophetas
2001 5273 2035 5330 et
2052 5255 2243 5349 Apostolos
2265 5283 2377 5356 saepe¹

335 5386 474 5452 testor,
498 5379 561 5439 sut
584 5363 728 5458 propria
750 5374 890 5452 peccata
917 5363 1130 5453 aspiciamus
1156 5363 1244 5452 ipsi,
1270 5377 1331 5434 aut
1383 5377 1534 5456 repetat,
1558 5363 1635 5434 vult
1650 5375 1742 5433 certe
1757 5385 1883 5432 sonare
1898 5356 1989 5432 hanc
2011 5361 2170 5431 doctrine
2194 5362 2232 5430 in
2247 5359 2369 5434 Eccle-

335 5475 531 5564 cogitemus
552 5465 726 5540 Davidem
753 5459 920 5534 horribili
953 5465 1077 5534 dolore
1110 5486 1330 5558 oppressum,
1383 5466 1449 5536 sia.
1477 5463 1561 5534 ldeo
1579 5465 1768 5536 excitemus
1780 5478 1915 5554 mentes
1933 5457 2115 5532 adbarum
2134 5463 2366 5533 maximarum

336 5597 415 5646 cnm
432 5569 590 5662 agnoscit
608 5591 645 5640 se
659 5587 798 5638 causam
823 5565 1024 5655 praebuisse
1046 5560 1104 5635 his
1125 5567 1234 5637 tantis
1250 5589 1332 5656 pec·
1383 5589 1503 5637 rerum
1519 5564 1786 5656 cogitationem,
1812 5578 1846 5635 et
1869 5586 2009 5634 oremus
2024 5559 2158 5643 Deum,
2192 5577 2231 5634 ut
2256 5565 2368 5634 lucem

339 5677 425 5747 tatis
440 5689 474 5746 ct
490 5669 688 5753 scandalis,
710 5689 799 5760 qoae
812 5666 950 5755 lapsum
969 5665 1081 5758 ipsius
1097 5681 1213 5739 secuta
1230 5679 1328 5736 sunt:
1384 5669 1422 5738 in
1457 5667 1625 5739 cordibus
1659 5667 1790 5738 nostris
1823 5665 2010 5746 accendat,
2034 5678 2075 5734 ut
2109 5658 2204 5733 hunc
2232 5659 2365 5736 Christi

338 5775 493 5868 Propter
516 5795 635 5844 meum
662 5781 865 5860 peccatum,
905 5768 1043 5860 inquit,
1081 5764 1178 5838 Deus
1207 5769 1332 5853 iratus,
1385 5793 1554 5860 agonem,
1581 5781 1615 5838 et
1636 5764 1706 5840 hoc
1731 5781 1868 5840 tantum
1892 5765 2098 5834 beneficium
2116 5763 2369 5856 magismagie-

341 5875 504 5970 permisit
535 5872 673 5944 moveri
708 5869 939 5952 seditionem,
981 5868 1181 5966 etquidem
1207 5893 1228 5943 a
1253 5891 1331 5939 meo
1386 5895 1455 5966 que
1472 5869 1731 5965 intelligamus,
1760 5882 1793 5940 et
1816 5891 1880 5960 pro
1905 5889 1945 5936 eo
1964 5867 2093 5956 gratias
2110 5885 2262 5963 agamus,

390 5977 579 6052 Metam.
608 5977 712 6044 Oeen.
735 5974 818 6038 Vos.
847 5973 925 6040 XV.
1840 5965 1891 6040 27

408 1536 521 1610 Deus
536 1533 643 1609 Deus
656 1558 775 1620 meus,
801 1558 917 1637 quare
933 1530 1160 1636 derelinquis
1171 1544 1258 1610 'mei
