<?xml version="1.0" encoding="UTF-8"?>
<!DOCTYPE html PUBLIC "-//W3C//DTD XHTML 1.0 Transitional//EN"
    "http://www.w3.org/TR/xhtml1/DTD/xhtml1-transitional.dtd">
<html xmlns="http://www.w3.org/1999/xhtml" xml:lang="en" lang="en">
 <head>
  <title>
</title>
<meta http-equiv="Content-Type" content="text/html;charset=utf-8" />
  <meta name='ocr-system' content='tesseract 3.04.00' />
  <meta name='ocr-capabilities' content='ocr_page ocr_carea ocr_par ocr_line ocrx_word'/>
</head>
<body>
  <div class='ocr_page' id='page_1' title='image "./philippimelanth08bindgoog_0311.png"; bbox 0 0 5825 6950; ppageno 0'>
   <div class='ocr_carea' id='block_1_1' title="bbox 576 669 2558 798">
    <p class='ocr_par' dir='ltr' id='par_1_1' title="bbox 576 669 2558 798">
     <span class='ocr_line' id='line_1_1' title="bbox 576 669 2558 798; baseline 0.006 -16"><span class='ocrx_word' id='word_1_1' title='bbox 576 694 651 796; x_wconf 73' lang='lat' dir='ltr'><strong>aaa</strong></span> <span class='ocrx_word' id='word_1_2' title='bbox 764 736 820 749; x_wconf 92' lang='lat'><strong>··</strong></span> <span class='ocrx_word' id='word_1_3' title='bbox 1012 733 1017 744; x_wconf 91' lang='lat'><strong>·</strong></span> <span class='ocrx_word' id='word_1_4' title='bbox 1154 708 1281 786; x_wconf 83' lang='lat' dir='ltr'><strong>rutn.</strong></span> <span class='ocrx_word' id='word_1_5' title='bbox 1306 672 1426 785; x_wconf 72' lang='lat' dir='ltr'><strong>unu</strong></span> <span class='ocrx_word' id='word_1_6' title='bbox 1452 703 1665 784; x_wconf 77' lang='lat' dir='ltr'><strong>scatent</strong></span> <span class='ocrx_word' id='word_1_7' title='bbox 1691 669 1991 784; x_wconf 74' lang='lat' dir='ltr'><strong>canonum.</strong></span> <span class='ocrx_word' id='word_1_8' title='bbox 2509 719 2558 798; x_wconf 78' lang='lat' dir='ltr'><strong>su</strong></span> 
     </span>
    </p>
   </div>
   <div class='ocr_carea' id='block_1_2' title="bbox 578 862 2615 1289">
    <p class='ocr_par' dir='ltr' id='par_1_2' title="bbox 578 862 2615 1289">
     <span class='ocr_line' id='line_1_2' title="bbox 579 862 2615 975; baseline 0 -11"><span class='ocrx_word' id='word_1_9' title='bbox 579 905 616 964; x_wconf 87' lang='lat' dir='ltr'><strong>et</strong></span> <span class='ocrx_word' id='word_1_10' title='bbox 637 862 734 963; x_wconf 83' lang='lat' dir='ltr'><strong>liaud</strong></span> <span class='ocrx_word' id='word_1_11' title='bbox 758 883 866 959; x_wconf 86' lang='lat' dir='ltr'><strong>dubie</strong></span> <span class='ocrx_word' id='word_1_12' title='bbox 889 885 1033 960; x_wconf 88' lang='lat' dir='ltr'><strong>dotibus</strong></span> <span class='ocrx_word' id='word_1_13' title='bbox 1057 883 1210 975; x_wconf 80' lang='lat' dir='ltr'><strong>ingenii,</strong></span> <span class='ocrx_word' id='word_1_14' title='bbox 1236 880 1411 975; x_wconf 86' lang='lat' dir='ltr'><strong>sapientia</strong></span> <span class='ocrx_word' id='word_1_15' title='bbox 1425 896 1459 954; x_wconf 88' lang='lat' dir='ltr'><strong>et</strong></span> <span class='ocrx_word' id='word_1_16' title='bbox 1474 883 1573 955; x_wconf 93' lang='lat' dir='ltr'><strong>omui</strong></span> <span class='ocrx_word' id='word_1_17' title='bbox 1592 891 1602 920; x_wconf 82' lang='grc'><strong><em>’</em></strong></span> <span class='ocrx_word' id='word_1_18' title='bbox 1626 881 1695 972; x_wconf 93' lang='lat' dir='ltr'><strong>piis</strong></span> <span class='ocrx_word' id='word_1_19' title='bbox 1710 893 1745 950; x_wconf 86' lang='lat' dir='ltr'><strong>et</strong></span> <span class='ocrx_word' id='word_1_20' title='bbox 1764 877 1903 972; x_wconf 87' lang='lat' dir='ltr'><strong>pavidis</strong></span> <span class='ocrx_word' id='word_1_21' title='bbox 1919 879 2145 953; x_wconf 69' lang='lat' dir='ltr'><strong>conscientiis</strong></span> <span class='ocrx_word' id='word_1_22' title='bbox 2158 881 2261 957; x_wconf 83' lang='lat' dir='ltr'><strong>affert</strong></span> <span class='ocrx_word' id='word_1_23' title='bbox 2275 887 2459 960; x_wconf 87' lang='lat' dir='ltr'><strong>uberimam</strong></span> <span class='ocrx_word' id='word_1_24' title='bbox 2473 915 2559 966; x_wconf 85' lang='lat' dir='ltr'><strong>conso·</strong></span> <span class='ocrx_word' id='word_1_25' title='bbox 2614 917 2615 942; x_wconf 49' lang='lat' dir='ltr'><strong>t</strong></span> 
     </span>
     <span class='ocr_line' id='line_1_3' title="bbox 580 979 2615 1086; baseline 0.002 -22"><span class='ocrx_word' id='word_1_26' title='bbox 580 1017 709 1086; x_wconf 75' lang='lat' dir='ltr'><strong>genere</strong></span> <span class='ocrx_word' id='word_1_27' title='bbox 725 991 898 1062; x_wconf 84' lang='lat' dir='ltr'><strong>virtutum</strong></span> <span class='ocrx_word' id='word_1_28' title='bbox 913 989 1075 1060; x_wconf 80' lang='lat' dir='ltr'><strong>excelluit</strong></span> <span class='ocrx_word' id='word_1_29' title='bbox 1092 989 1259 1058; x_wconf 85' lang='lat' dir='ltr'><strong>omnibus</strong></span> <span class='ocrx_word' id='word_1_30' title='bbox 1273 981 1482 1059; x_wconf 86' lang='lat' dir='ltr'><strong>hominibus</strong></span> <span class='ocrx_word' id='word_1_31' title='bbox 1498 987 1573 1057; x_wconf 87' lang='lat' dir='ltr'><strong>eins</strong></span> <span class='ocrx_word' id='word_1_32' title='bbox 1622 983 1807 1056; x_wconf 82' lang='lat' dir='ltr'><strong>lationem.</strong></span> <span class='ocrx_word' id='word_1_33' title='bbox 1882 979 1939 1058; x_wconf 81' lang='lat' dir='ltr'><strong>Ac</strong></span> <span class='ocrx_word' id='word_1_34' title='bbox 1959 1005 2098 1078; x_wconf 86' lang='lat' dir='ltr'><strong>semper</strong></span> <span class='ocrx_word' id='word_1_35' title='bbox 2118 987 2383 1062; x_wconf 83' lang='lat' dir='ltr'><strong>meminerimus</strong></span> <span class='ocrx_word' id='word_1_36' title='bbox 2408 989 2486 1065; x_wconf 88' lang='lat' dir='ltr'><strong>hauc</strong></span> <span class='ocrx_word' id='word_1_37' title='bbox 2504 1021 2560 1070; x_wconf 88' lang='lat' dir='ltr'><strong>con·</strong></span> <span class='ocrx_word' id='word_1_38' title='bbox 2614 981 2615 984; x_wconf 21' lang='lat'>¹</span> 
     </span>
     <span class='ocr_line' id='line_1_4' title="bbox 580 1082 2615 1182; baseline 0.001 -15"><span class='ocrx_word' id='word_1_39' title='bbox 580 1095 719 1177; x_wconf 82' lang='lat' dir='ltr'><strong>aetatis.</strong></span> <span class='ocrx_word' id='word_1_40' title='bbox 788 1092 863 1163; x_wconf 86' lang='lat' dir='ltr'><strong>Has</strong></span> <span class='ocrx_word' id='word_1_41' title='bbox 890 1106 1006 1164; x_wconf 88' lang='lat' dir='ltr'><strong>tantas</strong></span> <span class='ocrx_word' id='word_1_42' title='bbox 1036 1091 1185 1161; x_wconf 85' lang='lat' dir='ltr'><strong>virtutes</strong></span> <span class='ocrx_word' id='word_1_43' title='bbox 1207 1104 1241 1159; x_wconf 89' lang='lat' dir='ltr'><strong>et</strong></span> <span class='ocrx_word' id='word_1_44' title='bbox 1269 1083 1357 1159; x_wconf 88' lang='lat' dir='ltr'><strong>haec</strong></span> <span class='ocrx_word' id='word_1_45' title='bbox 1380 1090 1476 1162; x_wconf 90' lang='lat' dir='ltr'><strong>dona</strong></span> <span class='ocrx_word' id='word_1_46' title='bbox 1505 1088 1573 1158; x_wconf 90' lang='lat' dir='ltr'><strong>Dei</strong></span> <span class='ocrx_word' id='word_1_47' title='bbox 1621 1082 1762 1156; x_wconf 89' lang='lat' dir='ltr'><strong>cionem</strong></span> <span class='ocrx_word' id='word_1_48' title='bbox 1781 1109 1855 1155; x_wconf 92' lang='lat' dir='ltr'><strong>non</strong></span> <span class='ocrx_word' id='word_1_49' title='bbox 1869 1084 2048 1180; x_wconf 89' lang='lat' dir='ltr'><strong>pertinere</strong></span> <span class='ocrx_word' id='word_1_50' title='bbox 2062 1111 2102 1160; x_wconf 91' lang='lat' dir='ltr'><strong>ac</strong></span> <span class='ocrx_word' id='word_1_51' title='bbox 2116 1089 2325 1163; x_wconf 87' lang='lat' dir='ltr'><strong>exteriorem</strong></span> <span class='ocrx_word' id='word_1_52' title='bbox 2341 1095 2458 1182; x_wconf 87' lang='lat' dir='ltr'><strong>vitam,</strong></span> <span class='ocrx_word' id='word_1_53' title='bbox 2478 1100 2561 1170; x_wconf 86' lang='lat' dir='ltr'><strong>scdsl</strong></span> <span class='ocrx_word' id='word_1_54' title='bbox 2614 1085 2615 1118; x_wconf 66' lang='lat'><em>³</em></span> 
     </span>
     <span class='ocr_line' id='line_1_5' title="bbox 578 1185 2496 1289; baseline 0.004 -21"><span class='ocrx_word' id='word_1_55' title='bbox 578 1223 655 1268; x_wconf 92' lang='lat' dir='ltr'><strong>non</strong></span> <span class='ocrx_word' id='word_1_56' title='bbox 689 1208 900 1288; x_wconf 79' lang='lat' dir='ltr'><strong>aspernatur</strong></span> <span class='ocrx_word' id='word_1_57' title='bbox 933 1192 1085 1273; x_wconf 84' lang='lat' dir='ltr'><strong>Paulus,</strong></span> <span class='ocrx_word' id='word_1_58' title='bbox 1126 1194 1188 1263; x_wconf 89' lang='lat' dir='ltr'><strong>sed</strong></span> <span class='ocrx_word' id='word_1_59' title='bbox 1224 1206 1328 1280; x_wconf 81' lang='lat' dir='ltr'><strong>negat</strong></span> <span class='ocrx_word' id='word_1_60' title='bbox 1369 1216 1471 1282; x_wconf 86' lang='lat' dir='ltr'><strong>posse</strong></span> <span class='ocrx_word' id='word_1_61' title='bbox 1508 1217 1573 1283; x_wconf 89' lang='lat' dir='ltr'><strong>op·</strong></span> <span class='ocrx_word' id='word_1_62' title='bbox 1622 1185 1867 1263; x_wconf 85' lang='lat' dir='ltr'><strong>remissionem</strong></span> <span class='ocrx_word' id='word_1_63' title='bbox 1886 1203 2110 1280; x_wconf 89' lang='lat' dir='ltr'><strong>pcccatorum</strong></span> <span class='ocrx_word' id='word_1_64' title='bbox 2127 1191 2164 1261; x_wconf 91' lang='lat' dir='ltr'><strong>in</strong></span> <span class='ocrx_word' id='word_1_65' title='bbox 2182 1217 2264 1264; x_wconf 86' lang='lat' dir='ltr'><strong>vers</strong></span> <span class='ocrx_word' id='word_1_66' title='bbox 2283 1197 2496 1289; x_wconf 86' lang='lat' dir='ltr'><strong>poenitentia.</strong></span> 
     </span>
    </p>
   </div>
   <div class='ocr_carea' id='block_1_3' title="bbox 579 1292 2615 2742">
    <p class='ocr_par' dir='ltr' id='par_1_3' title="bbox 579 1292 2615 2742">
     <span class='ocr_line' id='line_1_6' title="bbox 579 1292 2564 1405; baseline 0.005 -35"><span class='ocrx_word' id='word_1_67' title='bbox 579 1300 667 1393; x_wconf 91' lang='lat' dir='ltr'><strong>poni</strong></span> <span class='ocrx_word' id='word_1_68' title='bbox 698 1299 772 1370; x_wconf 88' lang='lat' dir='ltr'><strong>irae</strong></span> <span class='ocrx_word' id='word_1_69' title='bbox 803 1311 837 1368; x_wconf 89' lang='lat' dir='ltr'><strong>et</strong></span> <span class='ocrx_word' id='word_1_70' title='bbox 871 1297 1002 1366; x_wconf 89' lang='lat' dir='ltr'><strong>iudicio</strong></span> <span class='ocrx_word' id='word_1_71' title='bbox 1031 1292 1126 1376; x_wconf 86' lang='lat' dir='ltr'><strong>Dei,</strong></span> <span class='ocrx_word' id='word_1_72' title='bbox 1169 1308 1204 1365; x_wconf 88' lang='lat' dir='ltr'><strong>et</strong></span> <span class='ocrx_word' id='word_1_73' title='bbox 1234 1295 1405 1400; x_wconf 84' lang='lat' dir='ltr'><strong>discernit</strong></span> <span class='ocrx_word' id='word_1_74' title='bbox 1433 1299 1480 1368; x_wconf 90' lang='lat' dir='ltr'><strong>ab</strong></span> <span class='ocrx_word' id='word_1_75' title='bbox 1513 1294 1573 1365; x_wconf 89' lang='lat' dir='ltr'><strong>illa</strong></span> <span class='ocrx_word' id='word_1_76' title='bbox 1724 1307 1772 1382; x_wconf 79' lang='grc' dir='ltr'><strong>Εῑ</strong></span> <span class='ocrx_word' id='word_1_77' title='bbox 1788 1293 1848 1378; x_wconf 76' lang='lat' dir='ltr'><strong>hie&#39;</strong></span> <span class='ocrx_word' id='word_1_78' title='bbox 1866 1307 2056 1400; x_wconf 69' lang='lat' dir='ltr'><strong>diligenter</strong></span> <span class='ocrx_word' id='word_1_79' title='bbox 2070 1310 2324 1405; x_wconf 66' lang='lat' dir='ltr'><strong>amplificemus</strong></span> <span class='ocrx_word' id='word_1_80' title='bbox 2335 1316 2471 1390; x_wconf 65' lang='lat' dir='ltr'><strong>virtutes</strong></span> <span class='ocrx_word' id='word_1_81' title='bbox 2484 1315 2564 1392; x_wconf 51' lang='lat' dir='ltr'><strong>Abte·</strong></span> 
     </span>
     <span class='ocr_line' id='line_1_7' title="bbox 580 1395 2565 1512; baseline 0.004 -41"><span class='ocrx_word' id='word_1_82' title='bbox 580 1403 740 1488; x_wconf 89' lang='lat' dir='ltr'><strong>iusticia,</strong></span> <span class='ocrx_word' id='word_1_83' title='bbox 766 1402 811 1470; x_wconf 92' lang='lat' dir='ltr'><strong>de</strong></span> <span class='ocrx_word' id='word_1_84' title='bbox 832 1422 902 1493; x_wconf 88' lang='lat' dir='ltr'><strong>qna</strong></span> <span class='ocrx_word' id='word_1_85' title='bbox 927 1398 1158 1469; x_wconf 86' lang='lat' dir='ltr'><strong>concionatur</strong></span> <span class='ocrx_word' id='word_1_86' title='bbox 1182 1395 1436 1486; x_wconf 79' lang='lat' dir='ltr'><strong>Evangelium,</strong></span> <span class='ocrx_word' id='word_1_87' title='bbox 1474 1400 1573 1468; x_wconf 87' lang='lat' dir='ltr'><strong>vide·</strong></span> <span class='ocrx_word' id='word_1_88' title='bbox 1623 1405 1702 1482; x_wconf 61' lang='lat' dir='ltr'><strong>hae,</strong></span> <span class='ocrx_word' id='word_1_89' title='bbox 1750 1405 1875 1506; x_wconf 68' lang='lat' dir='ltr'><strong>Neque</strong></span> <span class='ocrx_word' id='word_1_90' title='bbox 1891 1412 1987 1482; x_wconf 65' lang='lat' dir='ltr'><strong>enim</strong></span> <span class='ocrx_word' id='word_1_91' title='bbox 2005 1412 2156 1484; x_wconf 78' lang='lat' dir='ltr'><strong>dubium</strong></span> <span class='ocrx_word' id='word_1_92' title='bbox 2172 1429 2241 1501; x_wconf 68' lang='lat' dir='ltr'><strong>est,</strong></span> <span class='ocrx_word' id='word_1_93' title='bbox 2271 1422 2358 1512; x_wconf 75' lang='lat' dir='ltr'><strong>quin</strong></span> <span class='ocrx_word' id='word_1_94' title='bbox 2375 1421 2431 1490; x_wconf 71' lang='lat' dir='ltr'><strong>ille</strong></span> <span class='ocrx_word' id='word_1_95' title='bbox 2444 1416 2565 1494; x_wconf 55' lang='lat' dir='ltr'><strong>heroicus</strong></span> 
     </span>
     <span class='ocr_line' id='line_1_8' title="bbox 582 1501 2565 1608; baseline 0.016 -46"><span class='ocrx_word' id='word_1_96' title='bbox 582 1505 666 1575; x_wconf 67' lang='lat' dir='ltr'><strong>ticet</strong></span> <span class='ocrx_word' id='word_1_97' title='bbox 687 1529 708 1574; x_wconf 55' lang='grc' dir='ltr'><strong>ῃ</strong></span> <span class='ocrx_word' id='word_1_98' title='bbox 731 1501 941 1574; x_wconf 72' lang='lat' dir='ltr'><strong>remissione</strong></span> <span class='ocrx_word' id='word_1_99' title='bbox 972 1516 1214 1595; x_wconf 86' lang='lat' dir='ltr'><strong>peccatorum,</strong></span> <span class='ocrx_word' id='word_1_100' title='bbox 1251 1524 1342 1596; x_wconf 85' lang='lat' dir='ltr'><strong>quae</strong></span> <span class='ocrx_word' id='word_1_101' title='bbox 1365 1501 1470 1574; x_wconf 88' lang='lat' dir='ltr'><strong>datur</strong></span> <span class='ocrx_word' id='word_1_102' title='bbox 1491 1525 1575 1595; x_wconf 82' lang='lat' dir='ltr'><strong>pro·</strong></span> <span class='ocrx_word' id='word_1_103' title='bbox 1625 1515 1681 1583; x_wconf 86' lang='lat' dir='ltr'><strong>vir</strong></span> <span class='ocrx_word' id='word_1_104' title='bbox 1704 1508 1870 1584; x_wconf 86' lang='lat' dir='ltr'><strong>babuerit</strong></span> <span class='ocrx_word' id='word_1_105' title='bbox 1891 1515 2100 1587; x_wconf 86' lang='lat' dir='ltr'><strong>excellentes</strong></span> <span class='ocrx_word' id='word_1_106' title='bbox 2124 1518 2294 1608; x_wconf 85' lang='lat' dir='ltr'><strong>virtutes,</strong></span> <span class='ocrx_word' id='word_1_107' title='bbox 2336 1536 2371 1593; x_wconf 93' lang='lat' dir='ltr'><strong>et</strong></span> <span class='ocrx_word' id='word_1_108' title='bbox 2393 1525 2565 1596; x_wconf 81' lang='lat' dir='ltr'><strong>moribussc</strong></span> 
     </span>
     <span class='ocr_line' id='line_1_9' title="bbox 583 1600 2615 1709; baseline 0.01 -31"><span class='ocrx_word' id='word_1_109' title='bbox 583 1622 664 1700; x_wconf 92' lang='lat' dir='ltr'><strong>pter</strong></span> <span class='ocrx_word' id='word_1_110' title='bbox 678 1600 875 1679; x_wconf 87' lang='lat' dir='ltr'><strong>Christum.</strong></span> <span class='ocrx_word' id='word_1_111' title='bbox 1626 1614 1756 1685; x_wconf 87' lang='lat' dir='ltr'><strong>sanctis</strong></span> <span class='ocrx_word' id='word_1_112' title='bbox 1776 1615 1943 1708; x_wconf 87' lang='lat' dir='ltr'><strong>operibus</strong></span> <span class='ocrx_word' id='word_1_113' title='bbox 1959 1617 2065 1709; x_wconf 81' lang='lat' dir='ltr'><strong>longe</strong></span> <span class='ocrx_word' id='word_1_114' title='bbox 2088 1618 2214 1691; x_wconf 88' lang='lat' dir='ltr'><strong>vicerit</strong></span> <span class='ocrx_word' id='word_1_115' title='bbox 2234 1623 2375 1694; x_wconf 85' lang='lat' dir='ltr'><strong>multos.</strong></span> <span class='ocrx_word' id='word_1_116' title='bbox 2424 1621 2466 1696; x_wconf 83' lang='lat' dir='ltr'><strong>Et</strong></span> <span class='ocrx_word' id='word_1_117' title='bbox 2485 1640 2566 1698; x_wconf 82' lang='lat' dir='ltr'><strong>tanea</strong></span> <span class='ocrx_word' id='word_1_118' title='bbox 2614 1694 2615 1698; x_wconf 73' lang='grc'>,</span> 
     </span>
     <span class='ocr_line' id='line_1_10' title="bbox 687 1714 2615 1814; baseline 0.003 -22"><span class='ocrx_word' id='word_1_119' title='bbox 687 1719 783 1793; x_wconf 89' lang='lat' dir='ltr'><strong>Haec</strong></span> <span class='ocrx_word' id='word_1_120' title='bbox 797 1721 903 1790; x_wconf 92' lang='lat' dir='ltr'><strong>initio</strong></span> <span class='ocrx_word' id='word_1_121' title='bbox 919 1717 1091 1790; x_wconf 87' lang='lat' dir='ltr'><strong>monendi</strong></span> <span class='ocrx_word' id='word_1_122' title='bbox 1106 1731 1189 1788; x_wconf 91' lang='lat' dir='ltr'><strong>sunt</strong></span> <span class='ocrx_word' id='word_1_123' title='bbox 1204 1717 1373 1811; x_wconf 90' lang='lat' dir='ltr'><strong>imperiti,</strong></span> <span class='ocrx_word' id='word_1_124' title='bbox 1396 1731 1436 1801; x_wconf 90' lang='lat' dir='ltr'><strong>ut</strong></span> <span class='ocrx_word' id='word_1_125' title='bbox 1452 1717 1576 1804; x_wconf 87' lang='lat' dir='ltr'><strong>sciant,</strong></span> <span class='ocrx_word' id='word_1_126' title='bbox 1626 1716 1760 1788; x_wconf 88' lang='lat' dir='ltr'><strong>Paulus</strong></span> <span class='ocrx_word' id='word_1_127' title='bbox 1774 1719 1881 1788; x_wconf 89' lang='lat' dir='ltr'><strong>audet</strong></span> <span class='ocrx_word' id='word_1_128' title='bbox 1897 1714 2083 1791; x_wconf 80' lang='lat' dir='ltr'><strong>detrahere</strong></span> <span class='ocrx_word' id='word_1_129' title='bbox 2099 1721 2149 1792; x_wconf 85' lang='lat' dir='ltr'><strong>eis</strong></span> <span class='ocrx_word' id='word_1_130' title='bbox 2166 1718 2258 1793; x_wconf 89' lang='lat' dir='ltr'><strong>hanc</strong></span> <span class='ocrx_word' id='word_1_131' title='bbox 2280 1726 2424 1814; x_wconf 77' lang='lat' dir='ltr'><strong>gloriam</strong></span> <span class='ocrx_word' id='word_1_132' title='bbox 2446 1728 2567 1799; x_wconf 80' lang='lat' dir='ltr'><strong>iustiise</strong></span> <span class='ocrx_word' id='word_1_133' title='bbox 2614 1723 2615 1812; x_wconf 62' lang='lat' dir='ltr'>J</span> 
     </span>
     <span class='ocr_line' id='line_1_11' title="bbox 585 1817 2615 1921; baseline 0.001 -26"><span class='ocrx_word' id='word_1_134' title='bbox 585 1850 657 1921; x_wconf 87' lang='lat' dir='ltr'><strong>quo</strong></span> <span class='ocrx_word' id='word_1_135' title='bbox 674 1828 849 1918; x_wconf 88' lang='lat' dir='ltr'><strong>pertineat</strong></span> <span class='ocrx_word' id='word_1_136' title='bbox 863 1819 967 1894; x_wconf 87' lang='lat' dir='ltr'><strong>Pauli</strong></span> <span class='ocrx_word' id='word_1_137' title='bbox 984 1821 1146 1891; x_wconf 91' lang='lat' dir='ltr'><strong>doctrina</strong></span> <span class='ocrx_word' id='word_1_138' title='bbox 1174 1833 1208 1889; x_wconf 90' lang='lat' dir='ltr'><strong>et</strong></span> <span class='ocrx_word' id='word_1_139' title='bbox 1229 1846 1300 1916; x_wconf 91' lang='lat' dir='ltr'><strong>quo</strong></span> <span class='ocrx_word' id='word_1_140' title='bbox 1322 1823 1507 1891; x_wconf 84' lang='lat' dir='ltr'><strong>referenda</strong></span> <span class='ocrx_word' id='word_1_141' title='bbox 1532 1819 1578 1890; x_wconf 94' lang='lat' dir='ltr'><strong>sit</strong></span> <span class='ocrx_word' id='word_1_142' title='bbox 1626 1820 1745 1892; x_wconf 84' lang='lat' dir='ltr'><strong>tionis.</strong></span> <span class='ocrx_word' id='word_1_143' title='bbox 1804 1817 1922 1893; x_wconf 84' lang='lat' dir='ltr'><strong>Habet</strong></span> <span class='ocrx_word' id='word_1_144' title='bbox 1944 1821 2105 1908; x_wconf 88' lang='lat' dir='ltr'><strong>laudem,</strong></span> <span class='ocrx_word' id='word_1_145' title='bbox 2138 1823 2276 1918; x_wconf 90' lang='lat' dir='ltr'><strong>inquit,</strong></span> <span class='ocrx_word' id='word_1_146' title='bbox 2316 1831 2375 1899; x_wconf 89' lang='lat' dir='ltr'><strong>sed</strong></span> <span class='ocrx_word' id='word_1_147' title='bbox 2398 1853 2465 1898; x_wconf 94' lang='lat' dir='ltr'><strong>non</strong></span> <span class='ocrx_word' id='word_1_148' title='bbox 2486 1853 2566 1900; x_wconf 82' lang='lat' dir='ltr'><strong>cosan</strong></span> <span class='ocrx_word' id='word_1_149' title='bbox 2608 1895 2615 1912; x_wconf 13' lang='lat' dir='ltr'><strong>,p</strong></span> 
     </span>
     <span class='ocr_line' id='line_1_12' title="bbox 584 1921 2615 2024; baseline 0.001 -24"><span class='ocrx_word' id='word_1_150' title='bbox 584 1925 671 2000; x_wconf 88' lang='lat' dir='ltr'><strong>haec</strong></span> <span class='ocrx_word' id='word_1_151' title='bbox 701 1951 814 2012; x_wconf 86' lang='lat' dir='ltr'><strong>nova,</strong></span> <span class='ocrx_word' id='word_1_152' title='bbox 861 1937 896 1996; x_wconf 89' lang='lat' dir='ltr'><strong>et</strong></span> <span class='ocrx_word' id='word_1_153' title='bbox 929 1924 1020 1996; x_wconf 89' lang='lat' dir='ltr'><strong>mira</strong></span> <span class='ocrx_word' id='word_1_154' title='bbox 1052 1923 1252 1994; x_wconf 81' lang='lat' dir='ltr'><strong>extenuatio</strong></span> <span class='ocrx_word' id='word_1_155' title='bbox 1287 1922 1447 1994; x_wconf 92' lang='lat' dir='ltr'><strong>iusticiae</strong></span> <span class='ocrx_word' id='word_1_156' title='bbox 1474 1921 1578 2012; x_wconf 81' lang='lat' dir='ltr'><strong>legis.</strong></span> <span class='ocrx_word' id='word_1_157' title='bbox 1626 1921 1723 2008; x_wconf 89' lang='lat' dir='ltr'><strong>Deo,</strong></span> <span class='ocrx_word' id='word_1_158' title='bbox 1755 1921 1792 1992; x_wconf 92' lang='lat' dir='ltr'><strong>id</strong></span> <span class='ocrx_word' id='word_1_159' title='bbox 1817 1923 1900 2008; x_wconf 79' lang='lat' dir='ltr'><strong>est,&#39;</strong></span> <span class='ocrx_word' id='word_1_160' title='bbox 1926 1924 2076 1995; x_wconf 86' lang='lat' dir='ltr'><strong>virtutes</strong></span> <span class='ocrx_word' id='word_1_161' title='bbox 2100 1926 2190 2013; x_wconf 72' lang='lat' dir='ltr'><strong>illae}</strong></span> <span class='ocrx_word' id='word_1_162' title='bbox 2215 1952 2289 1997; x_wconf 92' lang='lat' dir='ltr'><strong>non</strong></span> <span class='ocrx_word' id='word_1_163' title='bbox 2317 1931 2567 2024; x_wconf 83' lang='lat' dir='ltr'><strong>possuntoppooi</strong></span> <span class='ocrx_word' id='word_1_164' title='bbox 2608 1931 2615 1934; x_wconf 58' lang='grc'><strong>”</strong></span> 
     </span>
     <span class='ocr_line' id='line_1_13' title="bbox 584 2024 2567 2124; baseline 0.001 -22"><span class='ocrx_word' id='word_1_165' title='bbox 584 2029 677 2102; x_wconf 91' lang='lat' dir='ltr'><strong>Nam</strong></span> <span class='ocrx_word' id='word_1_166' title='bbox 707 2024 886 2122; x_wconf 88' lang='lat' dir='ltr'><strong>prophani</strong></span> <span class='ocrx_word' id='word_1_167' title='bbox 918 2027 1134 2098; x_wconf 82' lang='lat' dir='ltr'><strong>transferunt</strong></span> <span class='ocrx_word' id='word_1_168' title='bbox 1158 2027 1202 2095; x_wconf 89' lang='lat' dir='ltr'><strong>ad</strong></span> <span class='ocrx_word' id='word_1_169' title='bbox 1224 2027 1433 2101; x_wconf 83' lang='lat' dir='ltr'><strong>exteriorem</strong></span> <span class='ocrx_word' id='word_1_170' title='bbox 1457 2026 1579 2111; x_wconf 84' lang='lat' dir='ltr'><strong>vitam,</strong></span> <span class='ocrx_word' id='word_1_171' title='bbox 1627 2025 1701 2094; x_wconf 87' lang='lat' dir='ltr'><strong>irae</strong></span> <span class='ocrx_word' id='word_1_172' title='bbox 1725 2037 1759 2094; x_wconf 89' lang='lat' dir='ltr'><strong>et</strong></span> <span class='ocrx_word' id='word_1_173' title='bbox 1781 2024 1916 2097; x_wconf 88' lang='lat' dir='ltr'><strong>iudicio</strong></span> <span class='ocrx_word' id='word_1_174' title='bbox 1936 2024 2024 2111; x_wconf 89' lang='lat' dir='ltr'><strong>Dei,</strong></span> <span class='ocrx_word' id='word_1_175' title='bbox 2058 2050 2132 2098; x_wconf 89' lang='lat' dir='ltr'><strong>uon</strong></span> <span class='ocrx_word' id='word_1_176' title='bbox 2156 2030 2312 2104; x_wconf 86' lang='lat' dir='ltr'><strong>liberant</strong></span> <span class='ocrx_word' id='word_1_177' title='bbox 2334 2059 2353 2102; x_wconf 88' lang='lat' dir='ltr'><strong>a</strong></span> <span class='ocrx_word' id='word_1_178' title='bbox 2376 2048 2501 2124; x_wconf 90' lang='lat' dir='ltr'><strong>peccato</strong></span> <span class='ocrx_word' id='word_1_179' title='bbox 2520 2049 2567 2102; x_wconf 83' lang='lat' dir='ltr'><strong>ets</strong></span> 
     </span>
     <span class='ocr_line' id='line_1_14' title="bbox 586 2117 2615 2225; baseline 0.002 -24"><span class='ocrx_word' id='word_1_180' title='bbox 586 2147 710 2225; x_wconf 85' lang='lat' dir='ltr'><strong>postea</strong></span> <span class='ocrx_word' id='word_1_181' title='bbox 735 2133 945 2223; x_wconf 86' lang='lat' dir='ltr'><strong>interpretes</strong></span> <span class='ocrx_word' id='word_1_182' title='bbox 972 2117 1105 2221; x_wconf 88' lang='lat' dir='ltr'><strong>aliqui,</strong></span> <span class='ocrx_word' id='word_1_183' title='bbox 1132 2151 1213 2197; x_wconf 89' lang='lat' dir='ltr'><strong>cum</strong></span> <span class='ocrx_word' id='word_1_184' title='bbox 1231 2129 1410 2199; x_wconf 89' lang='lat' dir='ltr'><strong>somniant</strong></span> <span class='ocrx_word' id='word_1_185' title='bbox 1427 2126 1578 2198; x_wconf 89' lang='lat' dir='ltr'><strong>Paulum</strong></span> <span class='ocrx_word' id='word_1_186' title='bbox 1627 2139 1752 2197; x_wconf 85' lang='lat' dir='ltr'><strong>morte.</strong></span> <span class='ocrx_word' id='word_1_187' title='bbox 1819 2127 1901 2198; x_wconf 87' lang='lat' dir='ltr'><strong>Hoc</strong></span> <span class='ocrx_word' id='word_1_188' title='bbox 1923 2130 2123 2220; x_wconf 83' lang='lat' dir='ltr'><strong>exemplum</strong></span> <span class='ocrx_word' id='word_1_189' title='bbox 2152 2155 2315 2224; x_wconf 79' lang='lat' dir='ltr'><strong>magnam</strong></span> <span class='ocrx_word' id='word_1_190' title='bbox 2342 2137 2568 2207; x_wconf 83' lang='lat' dir='ltr'><strong>consolationem</strong></span> <span class='ocrx_word' id='word_1_191' title='bbox 2614 2119 2615 2156; x_wconf 48' lang='lat' dir='ltr'><strong>l</strong></span> 
     </span>
     <span class='ocr_line' id='line_1_15' title="bbox 586 2219 2615 2336; baseline 0.002 -33"><span class='ocrx_word' id='word_1_192' title='bbox 586 2238 631 2304; x_wconf 88' lang='lat' dir='ltr'><strong>de</strong></span> <span class='ocrx_word' id='word_1_193' title='bbox 661 2232 827 2305; x_wconf 81' lang='lat' dir='ltr'><strong>exteriori</strong></span> <span class='ocrx_word' id='word_1_194' title='bbox 859 2232 930 2302; x_wconf 88' lang='lat' dir='ltr'><strong>vita</strong></span> <span class='ocrx_word' id='word_1_195' title='bbox 951 2244 985 2301; x_wconf 92' lang='lat' dir='ltr'><strong>et</strong></span> <span class='ocrx_word' id='word_1_196' title='bbox 1014 2231 1154 2302; x_wconf 87' lang='lat' dir='ltr'><strong>iusticia</strong></span> <span class='ocrx_word' id='word_1_197' title='bbox 1183 2230 1302 2326; x_wconf 88' lang='lat' dir='ltr'><strong>loqui,</strong></span> <span class='ocrx_word' id='word_1_198' title='bbox 1345 2241 1580 2322; x_wconf 87' lang='lat' dir='ltr'><strong>corrumpunt</strong></span> <span class='ocrx_word' id='word_1_199' title='bbox 1628 2228 1697 2322; x_wconf 92' lang='lat' dir='ltr'><strong>piis</strong></span> <span class='ocrx_word' id='word_1_200' title='bbox 1719 2229 1843 2300; x_wconf 80' lang='lat' dir='ltr'><strong>adfert.</strong></span> <span class='ocrx_word' id='word_1_201' title='bbox 1894 2229 1948 2302; x_wconf 85' lang='lat' dir='ltr'><strong>Ne</strong></span> <span class='ocrx_word' id='word_1_202' title='bbox 1972 2233 2115 2325; x_wconf 89' lang='lat' dir='ltr'><strong>quidem</strong></span> <span class='ocrx_word' id='word_1_203' title='bbox 2130 2231 2314 2309; x_wconf 77' lang='lat' dir='ltr'><strong>Abraham</strong></span> <span class='ocrx_word' id='word_1_204' title='bbox 2332 2253 2471 2336; x_wconf 91' lang='lat' dir='ltr'><strong>propter</strong></span> <span class='ocrx_word' id='word_1_205' title='bbox 2489 2239 2568 2326; x_wconf 80' lang='lat' dir='ltr'><strong>digni·</strong></span> <span class='ocrx_word' id='word_1_206' title='bbox 2614 2219 2615 2240; x_wconf 14' lang='grc' dir='ltr'><strong>Χ</strong></span> 
     </span>
     <span class='ocr_line' id='line_1_16' title="bbox 584 2329 2569 2430; baseline 0.001 -23"><span class='ocrx_word' id='word_1_207' title='bbox 584 2335 692 2407; x_wconf 87' lang='lat' dir='ltr'><strong>Pauli</strong></span> <span class='ocrx_word' id='word_1_208' title='bbox 713 2336 924 2414; x_wconf 85' lang='lat' dir='ltr'><strong>sententias,</strong></span> <span class='ocrx_word' id='word_1_209' title='bbox 957 2345 994 2404; x_wconf 82' lang='lat' dir='ltr'><strong>‘ct</strong></span> <span class='ocrx_word' id='word_1_210' title='bbox 1024 2344 1152 2422; x_wconf 87' lang='lat' dir='ltr'><strong>putant</strong></span> <span class='ocrx_word' id='word_1_211' title='bbox 1175 2345 1313 2402; x_wconf 89' lang='lat' dir='ltr'><strong>tantum</strong></span> <span class='ocrx_word' id='word_1_212' title='bbox 1339 2329 1407 2402; x_wconf 88' lang='lat' dir='ltr'><strong>boc</strong></span> <span class='ocrx_word' id='word_1_213' title='bbox 1432 2333 1508 2424; x_wconf 83' lang='lat' dir='ltr'><strong>agi,</strong></span> <span class='ocrx_word' id='word_1_214' title='bbox 1541 2346 1581 2403; x_wconf 95' lang='lat' dir='ltr'><strong>ut</strong></span> <span class='ocrx_word' id='word_1_215' title='bbox 1628 2345 1735 2404; x_wconf 90' lang='lat' dir='ltr'><strong>tatem</strong></span> <span class='ocrx_word' id='word_1_216' title='bbox 1753 2331 1976 2424; x_wconf 89' lang='lat' dir='ltr'><strong>propriarum</strong></span> <span class='ocrx_word' id='word_1_217' title='bbox 1996 2335 2168 2406; x_wconf 86' lang='lat' dir='ltr'><strong>virtutum</strong></span> <span class='ocrx_word' id='word_1_218' title='bbox 2183 2336 2391 2410; x_wconf 87' lang='lat' dir='ltr'><strong>iustificatos</strong></span> <span class='ocrx_word' id='word_1_219' title='bbox 2407 2356 2465 2414; x_wconf 91' lang='lat' dir='ltr'><strong>est.</strong></span> <span class='ocrx_word' id='word_1_220' title='bbox 2508 2337 2569 2430; x_wconf 78' lang='lat' dir='ltr'><strong>Ergo</strong></span> 
     </span>
     <span class='ocr_line' id='line_1_17' title="bbox 586 2433 2568 2540; baseline 0.002 -30"><span class='ocrx_word' id='word_1_221' title='bbox 586 2441 803 2532; x_wconf 74' lang='lat' dir='ltr'><strong>abrogentur</strong></span> <span class='ocrx_word' id='word_1_222' title='bbox 838 2437 1058 2508; x_wconf 82' lang='lat' dir='ltr'><strong>ceremoniae</strong></span> <span class='ocrx_word' id='word_1_223' title='bbox 1086 2433 1266 2508; x_wconf 75' lang='lat' dir='ltr'><strong>Moesicae</strong></span> <span class='ocrx_word' id='word_1_224' title='bbox 1301 2436 1339 2505; x_wconf 93' lang='lat' dir='ltr'><strong>in</strong></span> <span class='ocrx_word' id='word_1_225' title='bbox 1379 2435 1451 2507; x_wconf 90' lang='lat' dir='ltr'><strong>vita</strong></span> <span class='ocrx_word' id='word_1_226' title='bbox 1485 2447 1580 2506; x_wconf 88' lang='lat' dir='ltr'><strong>exte·</strong></span> <span class='ocrx_word' id='word_1_227' title='bbox 1629 2458 1710 2504; x_wconf 87' lang='lat' dir='ltr'><strong>vere</strong></span> <span class='ocrx_word' id='word_1_228' title='bbox 1726 2447 1920 2506; x_wconf 87' lang='lat' dir='ltr'><strong>statuamus</strong></span> <span class='ocrx_word' id='word_1_229' title='bbox 1946 2437 2050 2507; x_wconf 88' lang='lat' dir='ltr'><strong>nobis</strong></span> <span class='ocrx_word' id='word_1_230' title='bbox 2075 2438 2182 2528; x_wconf 81' lang='lat' dir='ltr'><strong>gratis</strong></span> <span class='ocrx_word' id='word_1_231' title='bbox 2211 2439 2358 2529; x_wconf 82' lang='lat' dir='ltr'><strong>ignosci.</strong></span> <span class='ocrx_word' id='word_1_232' title='bbox 2411 2442 2568 2540; x_wconf 77' lang='lat' dir='ltr'><strong>ltaqncpo</strong></span> 
     </span>
     <span class='ocr_line' id='line_1_18' title="bbox 586 2532 2569 2630; baseline 0 -18"><span class='ocrx_word' id='word_1_233' title='bbox 586 2543 702 2630; x_wconf 90' lang='lat' dir='ltr'><strong>riore,</strong></span> <span class='ocrx_word' id='word_1_234' title='bbox 727 2541 809 2612; x_wconf 80' lang='lat' dir='ltr'><strong>Non</strong></span> <span class='ocrx_word' id='word_1_235' title='bbox 829 2541 988 2622; x_wconf 81' lang='lat' dir='ltr'><strong>referunt</strong></span> <span class='ocrx_word' id='word_1_236' title='bbox 1005 2532 1097 2609; x_wconf 88' lang='lat' dir='ltr'><strong>hanc</strong></span> <span class='ocrx_word' id='word_1_237' title='bbox 1112 2540 1311 2608; x_wconf 82' lang='lat' dir='ltr'><strong>doctrinam</strong></span> <span class='ocrx_word' id='word_1_238' title='bbox 1333 2540 1378 2608; x_wconf 90' lang='lat' dir='ltr'><strong>ad</strong></span> <span class='ocrx_word' id='word_1_239' title='bbox 1401 2537 1581 2609; x_wconf 89' lang='lat' dir='ltr'><strong>remissio·</strong></span> <span class='ocrx_word' id='word_1_240' title='bbox 1629 2538 1696 2606; x_wconf 86' lang='lat' dir='ltr'><strong>sita</strong></span> <span class='ocrx_word' id='word_1_241' title='bbox 1719 2537 1877 2626; x_wconf 81' lang='lat' dir='ltr'><strong>negativa</strong></span> <span class='ocrx_word' id='word_1_242' title='bbox 1902 2541 2095 2624; x_wconf 90' lang='lat' dir='ltr'><strong>sententia,</strong></span> <span class='ocrx_word' id='word_1_243' title='bbox 2121 2540 2222 2614; x_wconf 85' lang='lat' dir='ltr'><strong>addit</strong></span> <span class='ocrx_word' id='word_1_244' title='bbox 2244 2569 2286 2614; x_wconf 88' lang='lat' dir='ltr'><strong>ex</strong></span> <span class='ocrx_word' id='word_1_245' title='bbox 2313 2541 2569 2618; x_wconf 85' lang='lat' dir='ltr'><strong>Gene.15.anti·</strong></span> 
     </span>
     <span class='ocr_line' id='line_1_19' title="bbox 588 2635 2568 2742; baseline 0.001 -29"><span class='ocrx_word' id='word_1_246' title='bbox 588 2668 672 2715; x_wconf 89' lang='lat' dir='ltr'><strong>nem</strong></span> <span class='ocrx_word' id='word_1_247' title='bbox 689 2658 913 2734; x_wconf 87' lang='lat' dir='ltr'><strong>peccatorum</strong></span> <span class='ocrx_word' id='word_1_248' title='bbox 933 2655 968 2710; x_wconf 92' lang='lat' dir='ltr'><strong>et</strong></span> <span class='ocrx_word' id='word_1_249' title='bbox 983 2662 1131 2741; x_wconf 75' lang='lat' dir='ltr'><strong>agonem</strong></span> <span class='ocrx_word' id='word_1_250' title='bbox 1149 2640 1394 2742; x_wconf 83' lang='lat' dir='ltr'><strong>conscientiae.</strong></span> <span class='ocrx_word' id='word_1_251' title='bbox 1630 2635 1765 2723; x_wconf 89' lang='lat' dir='ltr'><strong>thesin,</strong></span> <span class='ocrx_word' id='word_1_252' title='bbox 1790 2663 1880 2733; x_wconf 83' lang='lat' dir='ltr'><strong>quae</strong></span> <span class='ocrx_word' id='word_1_253' title='bbox 1898 2655 1947 2710; x_wconf 88' lang='lat' dir='ltr'><strong>est</strong></span> <span class='ocrx_word' id='word_1_254' title='bbox 1963 2643 2174 2714; x_wconf 85' lang='lat' dir='ltr'><strong>antecedens</strong></span> <span class='ocrx_word' id='word_1_255' title='bbox 2190 2647 2403 2736; x_wconf 83' lang='lat' dir='ltr'><strong>argumenti.</strong></span> <span class='ocrx_word' id='word_1_256' title='bbox 2452 2641 2568 2718; x_wconf 75' lang='lat' dir='ltr'><strong>Abrahae</strong></span> 
     </span>
    </p>
   </div>
   <div class='ocr_carea' id='block_1_4' title="bbox 521 2740 2615 4851">
    <p class='ocr_par' dir='ltr' id='par_1_4' title="bbox 589 2740 2615 3732">
     <span class='ocr_line' id='line_1_20' title="bbox 644 2740 2567 2854; baseline -0.009 -20"><span class='ocrx_word' id='word_1_257' title='bbox 644 2747 786 2834; x_wconf 70' lang='lat' dir='ltr'><strong>“Sunt</strong></span> <span class='ocrx_word' id='word_1_258' title='bbox 808 2775 925 2831; x_wconf 85' lang='lat' dir='ltr'><strong>sutem</strong></span> <span class='ocrx_word' id='word_1_259' title='bbox 951 2750 1110 2854; x_wconf 79' lang='lat' dir='ltr'><strong>quinque</strong></span> <span class='ocrx_word' id='word_1_260' title='bbox 1132 2740 1352 2845; x_wconf 73' lang='lat' dir='ltr'><strong>argumenta.</strong></span> <span class='ocrx_word' id='word_1_261' title='bbox 1420 2757 1581 2847; x_wconf 84' lang='lat' dir='ltr'><strong>Primum</strong></span> <span class='ocrx_word' id='word_1_262' title='bbox 1630 2740 1843 2832; x_wconf 89' lang='lat' dir='ltr'><strong>imputatum</strong></span> <span class='ocrx_word' id='word_1_263' title='bbox 1859 2755 1914 2814; x_wconf 88' lang='lat' dir='ltr'><strong>est</strong></span> <span class='ocrx_word' id='word_1_264' title='bbox 1927 2745 1970 2816; x_wconf 84' lang='lat' dir='ltr'><strong>ad</strong></span> <span class='ocrx_word' id='word_1_265' title='bbox 1987 2743 2184 2828; x_wconf 89' lang='lat' dir='ltr'><strong>iusticiam,</strong></span> <span class='ocrx_word' id='word_1_266' title='bbox 2211 2751 2307 2842; x_wconf 89' lang='lat' dir='ltr'><strong>quod</strong></span> <span class='ocrx_word' id='word_1_267' title='bbox 2327 2747 2567 2836; x_wconf 63' lang='lat' dir='ltr'><strong>erectricem</strong></span> 
     </span>
     <span class='ocr_line' id='line_1_21' title="bbox 591 2843 2572 2958; baseline -0.002 -37"><span class='ocrx_word' id='word_1_268' title='bbox 591 2867 639 2938; x_wconf 55' lang='lat' dir='ltr'><strong>ab</strong></span> <span class='ocrx_word' id='word_1_269' title='bbox 658 2865 829 2958; x_wconf 63' lang='lat' dir='ltr'><strong>exempto,</strong></span> <span class='ocrx_word' id='word_1_270' title='bbox 877 2848 1059 2934; x_wconf 58' lang='lat' dir='ltr'><strong>Abraham</strong></span> <span class='ocrx_word' id='word_1_271' title='bbox 1079 2854 1489 2934; x_wconf 61' lang='lat' dir='ltr'><strong>iustificaiusesrfflmm</strong></span> <span class='ocrx_word' id='word_1_272' title='bbox 1506 2859 1581 2928; x_wconf 63' lang='lat' dir='ltr'><strong>Deo</strong></span> <span class='ocrx_word' id='word_1_273' title='bbox 1633 2859 1665 2914; x_wconf 86' lang='lat' dir='ltr'><strong>et</strong></span> <span class='ocrx_word' id='word_1_274' title='bbox 1683 2866 1749 2913; x_wconf 92' lang='lat' dir='ltr'><strong>nos</strong></span> <span class='ocrx_word' id='word_1_275' title='bbox 1765 2843 1995 2917; x_wconf 83' lang='lat' dir='ltr'><strong>iustificamur</strong></span> <span class='ocrx_word' id='word_1_276' title='bbox 2016 2847 2104 2932; x_wconf 87' lang='lat' dir='ltr'><strong>lide,</strong></span> <span class='ocrx_word' id='word_1_277' title='bbox 2129 2871 2205 2919; x_wconf 87' lang='lat' dir='ltr'><strong>non</strong></span> <span class='ocrx_word' id='word_1_278' title='bbox 2222 2866 2369 2945; x_wconf 84' lang='lat' dir='ltr'><strong>propter</strong></span> <span class='ocrx_word' id='word_1_279' title='bbox 2382 2866 2490 2924; x_wconf 87' lang='lat' dir='ltr'><strong>nostra</strong></span> <span class='ocrx_word' id='word_1_280' title='bbox 2502 2873 2572 2942; x_wconf 86' lang='lat' dir='ltr'><strong>open</strong></span> 
     </span>
     <span class='ocr_line' id='line_1_22' title="bbox 590 2947 1839 3058; baseline -0.005 -19"><span class='ocrx_word' id='word_1_281' title='bbox 590 2968 720 3040; x_wconf 87' lang='lat' dir='ltr'><strong>fiducia</strong></span> <span class='ocrx_word' id='word_1_282' title='bbox 741 2948 1023 3050; x_wconf 72' lang='lat' dir='ltr'><strong>misericordiae,</strong></span> <span class='ocrx_word' id='word_1_283' title='bbox 1051 2988 1126 3034; x_wconf 94' lang='lat' dir='ltr'><strong>non</strong></span> <span class='ocrx_word' id='word_1_284' title='bbox 1152 2977 1297 3058; x_wconf 92' lang='lat' dir='ltr'><strong>propter</strong></span> <span class='ocrx_word' id='word_1_285' title='bbox 1316 2986 1396 3035; x_wconf 89' lang='lat' dir='ltr'><strong>suas</strong></span> <span class='ocrx_word' id='word_1_286' title='bbox 1423 2965 1584 3048; x_wconf 87' lang='lat' dir='ltr'><strong>virtutes,</strong></span> <span class='ocrx_word' id='word_1_287' title='bbox 1632 2958 1694 3017; x_wconf 59' lang='lat'><strong>³¹1²</strong></span> <span class='ocrx_word' id='word_1_288' title='bbox 1714 2947 1839 3036; x_wconf 63' lang='lat' dir='ltr'><strong>legem·</strong></span> 
     </span>
     <span class='ocr_line' id='line_1_23' title="bbox 589 3060 2615 3168; baseline -0.002 -26"><span class='ocrx_word' id='word_1_289' title='bbox 589 3069 686 3161; x_wconf 81' lang='lat' dir='ltr'><strong>Ergo</strong></span> <span class='ocrx_word' id='word_1_290' title='bbox 713 3082 747 3140; x_wconf 91' lang='lat' dir='ltr'><strong>et</strong></span> <span class='ocrx_word' id='word_1_291' title='bbox 769 3092 836 3139; x_wconf 91' lang='lat' dir='ltr'><strong>nos</strong></span> <span class='ocrx_word' id='word_1_292' title='bbox 861 3067 1093 3138; x_wconf 85' lang='lat' dir='ltr'><strong>iustificamur</strong></span> <span class='ocrx_word' id='word_1_293' title='bbox 1115 3067 1192 3136; x_wconf 88' lang='lat' dir='ltr'><strong>fide.</strong></span> <span class='ocrx_word' id='word_1_294' title='bbox 1233 3065 1508 3162; x_wconf 77' lang='lat' dir='ltr'><strong>¹consequentia</strong></span> <span class='ocrx_word' id='word_1_295' title='bbox 1532 3077 1584 3135; x_wconf 89' lang='lat' dir='ltr'><strong>est</strong></span> <span class='ocrx_word' id='word_1_296' title='bbox 1734 3063 1804 3136; x_wconf 89' lang='lat' dir='ltr'><strong>Sed</strong></span> <span class='ocrx_word' id='word_1_297' title='bbox 1822 3060 1891 3138; x_wconf 88' lang='lat' dir='ltr'><strong>hoc</strong></span> <span class='ocrx_word' id='word_1_298' title='bbox 1910 3083 2159 3158; x_wconf 77' lang='lat' dir='ltr'><strong>argumentum</strong></span> <span class='ocrx_word' id='word_1_299' title='bbox 2175 3071 2390 3146; x_wconf 89' lang='lat' dir='ltr'><strong>cavillantur</strong></span> <span class='ocrx_word' id='word_1_300' title='bbox 2404 3073 2503 3168; x_wconf 90' lang='lat' dir='ltr'><strong>aliqui</strong></span> <span class='ocrx_word' id='word_1_301' title='bbox 2514 3069 2574 3142; x_wconf 69' lang='lat' dir='ltr'><strong>merl·</strong></span> <span class='ocrx_word' id='word_1_302' title='bbox 2613 3063 2615 3074; x_wconf 77' lang='grc'>’</span> 
     </span>
     <span class='ocr_line' id='line_1_24' title="bbox 591 3165 2615 3271; baseline 0.002 -29"><span class='ocrx_word' id='word_1_303' title='bbox 591 3173 797 3258; x_wconf 82' lang='lat' dir='ltr'><strong>manifesta,</strong></span> <span class='ocrx_word' id='word_1_304' title='bbox 837 3171 1068 3267; x_wconf 89' lang='lat' dir='ltr'><strong>quia&#39;eadem</strong></span> <span class='ocrx_word' id='word_1_305' title='bbox 1096 3169 1267 3240; x_wconf 86' lang='lat' dir='ltr'><strong>est&#39;ratio</strong></span> <span class='ocrx_word' id='word_1_306' title='bbox 1291 3171 1477 3240; x_wconf 87' lang='lat' dir='ltr'><strong>virtutum.</strong></span> <span class='ocrx_word' id='word_1_307' title='bbox 1544 3165 1584 3237; x_wconf 90' lang='lat' dir='ltr'><strong>Si</strong></span> <span class='ocrx_word' id='word_1_308' title='bbox 1632 3167 1680 3240; x_wconf 89' lang='lat' dir='ltr'><strong>tis</strong></span> <span class='ocrx_word' id='word_1_309' title='bbox 1702 3168 1827 3238; x_wconf 81' lang='lat' dir='ltr'><strong>modis.</strong></span> <span class='ocrx_word' id='word_1_310' title='bbox 1893 3169 1969 3239; x_wconf 86' lang='lat' dir='ltr'><strong>Alii</strong></span> <span class='ocrx_word' id='word_1_311' title='bbox 1991 3172 2116 3244; x_wconf 92' lang='lat' dir='ltr'><strong>dicunt</strong></span> <span class='ocrx_word' id='word_1_312' title='bbox 2151 3197 2225 3246; x_wconf 85' lang='lat' dir='ltr'><strong>esse</strong></span> <span class='ocrx_word' id='word_1_313' title='bbox 2254 3173 2499 3271; x_wconf 83' lang='lat' dir='ltr'><strong>synecdochen.</strong></span> <span class='ocrx_word' id='word_1_314' title='bbox 2547 3169 2575 3242; x_wconf 81' lang='lat' dir='ltr'><strong>lt</strong></span> <span class='ocrx_word' id='word_1_315' title='bbox 2614 3257 2615 3268; x_wconf 19' lang='lat' dir='ltr'><strong>p</strong></span> 
     </span>
     <span class='ocr_line' id='line_1_25' title="bbox 592 3267 2615 3368; baseline 0.001 -25"><span class='ocrx_word' id='word_1_316' title='bbox 592 3269 794 3366; x_wconf 73' lang='lat' dir='ltr'><strong>Abraham,</strong></span> <span class='ocrx_word' id='word_1_317' title='bbox 822 3298 901 3344; x_wconf 90' lang='lat' dir='ltr'><strong>cum</strong></span> <span class='ocrx_word' id='word_1_318' title='bbox 917 3284 969 3342; x_wconf 91' lang='lat' dir='ltr'><strong>tot</strong></span> <span class='ocrx_word' id='word_1_319' title='bbox 985 3271 1192 3342; x_wconf 88' lang='lat' dir='ltr'><strong>excellentes</strong></span> <span class='ocrx_word' id='word_1_320' title='bbox 1207 3288 1238 3342; x_wconf 92' lang='lat' dir='ltr'><strong>et</strong></span> <span class='ocrx_word' id='word_1_321' title='bbox 1254 3267 1413 3343; x_wconf 88' lang='lat' dir='ltr'><strong>heroicas</strong></span> <span class='ocrx_word' id='word_1_322' title='bbox 1436 3271 1585 3340; x_wconf 89' lang='lat' dir='ltr'><strong>virtutes</strong></span> <span class='ocrx_word' id='word_1_323' title='bbox 1634 3271 1790 3356; x_wconf 89' lang='lat' dir='ltr'><strong>credere,</strong></span> <span class='ocrx_word' id='word_1_324' title='bbox 1822 3272 1946 3344; x_wconf 90' lang='lat' dir='ltr'><strong>dicunt</strong></span> <span class='ocrx_word' id='word_1_325' title='bbox 1968 3295 2040 3344; x_wconf 87' lang='lat' dir='ltr'><strong>esse</strong></span> <span class='ocrx_word' id='word_1_326' title='bbox 2063 3301 2173 3365; x_wconf 87' lang='lat' dir='ltr'><strong>opus,</strong></span> <span class='ocrx_word' id='word_1_327' title='bbox 2200 3292 2234 3349; x_wconf 90' lang='lat' dir='ltr'><strong>et</strong></span> <span class='ocrx_word' id='word_1_328' title='bbox 2258 3280 2453 3368; x_wconf 83' lang='lat' dir='ltr'><strong>significare</strong></span> <span class='ocrx_word' id='word_1_329' title='bbox 2473 3277 2574 3348; x_wconf 80' lang='lat' dir='ltr'><strong>univer·</strong></span> <span class='ocrx_word' id='word_1_330' title='bbox 2614 3291 2615 3296; x_wconf 76' lang='grc'>’</span> 
     </span>
     <span class='ocr_line' id='line_1_26' title="bbox 592 3361 2615 3466; baseline -0.002 -20"><span class='ocrx_word' id='word_1_331' title='bbox 592 3371 759 3463; x_wconf 90' lang='lat' dir='ltr'><strong>haberet,</strong></span> <span class='ocrx_word' id='word_1_332' title='bbox 791 3400 864 3445; x_wconf 90' lang='lat' dir='ltr'><strong>non</strong></span> <span class='ocrx_word' id='word_1_333' title='bbox 887 3375 955 3444; x_wconf 89' lang='lat' dir='ltr'><strong>fuit</strong></span> <span class='ocrx_word' id='word_1_334' title='bbox 977 3387 1123 3466; x_wconf 87' lang='lat' dir='ltr'><strong>propter</strong></span> <span class='ocrx_word' id='word_1_335' title='bbox 1146 3397 1203 3444; x_wconf 88' lang='lat' dir='ltr'><strong>eas</strong></span> <span class='ocrx_word' id='word_1_336' title='bbox 1226 3377 1339 3445; x_wconf 86' lang='lat' dir='ltr'><strong>iustus</strong></span> <span class='ocrx_word' id='word_1_337' title='bbox 1363 3398 1480 3443; x_wconf 90' lang='lat' dir='ltr'><strong>coram</strong></span> <span class='ocrx_word' id='word_1_338' title='bbox 1497 3371 1586 3456; x_wconf 89' lang='lat' dir='ltr'><strong>Deo,</strong></span> <span class='ocrx_word' id='word_1_339' title='bbox 1635 3374 1743 3442; x_wconf 87' lang='lat' dir='ltr'><strong>salem</strong></span> <span class='ocrx_word' id='word_1_340' title='bbox 1769 3374 2035 3458; x_wconf 83' lang='lat' dir='ltr'><strong>obedientiam,</strong></span> <span class='ocrx_word' id='word_1_341' title='bbox 2077 3372 2262 3450; x_wconf 81' lang='lat' dir='ltr'><strong>Abraham</strong></span> <span class='ocrx_word' id='word_1_342' title='bbox 2291 3383 2460 3463; x_wconf 83' lang='lat' dir='ltr'><strong>credidit,</strong></span> <span class='ocrx_word' id='word_1_343' title='bbox 2495 3379 2523 3448; x_wconf 90' lang='lat' dir='ltr'><strong>id</strong></span> <span class='ocrx_word' id='word_1_344' title='bbox 2539 3388 2576 3455; x_wconf 83' lang='lat' dir='ltr'><strong>cst,</strong></span> <span class='ocrx_word' id='word_1_345' title='bbox 2611 3361 2615 3456; x_wconf 50' lang='lat' dir='ltr'><strong>i</strong></span> 
     </span>
     <span class='ocr_line' id='line_1_27' title="bbox 595 3471 2576 3579; baseline -0.001 -30"><span class='ocrx_word' id='word_1_346' title='bbox 595 3494 730 3574; x_wconf 85' lang='lat' dir='ltr'><strong>quanto</strong></span> <span class='ocrx_word' id='word_1_347' title='bbox 758 3480 878 3549; x_wconf 89' lang='lat' dir='ltr'><strong>minus</strong></span> <span class='ocrx_word' id='word_1_348' title='bbox 910 3471 978 3547; x_wconf 90' lang='lat' dir='ltr'><strong>hoc</strong></span> <span class='ocrx_word' id='word_1_349' title='bbox 1011 3491 1192 3569; x_wconf 86' lang='lat' dir='ltr'><strong>praestant</strong></span> <span class='ocrx_word' id='word_1_350' title='bbox 1223 3480 1371 3552; x_wconf 87' lang='lat' dir='ltr'><strong>virtutes</strong></span> <span class='ocrx_word' id='word_1_351' title='bbox 1400 3476 1586 3547; x_wconf 78' lang='lat' dir='ltr'><strong>inferiores</strong></span> <span class='ocrx_word' id='word_1_352' title='bbox 1636 3478 1795 3548; x_wconf 84' lang='lat' dir='ltr'><strong>obedivit</strong></span> <span class='ocrx_word' id='word_1_353' title='bbox 1811 3476 1887 3549; x_wconf 89' lang='lat' dir='ltr'><strong>Deo</strong></span> <span class='ocrx_word' id='word_1_354' title='bbox 1910 3480 2005 3549; x_wconf 88' lang='lat' dir='ltr'><strong>iuxta</strong></span> <span class='ocrx_word' id='word_1_355' title='bbox 2028 3478 2294 3575; x_wconf 87' lang='lat' dir='ltr'><strong>synecdochen,</strong></span> <span class='ocrx_word' id='word_1_356' title='bbox 2330 3486 2413 3579; x_wconf 89' lang='lat' dir='ltr'><strong>quia</strong></span> <span class='ocrx_word' id='word_1_357' title='bbox 2435 3480 2576 3551; x_wconf 78' lang='lat' dir='ltr'><strong>fidemu-</strong></span> 
     </span>
     <span class='ocr_line' id='line_1_28' title="bbox 594 3577 2612 3732; baseline -0.001 -82"><span class='ocrx_word' id='word_1_358' title='bbox 594 3580 636 3652; x_wconf 92' lang='lat' dir='ltr'><strong>in</strong></span> <span class='ocrx_word' id='word_1_359' title='bbox 659 3580 750 3657; x_wconf 87' lang='lat' dir='ltr'><strong>aliis.</strong></span> <span class='ocrx_word' id='word_1_360' title='bbox 1635 3580 1696 3649; x_wconf 87' lang='lat' dir='ltr'><strong>bct</strong></span> <span class='ocrx_word' id='word_1_361' title='bbox 1718 3581 1819 3673; x_wconf 89' lang='lat' dir='ltr'><strong>sequi</strong></span> <span class='ocrx_word' id='word_1_362' title='bbox 1846 3582 2070 3665; x_wconf 89' lang='lat' dir='ltr'><strong>obedientia,</strong></span> <span class='ocrx_word' id='word_1_363' title='bbox 2107 3584 2192 3656; x_wconf 89' lang='lat' dir='ltr'><strong>ldeo</strong></span> <span class='ocrx_word' id='word_1_364' title='bbox 2213 3587 2281 3657; x_wconf 85' lang='lat' dir='ltr'><strong>lide</strong></span> <span class='ocrx_word' id='word_1_365' title='bbox 2308 3588 2411 3659; x_wconf 88' lang='lat' dir='ltr'><strong>aiunt</strong></span> <span class='ocrx_word' id='word_1_366' title='bbox 2436 3577 2577 3675; x_wconf 75' lang='lat' dir='ltr'><strong>significari</strong></span> <span class='ocrx_word' id='word_1_367' title='bbox 2606 3613 2612 3732; x_wconf 69' lang='lat' dir='ltr'><strong>p</strong></span> 
     </span>
    </p>

    <p class='ocr_par' dir='ltr' id='par_1_5' title="bbox 521 3682 2615 4851">
     <span class='ocr_line' id='line_1_29' title="bbox 699 3682 2615 3790; baseline -0.002 -19"><span class='ocrx_word' id='word_1_368' title='bbox 699 3697 903 3771; x_wconf 83' lang='lat' dir='ltr'><strong>Secundum</strong></span> <span class='ocrx_word' id='word_1_369' title='bbox 936 3718 978 3765; x_wconf 88' lang='lat' dir='ltr'><strong>ex</strong></span> <span class='ocrx_word' id='word_1_370' title='bbox 1019 3696 1237 3770; x_wconf 86' lang='lat' dir='ltr'><strong>delinitione.</strong></span> <span class='ocrx_word' id='word_1_371' title='bbox 1294 3694 1500 3769; x_wconf 86' lang='lat' dir='ltr'><strong>iustificatio</strong></span> <span class='ocrx_word' id='word_1_372' title='bbox 1537 3710 1590 3767; x_wconf 88' lang='lat' dir='ltr'><strong>est</strong></span> <span class='ocrx_word' id='word_1_373' title='bbox 1637 3682 1876 3753; x_wconf 64' lang='lat' dir='ltr'><strong>ussitflrtflltm</strong></span> <span class='ocrx_word' id='word_1_374' title='bbox 1896 3684 2149 3768; x_wconf 57' lang='lat' dir='ltr'><strong>Obedlfflllttm·</strong></span> <span class='ocrx_word' id='word_1_375' title='bbox 2607 3720 2615 3790; x_wconf 47' lang='lat' dir='ltr'><strong>i*</strong></span> 
     </span>
     <span class='ocr_line' id='line_1_30' title="bbox 535 3797 2615 3901; baseline 0 -30"><span class='ocrx_word' id='word_1_376' title='bbox 535 3856 538 3863; x_wconf 90' lang='lat'>.</span> <span class='ocrx_word' id='word_1_377' title='bbox 596 3802 747 3894; x_wconf 76' lang='lat' dir='ltr'><strong>gratuita</strong></span> <span class='ocrx_word' id='word_1_378' title='bbox 774 3797 964 3891; x_wconf 90' lang='lat' dir='ltr'><strong>imputatio</strong></span> <span class='ocrx_word' id='word_1_379' title='bbox 985 3798 1162 3889; x_wconf 85' lang='lat' dir='ltr'><strong>iusticias,</strong></span> <span class='ocrx_word' id='word_1_380' title='bbox 1194 3798 1390 3890; x_wconf 78' lang='lat' dir='ltr'><strong>Ergonon</strong></span> <span class='ocrx_word' id='word_1_381' title='bbox 1416 3799 1589 3871; x_wconf 83' lang='lat' dir='ltr'><strong>iustifira·</strong></span> <span class='ocrx_word' id='word_1_382' title='bbox 1741 3803 1956 3874; x_wconf 77' lang='lat' dir='ltr'><strong>Aliidicunt</strong></span> <span class='ocrx_word' id='word_1_383' title='bbox 1973 3807 2064 3875; x_wconf 89' lang='lat' dir='ltr'><strong>male</strong></span> <span class='ocrx_word' id='word_1_384' title='bbox 2081 3808 2284 3901; x_wconf 87' lang='lat' dir='ltr'><strong>detorqueri</strong></span> <span class='ocrx_word' id='word_1_385' title='bbox 2301 3801 2371 3879; x_wconf 90' lang='lat' dir='ltr'><strong>hoc</strong></span> <span class='ocrx_word' id='word_1_386' title='bbox 2386 3800 2579 3897; x_wconf 69' lang='lat' dir='ltr'><strong>dictumque</strong></span> <span class='ocrx_word' id='word_1_387' title='bbox 2614 3802 2615 3819; x_wconf 59' lang='lat'>¹</span> 
     </span>
     <span class='ocr_line' id='line_1_31' title="bbox 521 3900 2615 3997; baseline 0 -24"><span class='ocrx_word' id='word_1_388' title='bbox 521 3977 525 3981; x_wconf 69' lang='grc'><strong>,</strong></span> <span class='ocrx_word' id='word_1_389' title='bbox 593 3925 682 3976; x_wconf 89' lang='lat' dir='ltr'><strong>mur</strong></span> <span class='ocrx_word' id='word_1_390' title='bbox 725 3914 871 3997; x_wconf 89' lang='lat' dir='ltr'><strong>propter</strong></span> <span class='ocrx_word' id='word_1_391' title='bbox 903 3914 1061 3971; x_wconf 87' lang='lat' dir='ltr'><strong>nostram</strong></span> <span class='ocrx_word' id='word_1_392' title='bbox 1103 3900 1310 3996; x_wconf 79' lang='lat' dir='ltr'><strong>qualitatem</strong></span> <span class='ocrx_word' id='word_1_393' title='bbox 1342 3918 1403 3975; x_wconf 90' lang='lat' dir='ltr'><strong>aut</strong></span> <span class='ocrx_word' id='word_1_394' title='bbox 1435 3902 1589 3993; x_wconf 81' lang='lat' dir='ltr'><strong>dignita·</strong></span> <span class='ocrx_word' id='word_1_395' title='bbox 1641 3905 1791 3977; x_wconf 87' lang='lat' dir='ltr'><strong>Genesis</strong></span> <span class='ocrx_word' id='word_1_396' title='bbox 1819 3930 1892 3977; x_wconf 91' lang='lat' dir='ltr'><strong>non</strong></span> <span class='ocrx_word' id='word_1_397' title='bbox 1925 3907 2031 3979; x_wconf 83' lang='lat' dir='ltr'><strong>iaciat</strong></span> <span class='ocrx_word' id='word_1_398' title='bbox 2060 3908 2112 3979; x_wconf 88' lang='lat' dir='ltr'><strong>ibi</strong></span> <span class='ocrx_word' id='word_1_399' title='bbox 2145 3912 2364 3981; x_wconf 85' lang='lat' dir='ltr'><strong>mentionem</strong></span> <span class='ocrx_word' id='word_1_400' title='bbox 2397 3912 2440 3981; x_wconf 87' lang='lat' dir='ltr'><strong>de</strong></span> <span class='ocrx_word' id='word_1_401' title='bbox 2469 3904 2580 3987; x_wconf 85' lang='lat' dir='ltr'><strong>Christo,</strong></span> <span class='ocrx_word' id='word_1_402' title='bbox 2612 3902 2615 3929; x_wconf 67' lang='lat'><strong>&#39;³</strong></span> 
     </span>
     <span class='ocr_line' id='line_1_32' title="bbox 591 4004 2613 4103; baseline -0.001 -26"><span class='ocrx_word' id='word_1_403' title='bbox 591 4017 672 4077; x_wconf 77' lang='lat' dir='ltr'><strong>tem</strong></span> <span class='ocrx_word' id='word_1_404' title='bbox 695 4020 760 4079; x_wconf 87' lang='lat' dir='ltr'><strong>etc.</strong></span> <span class='ocrx_word' id='word_1_405' title='bbox 1641 4023 1703 4081; x_wconf 88' lang='lat' dir='ltr'><strong>aut</strong></span> <span class='ocrx_word' id='word_1_406' title='bbox 1726 4004 1859 4079; x_wconf 89' lang='lat' dir='ltr'><strong>dehac</strong></span> <span class='ocrx_word' id='word_1_407' title='bbox 1891 4009 1960 4078; x_wconf 88' lang='lat' dir='ltr'><strong>lide</strong></span> <span class='ocrx_word' id='word_1_408' title='bbox 1987 4010 2180 4103; x_wconf 84' lang='lat' dir='ltr'><strong>accipiente</strong></span> <span class='ocrx_word' id='word_1_409' title='bbox 2200 4014 2443 4084; x_wconf 87' lang='lat' dir='ltr'><strong>remissionem</strong></span> <span class='ocrx_word' id='word_1_410' title='bbox 2468 4021 2580 4103; x_wconf 77' lang='lat' dir='ltr'><strong>peccate</strong></span> <span class='ocrx_word' id='word_1_411' title='bbox 2609 4011 2613 4022; x_wconf 91' lang='lat'>&#39;</span> 
     </span>
     <span class='ocr_line' id='line_1_33' title="bbox 698 4108 2580 4211; baseline -0.005 -27"><span class='ocrx_word' id='word_1_412' title='bbox 698 4120 866 4211; x_wconf 47' lang='lat' dir='ltr'><strong>Turium</strong></span> <span class='ocrx_word' id='word_1_413' title='bbox 893 4148 935 4193; x_wconf 70' lang='lat' dir='ltr'><strong>ex</strong></span> <span class='ocrx_word' id='word_1_414' title='bbox 956 4122 1179 4197; x_wconf 64' lang='lat' dir='ltr'><strong>definitione,</strong></span> <span class='ocrx_word' id='word_1_415' title='bbox 1233 4121 1437 4195; x_wconf 51' lang='lat' dir='ltr'><strong>laetificatio</strong></span> <span class='ocrx_word' id='word_1_416' title='bbox 1463 4135 1514 4195; x_wconf 66' lang='lat' dir='ltr'><strong>est</strong></span> <span class='ocrx_word' id='word_1_417' title='bbox 1534 4126 1592 4191; x_wconf 59' lang='lat' dir='ltr'><strong>fe.</strong></span> <span class='ocrx_word' id='word_1_418' title='bbox 1640 4136 1735 4185; x_wconf 89' lang='lat' dir='ltr'><strong>rum.</strong></span> <span class='ocrx_word' id='word_1_419' title='bbox 1787 4108 1860 4181; x_wconf 85' lang='lat' dir='ltr'><strong>Has</strong></span> <span class='ocrx_word' id='word_1_420' title='bbox 1878 4110 2073 4182; x_wconf 86' lang='lat' dir='ltr'><strong>calumnias</strong></span> <span class='ocrx_word' id='word_1_421' title='bbox 2096 4116 2240 4206; x_wconf 87' lang='lat' dir='ltr'><strong>prodest</strong></span> <span class='ocrx_word' id='word_1_422' title='bbox 2265 4117 2457 4201; x_wconf 78' lang='lat' dir='ltr'><strong>confutari,</strong></span> <span class='ocrx_word' id='word_1_423' title='bbox 2480 4126 2513 4184; x_wconf 91' lang='lat' dir='ltr'><strong>ut</strong></span> <span class='ocrx_word' id='word_1_424' title='bbox 2531 4130 2580 4179; x_wconf 86' lang='lat' dir='ltr'><strong>sco·</strong></span> 
     </span>
     <span class='ocr_line' id='line_1_34' title="bbox 596 4212 2613 4319; baseline -0.007 -22"><span class='ocrx_word' id='word_1_425' title='bbox 596 4212 725 4297; x_wconf 77' lang='lat' dir='ltr'><strong>&#39;missio</strong></span> <span class='ocrx_word' id='word_1_426' title='bbox 750 4240 990 4317; x_wconf 87' lang='lat' dir='ltr'><strong>peccatorum,</strong></span> <span class='ocrx_word' id='word_1_427' title='bbox 1029 4221 1126 4316; x_wconf 78' lang='lat' dir='ltr'><strong>Ergo</strong></span> <span class='ocrx_word' id='word_1_428' title='bbox 1152 4250 1227 4296; x_wconf 91' lang='lat' dir='ltr'><strong>non</strong></span> <span class='ocrx_word' id='word_1_429' title='bbox 1250 4227 1424 4319; x_wconf 82' lang='lat' dir='ltr'><strong>contingit</strong></span> <span class='ocrx_word' id='word_1_430' title='bbox 1449 4239 1593 4319; x_wconf 89' lang='lat' dir='ltr'><strong>propter</strong></span> <span class='ocrx_word' id='word_1_431' title='bbox 1641 4215 1751 4285; x_wconf 88' lang='lat' dir='ltr'><strong>tentia</strong></span> <span class='ocrx_word' id='word_1_432' title='bbox 1768 4214 1957 4284; x_wconf 85' lang='lat' dir='ltr'><strong>verborum</strong></span> <span class='ocrx_word' id='word_1_433' title='bbox 1977 4212 2125 4287; x_wconf 88' lang='lat' dir='ltr'><strong>Genesis</strong></span> <span class='ocrx_word' id='word_1_434' title='bbox 2141 4218 2267 4287; x_wconf 88' lang='lat' dir='ltr'><strong>melius</strong></span> <span class='ocrx_word' id='word_1_435' title='bbox 2284 4219 2505 4305; x_wconf 79' lang='lat' dir='ltr'><strong>intelligatur.</strong></span> <span class='ocrx_word' id='word_1_436' title='bbox 2612 4220 2613 4227; x_wconf 77' lang='grc'>’</span> 
     </span>
     <span class='ocr_line' id='line_1_35' title="bbox 595 4323 2613 4425; baseline -0.001 -28"><span class='ocrx_word' id='word_1_437' title='bbox 595 4342 762 4399; x_wconf 81' lang='lat' dir='ltr'><strong>‘nostram</strong></span> <span class='ocrx_word' id='word_1_438' title='bbox 792 4328 1025 4416; x_wconf 79' lang='lat' dir='ltr'><strong>dignitatem,</strong></span> <span class='ocrx_word' id='word_1_439' title='bbox 1058 4329 1234 4422; x_wconf 84' lang='lat' dir='ltr'><strong>siquidem</strong></span> <span class='ocrx_word' id='word_1_440' title='bbox 1260 4352 1398 4424; x_wconf 86' lang='lat' dir='ltr'><strong>semper</strong></span> <span class='ocrx_word' id='word_1_441' title='bbox 1418 4323 1592 4401; x_wconf 88' lang='lat' dir='ltr'><strong>habemus</strong></span> <span class='ocrx_word' id='word_1_442' title='bbox 1745 4332 1906 4405; x_wconf 81' lang='lat' dir='ltr'><strong>Primum</strong></span> <span class='ocrx_word' id='word_1_443' title='bbox 1930 4334 2039 4424; x_wconf 75' lang='lat' dir='ltr'><strong>igitur</strong></span> <span class='ocrx_word' id='word_1_444' title='bbox 2063 4333 2131 4407; x_wconf 71' lang='lat' dir='ltr'><strong>hoc</strong></span> <span class='ocrx_word' id='word_1_445' title='bbox 2155 4340 2418 4408; x_wconf 44' lang='lat' dir='ltr'><strong>&amp;servandum</strong></span> <span class='ocrx_word' id='word_1_446' title='bbox 2440 4348 2501 4419; x_wconf 72' lang='lat' dir='ltr'><strong>est,</strong></span> <span class='ocrx_word' id='word_1_447' title='bbox 2522 4328 2581 4399; x_wconf 80' lang='lat' dir='ltr'><strong>Pau·</strong></span> <span class='ocrx_word' id='word_1_448' title='bbox 2612 4422 2613 4425; x_wconf 8' lang='grc' dir='ltr'><strong>Ἴ</strong></span> 
     </span>
     <span class='ocr_line' id='line_1_36' title="bbox 605 4430 2581 4525; baseline -0.001 -23"><span class='ocrx_word' id='word_1_449' title='bbox 605 4454 695 4525; x_wconf 92' lang='lat' dir='ltr'><strong>opus</strong></span> <span class='ocrx_word' id='word_1_450' title='bbox 712 4430 920 4501; x_wconf 85' lang='lat' dir='ltr'><strong>remissione</strong></span> <span class='ocrx_word' id='word_1_451' title='bbox 936 4446 1172 4524; x_wconf 89' lang='lat' dir='ltr'><strong>peccatorum.</strong></span> <span class='ocrx_word' id='word_1_452' title='bbox 1644 4438 1719 4507; x_wconf 90' lang='lat' dir='ltr'><strong>lum</strong></span> <span class='ocrx_word' id='word_1_453' title='bbox 1742 4431 1811 4507; x_wconf 90' lang='lat' dir='ltr'><strong>hoc</strong></span> <span class='ocrx_word' id='word_1_454' title='bbox 1834 4438 1928 4507; x_wconf 91' lang='lat' dir='ltr'><strong>dicto</strong></span> <span class='ocrx_word' id='word_1_455' title='bbox 1946 4436 2098 4509; x_wconf 77' lang='lat' dir='ltr'><strong>Genesis</strong></span> <span class='ocrx_word' id='word_1_456' title='bbox 2121 4441 2320 4509; x_wconf 88' lang='lat' dir='ltr'><strong>discernere</strong></span> <span class='ocrx_word' id='word_1_457' title='bbox 2344 4440 2508 4510; x_wconf 87' lang='lat' dir='ltr'><strong>iusticiam</strong></span> <span class='ocrx_word' id='word_1_458' title='bbox 2527 4431 2581 4517; x_wconf 77' lang='lat' dir='ltr'><strong>legis</strong></span> 
     </span>
     <span class='ocr_line' id='line_1_37' title="bbox 596 4528 2581 4641; baseline -0.005 -29"><span class='ocrx_word' id='word_1_459' title='bbox 596 4592 599 4598; x_wconf 80' lang='lat'><em>‚</em></span> <span class='ocrx_word' id='word_1_460' title='bbox 704 4546 880 4641; x_wconf 72' lang='lat' dir='ltr'><strong>Quartum</strong></span> <span class='ocrx_word' id='word_1_461' title='bbox 907 4575 949 4621; x_wconf 70' lang='lat' dir='ltr'><strong>ex</strong></span> <span class='ocrx_word' id='word_1_462' title='bbox 971 4552 1099 4621; x_wconf 77' lang='lat' dir='ltr'><strong>ordine</strong></span> <span class='ocrx_word' id='word_1_463' title='bbox 1123 4574 1307 4623; x_wconf 69' lang='lat' dir='ltr'><strong>causarum</strong></span> <span class='ocrx_word' id='word_1_464' title='bbox 1331 4564 1366 4623; x_wconf 70' lang='lat' dir='ltr'><strong>et</strong></span> <span class='ocrx_word' id='word_1_465' title='bbox 1392 4552 1594 4628; x_wconf 69' lang='lat' dir='ltr'><strong>effectuum,</strong></span> <span class='ocrx_word' id='word_1_466' title='bbox 1645 4553 1678 4611; x_wconf 78' lang='lat' dir='ltr'><strong>el</strong></span> <span class='ocrx_word' id='word_1_467' title='bbox 1698 4540 1793 4610; x_wconf 79' lang='lat' dir='ltr'><strong>fidel.</strong></span> <span class='ocrx_word' id='word_1_468' title='bbox 1846 4538 1967 4629; x_wconf 78' lang='lat' dir='ltr'><strong>Quare</strong></span> <span class='ocrx_word' id='word_1_469' title='bbox 1989 4565 2129 4612; x_wconf 73' lang='lat' dir='ltr'><strong>neccsse</strong></span> <span class='ocrx_word' id='word_1_470' title='bbox 2154 4546 2205 4613; x_wconf 62' lang='lat' dir='ltr'><strong>e&#39;sl</strong></span> <span class='ocrx_word' id='word_1_471' title='bbox 2224 4542 2293 4612; x_wconf 82' lang='lat' dir='ltr'><strong>lloc</strong></span> <span class='ocrx_word' id='word_1_472' title='bbox 2319 4543 2454 4612; x_wconf 88' lang='lat' dir='ltr'><strong>dictum</strong></span> <span class='ocrx_word' id='word_1_473' title='bbox 2474 4528 2581 4620; x_wconf 74' lang='lat' dir='ltr'><strong>inlelllgl</strong></span> 
     </span>
     <span class='ocr_line' id='line_1_38' title="bbox 595 4641 2582 4748; baseline 0.003 -25"><span class='ocrx_word' id='word_1_474' title='bbox 595 4645 786 4743; x_wconf 62' lang='lat' dir='ltr'><strong>⁴Abraham</strong></span> <span class='ocrx_word' id='word_1_475' title='bbox 805 4654 1075 4748; x_wconf 86' lang='lat' dir='ltr'><strong>pronunciatur</strong></span> <span class='ocrx_word' id='word_1_476' title='bbox 1103 4653 1216 4725; x_wconf 88' lang='lat' dir='ltr'><strong>iustus</strong></span> <span class='ocrx_word' id='word_1_477' title='bbox 1247 4668 1328 4727; x_wconf 89' lang='lat' dir='ltr'><strong>ante</strong></span> <span class='ocrx_word' id='word_1_478' title='bbox 1354 4655 1595 4728; x_wconf 91' lang='lat' dir='ltr'><strong>circumcisio·</strong></span> <span class='ocrx_word' id='word_1_479' title='bbox 1643 4641 1788 4734; x_wconf 84' lang='lat' dir='ltr'><strong>proprie</strong></span> <span class='ocrx_word' id='word_1_480' title='bbox 1811 4644 1855 4713; x_wconf 72' lang='lat'><strong>‘¹⁰</strong></span> <span class='ocrx_word' id='word_1_481' title='bbox 1878 4643 1958 4713; x_wconf 62' lang='lat' dir='ltr'><strong>fide·</strong></span> <span class='ocrx_word' id='word_1_482' title='bbox 2010 4642 2120 4726; x_wconf 64' lang='lat' dir='ltr'><strong>ilem,</strong></span> <span class='ocrx_word' id='word_1_483' title='bbox 2146 4642 2278 4715; x_wconf 65' lang='lat' dir='ltr'><strong>Paultss</strong></span> <span class='ocrx_word' id='word_1_484' title='bbox 2299 4645 2399 4715; x_wconf 85' lang='lat' dir='ltr'><strong>addit</strong></span> <span class='ocrx_word' id='word_1_485' title='bbox 2422 4646 2582 4729; x_wconf 50' lang='lat' dir='ltr'><strong>mittini*</strong></span> 
     </span>
     <span class='ocr_line' id='line_1_39' title="bbox 596 4741 2582 4851; baseline -0.006 -35"><span class='ocrx_word' id='word_1_486' title='bbox 596 4778 707 4851; x_wconf 58' lang='lat' dir='ltr'><strong>mem,</strong></span> <span class='ocrx_word' id='word_1_487' title='bbox 729 4754 824 4845; x_wconf 70' lang='lat' dir='ltr'><strong>Ergo</strong></span> <span class='ocrx_word' id='word_1_488' title='bbox 841 4780 916 4826; x_wconf 79' lang='lat' dir='ltr'><strong>non</strong></span> <span class='ocrx_word' id='word_1_489' title='bbox 935 4756 1110 4827; x_wconf 54' lang='lat' dir='ltr'><strong>extinctus</strong></span> <span class='ocrx_word' id='word_1_490' title='bbox 1124 4769 1269 4849; x_wconf 64' lang='lat' dir='ltr'><strong>propser</strong></span> <span class='ocrx_word' id='word_1_491' title='bbox 1284 4756 1375 4828; x_wconf 77' lang='lat' dir='ltr'><strong>illud</strong></span> <span class='ocrx_word' id='word_1_492' title='bbox 1391 4782 1491 4851; x_wconf 60' lang='lat' dir='ltr'><strong>opus⁶</strong></span> <span class='ocrx_word' id='word_1_493' title='bbox 1644 4746 1799 4829; x_wconf 87' lang='lat' dir='ltr'><strong>tionem,</strong></span> <span class='ocrx_word' id='word_1_494' title='bbox 1837 4747 1933 4839; x_wconf 89' lang='lat' dir='ltr'><strong>quod</strong></span> <span class='ocrx_word' id='word_1_495' title='bbox 1956 4743 2025 4817; x_wconf 87' lang='lat' dir='ltr'><strong>lide</strong></span> <span class='ocrx_word' id='word_1_496' title='bbox 2046 4748 2197 4837; x_wconf 84' lang='lat' dir='ltr'><strong>gratuita</strong></span> <span class='ocrx_word' id='word_1_497' title='bbox 2217 4748 2406 4839; x_wconf 87' lang='lat' dir='ltr'><strong>imputatio</strong></span> <span class='ocrx_word' id='word_1_498' title='bbox 2429 4741 2582 4834; x_wconf 82' lang='lat' dir='ltr'><strong>accipiatur.</strong></span> 
     </span>
    </p>
   </div>
   <div class='ocr_carea' id='block_1_5' title="bbox 592 4841 2583 5177">
    <p class='ocr_par' dir='ltr' id='par_1_6' title="bbox 592 4841 2583 5177">
     <span class='ocr_line' id='line_1_40' title="bbox 706 4841 2583 4968; baseline -0.015 -32"><span class='ocrx_word' id='word_1_499' title='bbox 706 4875 884 4968; x_wconf 66' lang='lat' dir='ltr'><strong>Quintum</strong></span> <span class='ocrx_word' id='word_1_500' title='bbox 902 4901 944 4948; x_wconf 64' lang='lat'><strong>01</strong></span> <span class='ocrx_word' id='word_1_501' title='bbox 962 4901 1066 4948; x_wconf 62' lang='lat'><strong>020„</strong></span> <span class='ocrx_word' id='word_1_502' title='bbox 1089 4878 1365 4966; x_wconf 51' lang='lat' dir='ltr'><strong>promissffonp„</strong></span> <span class='ocrx_word' id='word_1_503' title='bbox 1399 4877 1593 4951; x_wconf 51' lang='lat' dir='ltr'><strong>promissio</strong></span> <span class='ocrx_word' id='word_1_504' title='bbox 1645 4842 1740 4938; x_wconf 79' lang='lat' dir='ltr'><strong>Ergo</strong></span> <span class='ocrx_word' id='word_1_505' title='bbox 1757 4844 1814 4917; x_wconf 75' lang='lat' dir='ltr'><strong>llic</strong></span> <span class='ocrx_word' id='word_1_506' title='bbox 1833 4848 1974 4939; x_wconf 89' lang='lat' dir='ltr'><strong>proprie</strong></span> <span class='ocrx_word' id='word_1_507' title='bbox 1992 4850 2160 4939; x_wconf 81' lang='lat' dir='ltr'><strong>intelligit</strong></span> <span class='ocrx_word' id='word_1_508' title='bbox 2177 4848 2281 4919; x_wconf 85' lang='lat' dir='ltr'><strong>iidem</strong></span> <span class='ocrx_word' id='word_1_509' title='bbox 2297 4873 2471 4920; x_wconf 85' lang='lat' dir='ltr'><strong>assensum</strong></span> <span class='ocrx_word' id='word_1_510' title='bbox 2487 4841 2583 4958; x_wconf 74' lang='lat' dir='ltr'><strong>etidc-</strong></span> 
     </span>
     <span class='ocr_line' id='line_1_41' title="bbox 601 4947 2583 5071; baseline -0.01 -18"><span class='ocrx_word' id='word_1_511' title='bbox 601 4980 763 5070; x_wconf 83' lang='lat' dir='ltr'><strong>pendens</strong></span> <span class='ocrx_word' id='word_1_512' title='bbox 778 5003 819 5048; x_wconf 85' lang='lat' dir='ltr'><strong>ex</strong></span> <span class='ocrx_word' id='word_1_513' title='bbox 842 4980 1047 5049; x_wconf 88' lang='lat' dir='ltr'><strong>conditione</strong></span> <span class='ocrx_word' id='word_1_514' title='bbox 1063 4981 1151 5071; x_wconf 74' lang='lat' dir='ltr'><strong>legis</strong></span> <span class='ocrx_word' id='word_1_515' title='bbox 1174 5005 1249 5052; x_wconf 88' lang='lat' dir='ltr'><strong>nou</strong></span> <span class='ocrx_word' id='word_1_516' title='bbox 1271 4995 1323 5053; x_wconf 90' lang='lat' dir='ltr'><strong>est</strong></span> <span class='ocrx_word' id='word_1_517' title='bbox 1346 4996 1450 5054; x_wconf 86' lang='lat' dir='ltr'><strong>certa.</strong></span> <span class='ocrx_word' id='word_1_518' title='bbox 1504 4982 1594 5054; x_wconf 86' lang='lat' dir='ltr'><strong>Pro·</strong></span> <span class='ocrx_word' id='word_1_519' title='bbox 1645 4950 1762 5071; x_wconf 60' lang='lat' dir='ltr'><strong>‚dms</strong></span> <span class='ocrx_word' id='word_1_520' title='bbox 1802 4975 1872 5045; x_wconf 52' lang='lat' dir='ltr'><strong>‘lu‘</strong></span> <span class='ocrx_word' id='word_1_521' title='bbox 1896 4950 2321 5069; x_wconf 65' lang='lat' dir='ltr'><strong>³⁰⁰lleu⁸l²f⁰ffll⁸⁸³ffl</strong></span> <span class='ocrx_word' id='word_1_522' title='bbox 2343 4947 2583 5067; x_wconf 64' lang='lat' dir='ltr'><strong>misericerdiam.</strong></span> 
     </span>
     <span class='ocr_line' id='line_1_42' title="bbox 592 5044 2582 5177; baseline -0.011 -20"><span class='ocrx_word' id='word_1_523' title='bbox 592 5082 723 5157; x_wconf 80' lang='lat' dir='ltr'><strong>missio</strong></span> <span class='ocrx_word' id='word_1_524' title='bbox 742 5082 882 5171; x_wconf 67' lang='lat' dir='ltr'><strong>‘gratiae</strong></span> <span class='ocrx_word' id='word_1_525' title='bbox 908 5082 1013 5153; x_wconf 90' lang='lat' dir='ltr'><strong>debet</strong></span> <span class='ocrx_word' id='word_1_526' title='bbox 1036 5104 1110 5153; x_wconf 88' lang='lat' dir='ltr'><strong>esse</strong></span> <span class='ocrx_word' id='word_1_527' title='bbox 1135 5096 1248 5168; x_wconf 88' lang='lat' dir='ltr'><strong>certa,</strong></span> <span class='ocrx_word' id='word_1_528' title='bbox 1278 5080 1376 5173; x_wconf 81' lang='lat' dir='ltr'><strong>Ergo</strong></span> <span class='ocrx_word' id='word_1_529' title='bbox 1404 5085 1592 5177; x_wconf 87' lang='lat' dir='ltr'><strong>promissio</strong></span> <span class='ocrx_word' id='word_1_530' title='bbox 1645 5056 1681 5171; x_wconf 65' lang='lat'><strong>{¹¹</strong></span> <span class='ocrx_word' id='word_1_531' title='bbox 1700 5064 1762 5136; x_wconf 71' lang='lat'><strong>‘⁸¹⁹</strong></span> <span class='ocrx_word' id='word_1_532' title='bbox 1788 5076 1857 5146; x_wconf 61' lang='lat' dir='ltr'><strong>‘lua</strong></span> <span class='ocrx_word' id='word_1_533' title='bbox 1875 5065 2074 5133; x_wconf 52' lang='lat' dir='ltr'><strong>“ammuh</strong></span> <span class='ocrx_word' id='word_1_534' title='bbox 2101 5056 2196 5146; x_wconf 61' lang='lat'>‘1⁰⁰⁶</span> <span class='ocrx_word' id='word_1_535' title='bbox 2216 5053 2311 5126; x_wconf 68' lang='lat'><strong>⁰²⁰⁸</strong></span> <span class='ocrx_word' id='word_1_536' title='bbox 2328 5075 2410 5123; x_wconf 59' lang='lat' dir='ltr'><strong>”te</strong></span> <span class='ocrx_word' id='word_1_537' title='bbox 2424 5052 2500 5121; x_wconf 56' lang='grc' dir='ltr'><strong>*ΟΜ</strong></span> <span class='ocrx_word' id='word_1_538' title='bbox 2514 5044 2582 5115; x_wconf 73' lang='lat' dir='ltr'><strong>¹¹⁰l¹⁵</strong></span> 
     </span>
    </p>
   </div>
   <div class='ocr_carea' id='block_1_6' title="bbox 600 5144 2582 5378">
    <p class='ocr_par' dir='ltr' id='par_1_7' title="bbox 600 5144 2582 5378">
     <span class='ocr_line' id='line_1_43' title="bbox 600 5144 2582 5279; baseline -0.026 -20"><span class='ocrx_word' id='word_1_539' title='bbox 600 5184 735 5272; x_wconf 65' lang='lat' dir='ltr'><strong>gratiae</strong></span> <span class='ocrx_word' id='word_1_540' title='bbox 758 5207 834 5253; x_wconf 81' lang='lat' dir='ltr'><strong>non</strong></span> <span class='ocrx_word' id='word_1_541' title='bbox 853 5185 984 5275; x_wconf 89' lang='lat' dir='ltr'><strong>pendet</strong></span> <span class='ocrx_word' id='word_1_542' title='bbox 1006 5208 1048 5254; x_wconf 89' lang='lat' dir='ltr'><strong>ex</strong></span> <span class='ocrx_word' id='word_1_543' title='bbox 1075 5187 1281 5259; x_wconf 91' lang='lat' dir='ltr'><strong>conditione</strong></span> <span class='ocrx_word' id='word_1_544' title='bbox 1303 5188 1409 5279; x_wconf 80' lang='lat' dir='ltr'><strong>legis,</strong></span> <span class='ocrx_word' id='word_1_545' title='bbox 1439 5190 1501 5259; x_wconf 61' lang='lat' dir='ltr'><strong>aed</strong></span> <span class='ocrx_word' id='word_1_546' title='bbox 1525 5188 1595 5261; x_wconf 64' lang='lat' dir='ltr'><strong>fide</strong></span> <span class='ocrx_word' id='word_1_547' title='bbox 1645 5176 1826 5275; x_wconf 32' lang='lat' dir='ltr'><strong>rgrrouscere</strong></span> <span class='ocrx_word' id='word_1_548' title='bbox 1840 5168 1882 5273; x_wconf 38' lang='lat' dir='ltr'><strong>&#39;et</strong></span> <span class='ocrx_word' id='word_1_549' title='bbox 1912 5155 2092 5275; x_wconf 73' lang='lat' dir='ltr'><strong>propicius</strong></span> <span class='ocrx_word' id='word_1_550' title='bbox 2123 5178 2216 5241; x_wconf 88' lang='lat' dir='ltr'><strong>esse,</strong></span> <span class='ocrx_word' id='word_1_551' title='bbox 2252 5177 2338 5276; x_wconf 14' lang='lat' dir='ltr'><strong>per.</strong></span> <span class='ocrx_word' id='word_1_552' title='bbox 2353 5144 2582 5225; x_wconf 83' lang='lat' dir='ltr'><strong>misericordias</strong></span> 
     </span>
     <span class='ocr_line' id='line_1_44' title="bbox 601 5260 2506 5378; baseline -0.012 -33"><span class='ocrx_word' id='word_1_553' title='bbox 601 5285 710 5373; x_wconf 62' lang='lat' dir='ltr'><strong>gracie</strong></span> <span class='ocrx_word' id='word_1_554' title='bbox 724 5286 928 5378; x_wconf 59' lang='lat' dir='ltr'><strong>accipienda</strong></span> <span class='ocrx_word' id='word_1_555' title='bbox 944 5298 1007 5357; x_wconf 55' lang='grc' dir='ltr'><strong>θη,</strong></span> <span class='ocrx_word' id='word_1_556' title='bbox 1208 5347 1212 5355; x_wconf 86' lang='lat'><strong><em>.</em></strong></span> <span class='ocrx_word' id='word_1_557' title='bbox 1645 5272 1774 5347; x_wconf 78' lang='lat' dir='ltr'><strong>gratas,</strong></span> <span class='ocrx_word' id='word_1_558' title='bbox 1802 5273 1939 5327; x_wconf 73' lang='lat' dir='ltr'><strong>etiamsi</strong></span> <span class='ocrx_word' id='word_1_559' title='bbox 1958 5272 2152 5328; x_wconf 75' lang='lat' dir='ltr'><strong>sentiamus</strong></span> <span class='ocrx_word' id='word_1_560' title='bbox 2167 5279 2233 5328; x_wconf 91' lang='lat' dir='ltr'><strong>nos</strong></span> <span class='ocrx_word' id='word_1_561' title='bbox 2251 5260 2418 5348; x_wconf 69' lang='lat' dir='ltr'><strong>indignos</strong></span> <span class='ocrx_word' id='word_1_562' title='bbox 2431 5276 2506 5325; x_wconf 79' lang='lat' dir='ltr'><strong>esse.</strong></span> 
     </span>
    </p>
   </div>
   <div class='ocr_carea' id='block_1_7' title="bbox 593 5376 2615 6007">
    <p class='ocr_par' dir='ltr' id='par_1_8' title="bbox 593 5376 2615 6007">
     <span class='ocr_line' id='line_1_45' title="bbox 1747 5376 2582 5481; baseline -0.01 -18"><span class='ocrx_word' id='word_1_563' title='bbox 1747 5388 1812 5463; x_wconf 81' lang='lat' dir='ltr'><strong>Est</strong></span> <span class='ocrx_word' id='word_1_564' title='bbox 1836 5416 1918 5481; x_wconf 82' lang='lat' dir='ltr'><strong>ergo</strong></span> <span class='ocrx_word' id='word_1_565' title='bbox 1943 5394 2136 5478; x_wconf 87' lang='lat' dir='ltr'><strong>sententia,</strong></span> <span class='ocrx_word' id='word_1_566' title='bbox 2162 5394 2330 5477; x_wconf 81' lang='lat' dir='ltr'><strong>credidit,</strong></span> <span class='ocrx_word' id='word_1_567' title='bbox 2355 5392 2392 5461; x_wconf 88' lang='lat' dir='ltr'><strong>id</strong></span> <span class='ocrx_word' id='word_1_568' title='bbox 2415 5407 2479 5471; x_wconf 88' lang='lat' dir='ltr'><strong>est,</strong></span> <span class='ocrx_word' id='word_1_569' title='bbox 2502 5376 2582 5456; x_wconf 74' lang='lat' dir='ltr'><strong>statui</strong></span> 
     </span>
     <span class='ocr_line' id='line_1_46' title="bbox 986 5490 2581 5591; baseline -0.013 -16"><span class='ocrx_word' id='word_1_570' title='bbox 986 5564 992 5575; x_wconf 87' lang='lat'><strong>.</strong></span> <span class='ocrx_word' id='word_1_571' title='bbox 1644 5518 1679 5564; x_wconf 83' lang='lat' dir='ltr'><strong>re</strong></span> <span class='ocrx_word' id='word_1_572' title='bbox 1696 5490 1827 5565; x_wconf 86' lang='lat' dir='ltr'><strong>hahere</strong></span> <span class='ocrx_word' id='word_1_573' title='bbox 1842 5494 1958 5565; x_wconf 90' lang='lat' dir='ltr'><strong>Deum</strong></span> <span class='ocrx_word' id='word_1_574' title='bbox 1976 5491 2193 5589; x_wconf 78' lang='lat' dir='ltr'><strong>propicium,</strong></span> <span class='ocrx_word' id='word_1_575' title='bbox 2220 5494 2381 5591; x_wconf 86' lang='lat' dir='ltr'><strong>quamvis</strong></span> <span class='ocrx_word' id='word_1_576' title='bbox 2398 5490 2545 5563; x_wconf 82' lang='lat' dir='ltr'><strong>sentiebat</strong></span> <span class='ocrx_word' id='word_1_577' title='bbox 2560 5498 2581 5546; x_wconf 75' lang='lat' dir='ltr'><strong>tt</strong></span> 
     </span>
     <span class='ocr_line' id='line_1_47' title="bbox 703 5583 2580 5689; baseline 0.001 -36"><span class='ocrx_word' id='word_1_578' title='bbox 703 5583 864 5655; x_wconf 88' lang='lat' dir='ltr'><strong>Primum</strong></span> <span class='ocrx_word' id='word_1_579' title='bbox 888 5603 1137 5679; x_wconf 79' lang='lat' dir='ltr'><strong>argumentum</strong></span> <span class='ocrx_word' id='word_1_580' title='bbox 1162 5593 1207 5662; x_wconf 88' lang='lat' dir='ltr'><strong>de</strong></span> <span class='ocrx_word' id='word_1_581' title='bbox 1240 5596 1400 5685; x_wconf 79' lang='lat' dir='ltr'><strong>exemplo</strong></span> <span class='ocrx_word' id='word_1_582' title='bbox 1423 5589 1593 5667; x_wconf 86' lang='lat' dir='ltr'><strong>Abrahae</strong></span> <span class='ocrx_word' id='word_1_583' title='bbox 1644 5594 1832 5686; x_wconf 82' lang='lat' dir='ltr'><strong>indignum</strong></span> <span class='ocrx_word' id='word_1_584' title='bbox 1850 5620 1942 5682; x_wconf 84' lang='lat' dir='ltr'><strong>esse,</strong></span> <span class='ocrx_word' id='word_1_585' title='bbox 1970 5612 2004 5667; x_wconf 90' lang='lat' dir='ltr'><strong>et</strong></span> <span class='ocrx_word' id='word_1_586' title='bbox 2020 5594 2084 5668; x_wconf 90' lang='lat' dir='ltr'><strong>hac</strong></span> <span class='ocrx_word' id='word_1_587' title='bbox 2099 5596 2225 5668; x_wconf 83' lang='lat' dir='ltr'><strong>fiducia</strong></span> <span class='ocrx_word' id='word_1_588' title='bbox 2242 5596 2442 5689; x_wconf 84' lang='lat' dir='ltr'><strong>expectabat</strong></span> <span class='ocrx_word' id='word_1_589' title='bbox 2456 5588 2580 5663; x_wconf 66' lang='lat' dir='ltr'><strong>auritium</strong></span> 
     </span>
     <span class='ocr_line' id='line_1_48' title="bbox 601 5682 2581 5791; baseline 0.004 -40"><span class='ocrx_word' id='word_1_590' title='bbox 601 5682 790 5773; x_wconf 79' lang='lat' dir='ltr'><strong>diligenter</strong></span> <span class='ocrx_word' id='word_1_591' title='bbox 823 5684 1074 5761; x_wconf 87' lang='lat' dir='ltr'><strong>inculcandum</strong></span> <span class='ocrx_word' id='word_1_592' title='bbox 1100 5707 1154 5765; x_wconf 88' lang='lat' dir='ltr'><strong>est</strong></span> <span class='ocrx_word' id='word_1_593' title='bbox 1177 5696 1316 5767; x_wconf 86' lang='lat' dir='ltr'><strong>animis.</strong></span> <span class='ocrx_word' id='word_1_594' title='bbox 1391 5696 1471 5767; x_wconf 90' lang='lat' dir='ltr'><strong>Etsi</strong></span> <span class='ocrx_word' id='word_1_595' title='bbox 1494 5699 1588 5766; x_wconf 91' lang='lat' dir='ltr'><strong>enim</strong></span> <span class='ocrx_word' id='word_1_596' title='bbox 1642 5716 1674 5771; x_wconf 92' lang='lat' dir='ltr'><strong>et</strong></span> <span class='ocrx_word' id='word_1_597' title='bbox 1692 5700 1904 5791; x_wconf 86' lang='lat' dir='ltr'><strong>promissum</strong></span> <span class='ocrx_word' id='word_1_598' title='bbox 1922 5724 2053 5790; x_wconf 85' lang='lat' dir='ltr'><strong>semen,</strong></span> <span class='ocrx_word' id='word_1_599' title='bbox 2077 5714 2141 5769; x_wconf 89' lang='lat' dir='ltr'><strong>etc.</strong></span> <span class='ocrx_word' id='word_1_600' title='bbox 2195 5694 2581 5771; x_wconf 76' lang='lat' dir='ltr'><strong>ttafidetustificausst</strong></span> 
     </span>
     <span class='ocr_line' id='line_1_49' title="bbox 598 5787 2579 5895; baseline 0.005 -43"><span class='ocrx_word' id='word_1_601' title='bbox 598 5787 729 5862; x_wconf 88' lang='lat' dir='ltr'><strong>mirum</strong></span> <span class='ocrx_word' id='word_1_602' title='bbox 748 5788 785 5858; x_wconf 94' lang='lat' dir='ltr'><strong>in</strong></span> <span class='ocrx_word' id='word_1_603' title='bbox 801 5797 946 5864; x_wconf 88' lang='lat' dir='ltr'><strong>modum</strong></span> <span class='ocrx_word' id='word_1_604' title='bbox 961 5794 1113 5886; x_wconf 80' lang='lat' dir='ltr'><strong>offendit</strong></span> <span class='ocrx_word' id='word_1_605' title='bbox 1130 5794 1292 5881; x_wconf 83' lang='lat' dir='ltr'><strong>ludaeos,</strong></span> <span class='ocrx_word' id='word_1_606' title='bbox 1316 5792 1414 5883; x_wconf 88' lang='lat' dir='ltr'><strong>haec,</strong></span> <span class='ocrx_word' id='word_1_607' title='bbox 1432 5814 1471 5869; x_wconf 93' lang='lat' dir='ltr'><strong>ut</strong></span> <span class='ocrx_word' id='word_1_608' title='bbox 1488 5800 1588 5868; x_wconf 89' lang='lat' dir='ltr'><strong>vide·</strong></span> <span class='ocrx_word' id='word_1_609' title='bbox 1639 5803 1676 5871; x_wconf 87' lang='lat' dir='ltr'><strong>id</strong></span> <span class='ocrx_word' id='word_1_610' title='bbox 1694 5814 1763 5887; x_wconf 89' lang='lat' dir='ltr'><strong>est,</strong></span> <span class='ocrx_word' id='word_1_611' title='bbox 1788 5803 1919 5893; x_wconf 91' lang='lat' dir='ltr'><strong>placuit</strong></span> <span class='ocrx_word' id='word_1_612' title='bbox 1937 5826 1998 5893; x_wconf 88' lang='lat' dir='ltr'><strong>per</strong></span> <span class='ocrx_word' id='word_1_613' title='bbox 2012 5802 2288 5873; x_wconf 86' lang='lat' dir='ltr'><strong>misericordiam</strong></span> <span class='ocrx_word' id='word_1_614' title='bbox 2306 5802 2429 5895; x_wconf 84' lang='lat' dir='ltr'><strong>gratis,</strong></span> <span class='ocrx_word' id='word_1_615' title='bbox 2453 5820 2514 5867; x_wconf 92' lang='lat' dir='ltr'><strong>non</strong></span> <span class='ocrx_word' id='word_1_616' title='bbox 2527 5809 2579 5881; x_wconf 80' lang='lat' dir='ltr'><strong>prs·</strong></span> 
     </span>
     <span class='ocr_line' id='line_1_50' title="bbox 593 5890 2615 6007; baseline -0.003 -48"><span class='ocrx_word' id='word_1_617' title='bbox 593 5902 672 5976; x_wconf 89' lang='lat' dir='ltr'><strong>tur,</strong></span> <span class='ocrx_word' id='word_1_618' title='bbox 699 5890 888 5967; x_wconf 87' lang='lat' dir='ltr'><strong>immodica</strong></span> <span class='ocrx_word' id='word_1_619' title='bbox 911 5899 1112 5970; x_wconf 86' lang='lat' dir='ltr'><strong>extenuatio</strong></span> <span class='ocrx_word' id='word_1_620' title='bbox 1136 5898 1297 6007; x_wconf 69' lang='lat' dir='ltr'><strong>iusticias</strong></span> <span class='ocrx_word' id='word_1_621' title='bbox 1322 5900 1431 5991; x_wconf 83' lang='lat' dir='ltr'><strong>legis,</strong></span> <span class='ocrx_word' id='word_1_622' title='bbox 1464 5914 1584 5974; x_wconf 90' lang='lat' dir='ltr'><strong>tamen</strong></span> <span class='ocrx_word' id='word_1_623' title='bbox 1638 5918 1717 5997; x_wconf 88' lang='lat' dir='ltr'><strong>pter</strong></span> <span class='ocrx_word' id='word_1_624' title='bbox 1732 5905 1914 5999; x_wconf 88' lang='lat' dir='ltr'><strong>propriam</strong></span> <span class='ocrx_word' id='word_1_625' title='bbox 1929 5906 2147 5997; x_wconf 80' lang='lat' dir='ltr'><strong>dignitatem.</strong></span> <span class='ocrx_word' id='word_1_626' title='bbox 2196 5902 2244 5983; x_wconf 85' lang='lat' dir='ltr'><strong>Et</strong></span> <span class='ocrx_word' id='word_1_627' title='bbox 2259 5902 2296 5975; x_wconf 85' lang='lat' dir='ltr'><strong>icl</strong></span> <span class='ocrx_word' id='word_1_628' title='bbox 2311 5906 2377 5977; x_wconf 86' lang='lat' dir='ltr'><strong>lide</strong></span> <span class='ocrx_word' id='word_1_629' title='bbox 2394 5894 2578 5975; x_wconf 81' lang='lat' dir='ltr'><strong>statuitiurtt</strong></span> <span class='ocrx_word' id='word_1_630' title='bbox 2614 5940 2615 5975; x_wconf 29' lang='lat' dir='ltr'><strong>p</strong></span> 
     </span>
    </p>
   </div>
   <div class='ocr_carea' id='block_1_8' title="bbox 904 5461 1281 5548">
    <p class='ocr_par' dir='ltr' id='par_1_9' title="bbox 904 5461 1281 5548">
     <span class='ocr_line' id='line_1_51' title="bbox 904 5461 1281 5548; baseline 0.021 -23"><span class='ocrx_word' id='word_1_631' title='bbox 904 5461 1038 5526; x_wconf 86' lang='lat' dir='ltr'><strong>Primum</strong></span> <span class='ocrx_word' id='word_1_632' title='bbox 1060 5476 1281 5548; x_wconf 70' lang='lat' dir='ltr'><strong>argumentum.</strong></span> 
     </span>
    </p>
   </div>
   <div class='ocr_carea' id='block_1_9' title="bbox 0 0 2949 6948">
    <p class='ocr_par' dir='ltr' id='par_1_10' title="bbox 0 0 2949 6948">
     <span class='ocr_line' id='line_1_52' title="bbox 0 0 2949 6948; baseline 0 0"><span class='ocrx_word' id='word_1_633' title='bbox 0 0 2949 6948; x_wconf 95' lang='lat' dir='ltr'><strong> </strong></span> 
     </span>
    </p>
   </div>
  </div>
 </body>
</html>
