5825 6950
325 687 395 764 ,aa
790 675 1644 762 uumrarsomrvmo.1oaums.
1708 681 1814 764 car.
1848 687 1912 768 vr.
2278 707 2363 784 -154

324 859 494 936 tuendum
516 868 592 943 est,
625 855 711 952 quia
735 853 935 954 superiores
959 878 1033 926 nou
1055 869 1182 928 curant
1200 855 1316 928 studia
1370 853 1442 928 Dei
1456 875 1610 946 organa,
1636 868 1672 930 et
1685 856 1903 950 existimare,
1929 866 2025 959 qnod
2041 863 2137 940 Deus
2157 873 2262 946 etiam
2284 881 2356 952 uti.

324 979 357 1036 et
374 959 624 1050 disciplinam,
669 980 791 1030 rursus
822 971 1012 1029 secuturas
1035 980 1109 1028 esse
1141 960 1316 1043 tenebras,
1368 958 1458 1028 liora
1483 981 1546 1047 per
1567 981 1626 1029 eos
1648 979 1768 1048 gerere
1793 965 1914 1054 possit.
1972 967 2081 1040 Tales
2110 989 2193 1046 sunt
2222 977 2355 1065 Moses,

325 1087 424 1160 quase
440 1057 512 1132 hos
535 1056 734 1154 cophinos,
758 1059 797 1130 id
812 1073 882 1140 est,
906 1061 1023 1136 studia
1037 1073 1072 1130 et
1089 1061 1314 1150 disciplinam
1366 1057 1503 1146 David,
1529 1073 1563 1130 et
1577 1060 1710 1130 similes
1717 1113 1742 1148 ,.
1758 1065 1820 1157 qui
1836 1071 2072 1156 agnoscebant
2087 1095 2185 1146 suam
2202 1079 2354 1156 iufirmi-

328 1187 438 1240 sursre
454 1159 677 1258 Apostolos,
699 1163 737 1233 id
752 1175 823 1248 est,
848 1162 1101 1252 gubernatores
1117 1165 1314 1256 oportebat.
1367 1175 1492 1246 tatem,
1541 1162 1786 1252 intelligebant
1813 1191 1850 1238 se
1885 1193 2107 1268 nequequam
2137 1201 2257 1269 pares,
2278 1209 2354 1260 esse

1365 1265 1466 1334 oneri
1482 1265 1764 1352 gubernationis,
1791 1281 1826 1340 et
1842 1283 1959 1346 tamen
1975 1291 2119 1369 propter
2132 1286 2353 1361 vocationem

1365 1389 1439 1436 nou
1456 1380 1620 1438 recusant
1635 1369 1901 1442 subiretautam
1925 1377 2073 1463 molem,
2108 1396 2142 1454 et
2167 1379 2259 1458 bano
2282 1389 2353 1462 bde

415 1469 580 1545 Gratum
610 1485 662 1542 est
691 1470 901 1542 miraculum
929 1467 1176 1554 multitudini,
1216 1467 1311 1558 pasci
1364 1468 1558 1554 sustinent,
1592 1485 1773 1559 expectant
1796 1475 1966 1548 auxilium
1986 1502 2007 1549 a
2028 1478 2122 1570 Deo,
2158 1508 2233 1558 non
2255 1489 2352 1562 iudi.

338 1577 471 1648 sioesuo
489 1586 615 1644 sumtu
636 1573 776 1666 aliquo,
801 1586 836 1643 et
851 1568 912 1644 hie
926 1571 982 1644 vir
998 1565 1062 1640 hae
1076 1584 1151 1642 arte
1166 1569 1311 1641 videba—
1350 1577 1444 1640 'cant
1459 1593 1497 1640 se
1515 1569 1588 1640 suis
1609 1571 1764 1642 consiliis
1780 1588 1814 1645 et
1830 1575 1965 1648 viribus
1979 1604 2033 1652 res
2048 1595 2119 1654 tam
2136 1590 2351 1681 periculosas

340 1676 567 1748 tormsximos
583 1675 755 1745 exercitus
769 1697 869 1762 posse
886 1667 1094 1743 contrahere
1115 1687 1151 1743 et
1171 1673 1311 1747 discere.
1362 1694 1483 1760 regere
1497 1695 1607 1765 posse.
1656 1673 1726 1744 Sed
1742 1674 1771 1744 si
1787 1677 1873 1769 quid
1891 1679 2040 1752 feliciter
2062 1703 2207 1776 gerunt,
2232 1696 2349 1770 sciunt

338 1780 399 1851 lleo
417 1780 620 1870 sperabant
643 1777 715 1848 iam
737 1775 839 1846 initia
860 1775 938 1848 tore
960 1777 1035 1844 eius
1056 1773 1196 1865 imperii
1213 1773 1310 1844 Mes-
1361 1796 1399 1844 se
1415 1771 1484 1858 nei
1500 1774 1631 1844 asrxilio
1651 1798 1787 1864 gerere,
1818 1803 1884 1850 nec
1907 1782 2106 1876 despiciunt
2123 1791 2192 1860 alia
2215 1819 2349 1886 organa

334 1884 398 1964 sise,
415 1880 520 1972 quod
538 1879 782 1948 somniabant:
809 1878 889 1948 ideo
907 1890 1136 1967 concurrunt,
1162 1890 1196 1947 et
1213 1872 1310 1947 bunc
1360 1873 1441 1947 Dei.
1492 1874 1612 1946 Moses
1633 1901 1706 1948 non
1722 1881 1870 1970 despicit
1899 1880 2018 1972 losue,
2050 1887 2165 1961 David
2187 1919 2260 1966 non
2284 1902 2348 1972 de·

330 1983 541 2056 damnum
556 2001 674 2070 regem
690 1979 931 2049 renunciaturi
954 1991 1061 2057 sunt,
1085 1991 1121 2050 et
1142 1979 1309 2074 coacturi,
1360 1977 1465 2070 spicit
1481 1973 1673 2062 Ionathan,
1699 1981 1771 2049 imo
1787 1999 2002 2056 venerantur
2017 2011 2095 2072 eos,
2121 2017 2210 2087 quos
2225 2000 2349 2076 vident

331 2083 566 2174 ntimperium
589 2082 756 2171 accipiat,
782 2095 819 2154 et
839 2080 937 2169 regio
952 2079 1097 2151 nomine
1118 2081 1307 2150 exercitum
1360 2080 1476 2150 socios
1496 2101 1569 2150 esse
1590 2081 1681 2152 tanti
1704 2081 1848 2159 laboris,
1906 2083 2064 2160 Humilis
2093 2107 2145 2165 est
2167 2095 2347 2192 louatbss,

331 2189 363 2258 in
374 2186 541 2254 ludaeam
557 2185 684 2266 ducat,
707 2206 772 2253 nec
795 2182 944 2252 dubium
963 2194 1016 2252 est
1032 2182 1069 2249 in
1087 2175 1155 2254 hac
1172 2182 1307 2253 delibe—
1361 2205 1434 2251 non
1449 2181 1584 2272 appetit
1599 2205 1765 2271 regnum,
1791 2210 1871 2255 eum
1887 2189 1983 2262 videt
1997 2214 2034 2262 se
2049 2215 2124 2263 uon
2146 2219 2219 2272 esse
2240 2227 2347 2278 voca·

332 2289 470 2370 ratione,
497 2285 634 2355 multas
648 2280 905 2376 Prophetarum
929 2283 1119 2356 sententias
1136 2286 1180 2354 de
1198 2308 1307 2374 regno
1360 2298 1457 2369 tum,
1482 2284 1542 2352 sed
1559 2284 1668 2355 servit
1683 2286 1834 2358 fideliter
1848 2289 1885 2358 in
1900 2313 1963 2362 sua
1977 2296 2181 2387 vocatione,
2204 2325 2270 2376 nee
2287 2306 2344 2378 in·

333 2389 465 2462 blessise
495 2385 669 2476 allegatas
700 2409 794 2468 esse,
840 2385 942 2457 euius
965 2384 1212 2460 existimabant
1241 2387 1307 2458 ali·
1360 2385 1457 2456 videt
1479 2381 1631 2471 Davidi,
1664 2411 1770 2480 quem
1795 2389 1892 2464 videt
1913 2395 2138 2486 antecellere,
2164 2417 2198 2474 et
2219 2409 2262 2477 ad
2288 2433 2345 2480 re·

342 2493 456 2584 quaodo
475 2489 567 2561 talia
590 2488 691 2558 initis
712 2488 809 2572 sore,
840 2489 902 2559 sed
918 2481 1081 2558 Christus
1097 2512 1228 2558 novum
1245 2514 1307 2580 pe-
1358 2511 1468 2577 gnnm
1484 2501 1645 2560 vocatum
1663 2511 1757 2577 esse,
1780 2514 1818 2561 se
1841 2516 2044 2588 quanquam
2070 2500 2143 2572 filio
2167 2509 2258 2596 regis
2282 2534 2344 2581 ex.

341 2590 578 2684 simlumlngit
598 2613 689 2659 nova
712 2590 862 2661 ratione.
918 2588 1034 2659 Antea
1058 2605 1243 2662 secesserat
1265 2615 1304 2662 ex
1359 2590 1469 2665 closo.
1521 2585 1617 2660 Haec
1631 2591 1699 2663 fuit
1714 2615 1838 2682 magna
1854 2610 1887 2664 et
1905 2599 2077 2669 excellens
2099 2605 2212 2676 virtus
2228 2609 2265 2680 in
2281 2609 2342 2682 lo-

332 2695 484 2773 orbibus,
509 2693 652 2781 lugiens
667 2689 865 2773 Herodem,
890 2713 987 2762 nunc
1006 2692 1095 2782 fugit
1111 2717 1153 2762 ex
1167 2694 1305 2764 deserto
1359 2687 1486 2771 natha,
1522 2692 1672 2785 obsequi
1703 2694 1878 2766 voluntati
1902 2697 1990 2783 Dei,
2027 2715 2059 2772 et
2090 2707 2266 2780 volentem
2297 2716 2343 2786 de

326 2797 358 2864 iu
380 2797 507 2878 urbes,
548 2795 613 2864 ubi
637 2793 770 2864 sciebat
797 2793 928 2884 populo
952 2817 1025 2863 uon
1051 2795 1198 2864 concedi
1219 2796 1306 2866 tales
1358 2789 1572 2864 haereditate
1587 2795 1706 2884 regui,
1731 2821 1821 2890 quae
1844 2799 1911 2890 ipsi
1926 2803 2045 2872 debita
2061 2806 2265 2900 videbatur,
2289 2816 2343 2884 al.

325 2920 526 2980 teneuram,
551 2909 614 2968 aut
630 2895 724 2966 ullos
742 2917 919 2966 sermones
935 2897 979 2964 de
995 2919 1088 2965 novo
1106 2919 1197 2984 rege.
1358 2897 1423 2967 teri
1454 2897 1588 2966 cedere.
1657 2893 1760 2967 Hanc
1789 2923 1909 2970 veram
1934 2897 2170 2978 bumilitatem
2201 2914 2342 3003 ignorat

411 3001 494 3070 Cur
509 3009 627 3067 autem
642 3011 779 3068 recusat
797 2996 952 3085 recipere
976 2998 1148 3086 regnum?
1179 2999 1304 3089 Depo·
1356 2999 1532 3080 mundus,
1557 3021 1647 3090 quae
1669 3023 1735 3070 neo
1757 3003 1889 3090 appetit
1910 3005 1978 3076 alia
1994 3021 2088 3078 extra
2110 3018 2342 3108 vocationem,

322 3115 445 3174 nsotur
463 3100 548 3169 illae
567 3098 721 3168 insulsae
739 3099 987 3188 cogitationes,
1013 3101 1108 3191 quod
1126 3099 1172 3170 sit
1189 3101 1303 3170 virtus
1356 3113 1391 3170 et
1417 3099 1596 3171 vocationi
1620 3103 1839 3192 obtemperat
1867 3105 1947 3176 fide.
2005 3105 2070 3179 Est
2093 3113 2200 3199 igitur
2227 3120 2378 3190 virtus·

320 3207 433 3276 risere
450 3202 491 3272 in
506 3199 671 3289 miseriis,
696 3201 817 3288 fugere
832 3223 916 3290 opes
932 3215 967 3272 et
982 3201 1188 3291 potentiam,
1213 3202 1303 3272 sicut
1356 3201 1472 3269 media
1489 3202 1582 3270 inter
1596 3195 1682 3271 haer
1703 3218 1875 3291 extrema,
1899 3207 1995 3278 inter
2009 3209 2208 3304 ignaviam,
2233 3233 2268 3292 et
2282 3245 2341 3292 ar.

320 3299 488 3376 blouaebi
512 3303 652 3391 fingunt
676 3325 757 3372 suas
778 3302 930 3371 latebras
948 3315 982 3372 et
997 3304 1118 3371 sordes
1136 3323 1209 3372 esse
1225 3327 1301 3372 ma·
1349 3303 1551 3392 -rogantiam
1570 3324 1630 3370 seu
1646 3305 1860 3391 superbiam.
2147 3327 2152 3335 ’

316 3431 415 3499 gnam
434 3406 625 3489 virtutem,
650 3415 686 3475 et
705 3404 840 3475 cultum
864 3400 951 3487 Dei,
975 3405 1037 3472 sed
1059 3405 1194 3475 vocatio
1220 3427 1298 3496 spe·
1455 3400 1601 3493 ignavia
1618 3417 1669 3475 est
1684 3405 1835 3476 desertio
1859 3407 2069 3499 vocationis,
2095 3430 2156 3491 sut
2173 3443 2213 3490 es
2228 3421 2340 3497 simu·

317 3524 436 3584 stetur.
497 3504 631 3577 Missus
660 3519 712 3577 est
733 3501 918 3589 Christus,
955 3518 1093 3576 tautum
1116 3520 1159 3579 ut
1180 3509 1301 3578 doceat
1354 3503 1460 3575 latioe
1490 3518 1524 3575 et
1549 3506 1800 3596 superstitione
1822 3523 1986 3603 appetere
2009 3520 2148 3607 sordes,
2189 3538 2230 3594 ut
2254 3524 2338 3598 Mo·

315 3608 570 3703 Evangelium,
593 3622 628 3679 et
642 3609 702 3679 bat
725 3607 867 3678 vittima
891 3630 956 3701 pro
977 3602 1137 3679 hnmano
1162 3632 1300 3701 genere,
1355 3602 1460 3677 nachi
1476 3608 1624 3679 faciunt.
1656 3606 1808 3681 Econtra
1826 3613 2039 3703 Arrogantia
2057 3633 2108 3690 est
2125 3624 2257 3697 malora
2275 3653 2339 3699 vo·

316 3738 383 3785 uon
396 3727 437 3785 ut
451 3724 602 3801 occupet
615 3710 806 3809 imperium
827 3712 1062 3781 mundanum.
1113 3708 1206 3782 Huic
1219 3735 1302 3782 snae
1353 3710 1493 3780 ratione
1509 3710 1578 3779 sibi
1601 3733 1758 3797 sumere,
1784 3714 1869 3783 item
1885 3716 2062 3789 confidere
2077 3726 2230 3813 propriis
2248 3730 2338 3799 viri·

320 3814 492 3887 somtioni
508 3814 746 3900 obtemperat,
778 3824 811 3883 et
834 3824 981 3906 propter
1005 3807 1096 3882 hanc
1120 3837 1194 3884 non
1219 3836 1300 3903 per·
1352 3813 1438 3893 bris,
1472 3827 1506 3884 et
1528 3812 1596 3881 alia
1623 3834 1753 3901 organa
1774 3812 1843 3883 Dei
1865 3817 2058 3911 despicere,
2094 3826 2148 3891 vel
2171 3828 2220 3895 eis
2244 3828 2338 3900 invi·

316 3917 418 3988 mittit
434 3939 475 3986 se
493 3914 697 3983 renuntiari
717 3936 849 4003 regem.
902 3910 1049 3984 Interim
1064 3915 1248 4005 profitetur
1263 3938 1300 3983 se
1352 3916 1456 3997 dere,
1496 3929 1536 3985 ut
1569 3914 1683 4003 Cain,
1723 3912 1889 4004 Goliath,
1928 3918 2033 4003 Saul,
2067 3918 2268 4017 Antonius,
2302 3946 2350 4006 et.

314 4019 423 4089 multo
447 4016 565 4086 maius
586 4015 740 4085 olbcinm
763 4036 902 4105 gerere,
935 4038 1041 4108 qsram
1066 4016 1219 4105 regium,
1244 4017 1298 4084 vi·
1336 4015 1504 4095 ‚maxima
1520 4038 1599 4104 pars
1616 4012 1815 4089 hominum.

314 4122 439 4191 delicet
461 4142 499 4188 se
514 4140 588 4188 esse
608 4119 766 4188 datorem
791 4118 950 4188 iusticias
965 4131 1000 4188 et
1015 4118 1107 4189 vitae
1126 4131 1299 4204 aeternae,
1455 4115 1580 4188 Gloria
1605 4132 1657 4189 est
1678 4142 1759 4188 vera
1781 4122 1990 4212 appmbatio
2010 4130 2245 4221 copscientlae
2270 4159 2337 4208 no-

313 4238 347 4294 ut
365 4222 471 4295 toties
486 4234 568 4291 ante
583 4218 669 4290 disi.
708 4216 805 4288 Haec
821 4232 896 4289 erat
910 4218 1023 4288 multo
1041 4219 1155 4290 maior
1166 4220 1300 4309 gloria·
1351 4231 1461 4304 strae,
1481 4234 1515 4291 et
1537 4217 1777 4290 testimouium
1803 4222 1955 4294 aliorum
1977 4242 2068 4299 recte
2090 4232 2337 4324 iudicantium,

314 4329 378 4409 tio,
404 4346 514 4418 quam
538 4322 569 4389 si
592 4342 708 4409 regem
732 4343 769 4389 se
790 4318 967 4411 professus
990 4335 1097 4400 esset,
1119 4322 1297 4392 autetiam
1350 4321 1396 4390 de
1412 4316 1569 4390 honestis
1584 4323 1695 4394 saetis.
1730 4321 1845 4394 Multa
1864 4339 1980 4395 autem
1996 4333 2239 4420 complectitur
2253 4362 2336 4411 vera

312 4448 460 4518 regnum
481 4422 770 4493 administrasset
822 4418 1008 4495 Diseamus
1023 4422 1132 4512 igitur
1146 4424 1233 4515 quid
1252 4424 1298 4495 sit
1351 4423 1558 4512 approbatio
1574 4436 1715 4493 nostrae
1729 4426 1975 4500 conscientiae.
2015 4430 2228 4504 'l'uucenim
2248 4463 2335 4509 eon.

312 4532 445 4614 virtus,
478 4547 570 4619 quae
590 4535 738 4593 vocatur
761 4518 964 4605 humilitas,
1007 4537 1042 4593 et
1065 4548 1187 4595 rursus
1210 4526 1297 4619 quid
1350 4524 1496 4593 scientis
1514 4547 1594 4593 vere
1609 4526 1760 4610 iudicat,
1787 4550 1867 4597 cum
1886 4533 2042 4620 agnoseit
2062 4556 2159 4604 suam
2183 4538 2335 4609 infirmi-

312 4633 356 4703 sit
375 4629 511 4719 gloria,
549 4640 585 4698 et
604 4625 785 4719 quomodo
808 4627 856 4697 sit
878 4624 1067 4717 fugienda,
1106 4639 1167 4698 aut
1189 4650 1298 4719 appe·
1350 4639 1475 4705 tatem,
1507 4626 1606 4697 timet
1629 4624 1765 4711 Deum,
1799 4642 1971 4700 ettamen
1996 4609 2172 4706 vocationi
2196 4642 2334 4712 obtem.

313 4736 427 4805 teng„
806 4803 810 4810 ι
1349 4741 1450 4818 perat
1465 4728 1553 4807 fide,
1576 4742 1610 4797 et
1624 4730 1714 4817 gerit
1728 4752 1786 4811 ea,
1812 4753 1901 4822 quae
1917 4735 2069 4821 postulat
2084 4741 2232 4827 vocatio,
2258 4766 2333 4813 nott

410 4829 609 4904 Humilitas
632 4841 684 4899 est
706 4850 788 4898 vere
810 4826 934 4899 timere
952 4825 1087 4913 Deum,
1130 4844 1166 4901 et
1187 4851 1298 4920 agno·
1349 4829 1484 4919 appetit
1500 4828 1588 4913 alia,
1611 4844 1645 4899 et
1666 4832 1823 4918 agnoscit
1843 4854 1879 4901 se
1901 4835 2014 4903 iuvari
2037 4834 2168 4926 aDeo,
2195 4844 2244 4915 sic
2257 4845 2333 4934 glo-

314 4960 403 5009 scere
416 4938 600 5027 propriam
616 4930 869 5015 infirmitatem,
891 4945 1056 5002 ettamen
1073 4932 1110 5001 in
1127 4932 1297 5006 fideobe-
1349 4932 1489 5000 riantur
1518 4929 1684 5015 Samuel,
1720 4930 1855 5012 David,
1899 4932 2048 5023 Paulus,
2086 4940 2122 5011 id
2146 4958 2216 5024 est,
2250 4970 2331 5027 vera

319 5040 386 5109 dire
400 5035 583 5111 vocationi
595 5030 683 5113 Dei,
709 5046 743 5103 et
758 5046 940 5124 expectare
955 5034 999 5103 ab
1024 5036 1100 5124 ipso
1123 5034 1301 5105 auxilinm¹
1348 5030 1550 5104 testimonia
1566 5028 1696 5103 habent
1713 5034 1967 5122 eonscientiae,
1992 5042 2108 5113 sciunt
2132 5066 2169 5114 se
2184 5070 2257 5115 non
2272 5070 2330 5117 ra-

322 5154 353 5209 et
364 5138 674 5230 gubernationem,
699 5158 765 5205 uec
779 5149 944 5225 appetere
958 5158 1017 5218 ea,
1042 5136 1089 5205 sd
1103 5158 1193 5227 quae
1200 5130 1297 5205 Deus
1350 5132 1467 5221 puisse
1483 5134 1762 5218 dominationes,
1788 5139 1847 5205 sed
1862 5142 2038 5210 vocationi
2053 5144 2268 5226 obedivisse,
2294 5162 2329 5219 et

317 5266 384 5313 noo
396 5254 520 5324 sooat,
547 5261 614 5309 nee
626 5236 701 5307 beri
717 5237 962 5319 audaciorem,
987 5237 1087 5329 qussi
1105 5250 1224 5307 nostra
1240 5258 1298 5307 ss-
1348 5258 1423 5304 non
1437 5234 1618 5309 miscuisse
1633 5237 1786 5327 privatas
1806 5240 2033 5328 cupiditates,
2058 5258 2092 5315 et
2113 5268 2202 5338 quse
2217 5247 2329 5319 felici-

316 5346 463 5437 pieotia,
487 5340 621 5413 nostris
642 5338 797 5424 viribus,
821 5360 876 5410 res
899 5358 1042 5425 magnas
1066 5351 1102 5410 et
1126 5339 1296 5409 salutares
1348 5350 1404 5406 ter
1424 5350 1624 5425 gesserunt,
1647 5335 1760 5407 aDeo
1778 5340 1971 5429 gubernata
1992 5368 2076 5415 esse.
2135 5344 2230 5417 Haec
2250 5350 2328 5439 glo.

315 5470 491 5537 gmmus,
512 5444 576 5515 sed
592 5464 675 5515 vere
696 5452 868 5524 statuere,
891 5441 988 5533 qnod
1007 5437 1084 5511 Deo
1104 5442 1296 5511 adiuvante
1347 5438 1421 5520 ria,
1446 5437 1486 5507 id
1502 5451 1572 5523 est,
1597 5434 1664 5508 hoc
1686 5441 1928 5512 testimonium
1949 5448 2184 5535 conscientiae
2200 5464 2251 5523 est
2265 5474 2328 5543 sp·

317 5574 367 5619 res
391 5550 499 5621 utiles
528 5564 708 5635 geramus,
745 5564 933 5631 agnoscere
955 5554 990 5614 et
1010 5543 1158 5613 modum
1181 5540 1296 5612 nostri
1347 5540 1550 5631 petendum.
1602 5538 1695 5627 Quia
1711 5540 1807 5613 Deus
1821 5544 1897 5615 vult
1919 5567 1984 5615 nos
1998 5548 2117 5619 vivere
2132 5550 2226 5626 bona
2242 5576 2330 5622 oon·

318 5654 419 5731 doni,
445 5674 514 5723 nec
529 5646 708 5738 despicere
720 5642 791 5715 alia
812 5643 990 5734 membra,
1016 5666 1080 5734 pes
1095 5666 1186 5738 quae
1197 5641 1296 5716 Deus
1347 5640 1504 5712 seientia.
1557 5637 1634 5710 lmo
1649 5642 1784 5731 polluta
1803 5644 2011 5719 conscientia
2028 5674 2103 5719 uon
2119 5665 2231 5743 potest
2247 5676 2327 5723 eum

320 5770 365 5827 est
378 5754 518 5834 elbcar,
541 5750 603 5819 sed
621 5746 739 5839 potius
760 5759 898 5836 petere,
931 5758 973 5815 ut
985 5742 1083 5817 Deus
1097 5746 1203 5817 etiam
1217 5768 1296 5814 cae-
1346 5742 1523 5812 invocsre.
1572 5739 1643 5813 Sed
1660 5756 1777 5813 tamen
1795 5766 1869 5813 non
1885 5750 2104 5820 confidamus
2117 5774 2182 5821 uos
2199 5748 2329 5823 babere

319 5870 407 5931 seros
428 5856 591 5933 adiuvet,
626 5864 663 5921 et
682 5848 767 5921 illos
787 5842 924 5921 bonore
944 5846 1101 5937 allicere,
1125 5861 1297 5941 tauquam
1346 5842 1792 6020 reconcilistiouemoppud
1805 5842 1951 5935 Deum,
1973 5865 2120 5945 propter
2142 5848 2210 5925 boe
2229 5854 2328 5929 testi.

505 1327 664 1406 Secessit
683 1331 723 1402 in
743 1339 899 1402 montem
920 1328 995 1430 ipse
1014 1325 1131 1407 solus.
