5825 6950
309 698 401 775 taes
606 696 709 773 Xlll.
763 697 800 773 5.
826 692 1198 775 ARGUMENTUM
1222 696 1380 775 EPIST.
1408 693 1556 773 eoum
1585 694 1653 773 AD
1677 692 2037 774 PHILIPPENSES.
2243 700 2342 775 taes

309 870 506 943 Transtulit
530 870 638 960 igitur
660 867 792 941 Paulos
816 872 966 942 verbum
984 869 1154 942 usitatum
1179 893 1296 940 sacer·
1345 865 1501 941 Ecclesia
1525 866 1615 940 mibi
1636 868 1910 943 communicavit
1933 838 2035 941 iuxta¹
2059 870 2232 943 rationem
2255 866 2341 941 Dati

307 974 445 1043 dotibus
466 974 512 1042 sd
530 996 718 1044 aerumnas
735 976 960 1059 docentium,
996 996 1087 1066 qrsos
1107 974 1295 1065 praecipue
1345 986 1379 1043 et
1400 970 1546 1063 decepti
1553 1024 1566 1057 ,
1603 974 1673 1042 nisi
1697 995 1761 1043 vos
1783 971 1861 1041 soli.
1929 970 2112 1064 Significat
2138 974 2248 1071 igitur
2273 998 2338 1065 pro

305 1086 438 1165 oportet
469 1090 612 1165 paratos
640 1096 716 1145 esse
747 1079 792 1143 ad
826 1099 950 1145 omnes
978 1080 1117 1157 rasus,¹
1143 1080 1178 1146 e't
1207 1075 1295 1145 scite
1344 1075 1602 1147 datadoctrina
1620 1076 1776 1145 vicissim
1792 1072 1929 1143 dandas
1945 1096 2018 1145 esse
2034 1080 2229 1161 mercedes,
2246 1076 2338 1145 sicut

301 1190 486 1269 utramque
507 1176 694 1247 fortunam
717 1190 812 1247 reete
834 1177 944 1261 ferre,
983 1176 1294 1246 non'iosolescere
1344 1176 1568 1245 verissimum
1591 1191 1653 1247 est.
1719 1176 1813 1246 Cum
1835 1192 1952 1246 autem
1974 1200 2086 1246 venae
2108 1178 2186 1248 ariri
2210 1178 2248 1247 in
2272 1177 2348 1247 illot

304 1279 339 1347 in
360 1279 467 1347 rebus
489 1278 680 1362 setimdis,
724 1300 791 1349 nee
814 1277 965 1371 propter
979 1281 1145 1348 adversas
1167 1301 1188 1350 a
1214 1273 1293 1347 Deo
1343 1277 1421 1347 loro
1447 1278 1599 1365 luerint,
1648 1289 1925 1349 consentaneum
1950 1292 2018 1364 est,
2059 1278 2191 1351 multos
2215 1278 2336 1363 fuisse,

306 1378 461 1452 delicere.
520 1377 600 1449 Hor
623 1381 735 1450 robur
756 1382 796 1449 in
818 1380 1031 1450 docentibus
1053 1380 1234 1470 postulant
1258 1392 1293 1449 et
1342 1380 1404 1473 qui
1427 1392 1463 1448 et
1485 1396 1587 1475 antea
1614 1380 1721 1453 idolis
1741 1379 1852 1450 multa
1876 1380 2105 1467 dedicarunt,
2137 1380 2187 1453 ita
2214 1396 2335 1473 postea

306 1478 421 1573 Moysi
446 1480 562 1571 dieta,
597 1482 637 1550 in
664 1482 966 1571 descriptionibus
998 1482 1158 1552 tribuum
1188 1480 1292 1554 Dent.
1342 1505 1422 1550 curn
1445 1482 1619 1556 illuxisset
1643 1484 1694 1552 eis
1718 1505 1800 1551 vera
1817 1484 1862 1551 de
1880 1476 1957 1552 Deo
1980 1496 2014 1555 et
2030 1484 2079 1553 de
2095 1478 2334 1576 Redemptore

306 1581 383 1655 aa:
410 1583 475 1674 qui
497 1582 588 1653 dixit
606 1585 698 1673 patri
715 1606 780 1655 suo
796 1595 831 1652 et
847 1584 953 1654 matri
967 1606 1069 1669 suae,
1095 1582 1212 1654 nescio
1229 1605 1293 1652 vos
1342 1582 1523 1667 doctrina,
1555 1585 1748 1656 contulisse
1771 1583 1908 1678 aliquid
1932 1584 1976 1653 ad
2001 1584 2198 1656 iuvandum
2223 1584 2334 1654 mini·

306 1698 365 1756 ete.
415 1680 465 1751 Hi
498 1686 705 1757 custodiunt
738 1684 922 1779 eloquium
958 1700 1060 1756 tuum
1088 1698 1122 1754 et
1149 1698 1290 1776 paetum
1341 1686 1487 1755 sterium
1515 1682 1715 1780 Evangelii.

304 1800 402 1855 tuum
418 1800 483 1856 ete.
537 1787 596 1856 Ad
613 1786 696 1858 talia
713 1800 896 1878 praerepta
912 1786 1076 1877 congruit
1090 1786 1289 1879 exemplum

307 1884 403 1955 Pauli
426 1882 600 1999 hocloco
623 1890 858 1981 mmmm„
1333 1888 1338 1897 ·
1407 1888 1412 1896 ·
1441 1852 1537 1927 Usus·
1551 1872 1602 1929 est
1618 1854 1749 1929 Paulus
1765 1851 1824 1927 bie
1842 1854 1953 1928 verbo
1970 1852 2115 1951 ἀπέχω,
2142 1858 2237 1953 quod
2261 1858 2331 1929 luit

1340 1958 1511 2030 usitatum
1538 1958 1575 2029 in
1601 1960 1861 2043 contractibus,
1899 1960 1962 2031 ubi
1987 1961 2165 2032 fatebitur
2185 1962 2234 2043 is,
2268 1960 2332 2055 qui

1341 2060 1503 2131 debitum
1517 2075 1713 2152 acceparat,
1745 2084 1781 2131 se
1795 2060 1986 2153 recepisse,
2005 2057 2167 2155 rine‘xso,
2198 2062 2237 2133 id
2260 2076 2331 2145 est,

1341 2162 1461 2283 recepi!
1496 2164 1715 2253 persolutum
1755 2163 1935 2248 debitum,
1978 2169 2075 2235 unde
2109 2179 2163 2237 est
2195 2186 2330 2235 nomen

1339 2286 1460 2357 αποχη
1486 2288 1550 2357 pro
1576 2263 1779 2337 testimonio
1806 2264 1942 2356 accepti
1975 2265 2099 2342 debiti.

401 2091 637 2187 Posteaquam
660 2108 778 2167 autem
794 2094 1031 2187 suspicionem
1048 2092 1219 2163 avaritiae
1233 2116 1289 2163 re·

308 2193 449 2279 butarii,
482 2198 613 2267 deinde
636 2208 777 2281 narrat,
811 2221 848 2267 se
869 2211 968 2288 grato
991 2196 1112 2266 animo
1133 2195 1292 2288 accipere

307 2318 450 2380 munus,
484 2309 520 2367 et
542 2297 664 2371 laudat
696 2313 848 2371 veterem
877 2324 1000 2370 eorum
1031 2297 1291 2384 liberalitatem,

308 2397 386 2491 quia
408 2412 442 2467 et
466 2410 569 2469 anteo
592 2416 757 2493 expertus
778 2402 825 2473 sil
845 2425 969 2472 eorum
992 2400 1290 2481 benevolentiam,

308 2501 349 2569 de
365 2522 432 2591 qua
450 2513 572 2571 tamen
588 2503 636 2573 iu
654 2502 831 2596 loquitur,
855 2518 897 2575 ut
909 2503 1100 2595 signifieat,
1127 2502 1290 2575 docenti·

308 2601 370 2669 bus
390 2604 588 2673 mercedem
609 2605 750 2689 deberi,
773 2606 865 2678 sieut
885 2619 921 2678 et
940 2606 1028 2676 alibi
1049 2603 1166 2701 inquit
1180 2600 1288 2676 Rom.

311 2698 380 2777 lb:
409 2702 590 2776 debitores
614 2706 700 2801 ipsis
724 2721 818 2784 sunt.
869 2705 921 2780 lte
948 2702 1008 2780 bic
1030 2705 1164 2803 iuquit:
1189 2704 1289 2781 nullo
1711 2708 1808 2804 θεῷ
1842 2698 1967 2791 δόξα.

1438 2432 1537 2505 Haec
1560 2436 1599 2506 io
1622 2436 1822 2527 argumenti
1848 2435 2056 2511 recitatione
2078 2436 2175 2523 disi,
2201 2448 2241 2509 ut
2262 2458 2328 2529 po-

1338 2550 1411 2609 stea
1429 2537 1584 2629 insignes
1598 2539 1765 2611 materiae
1779 2536 1989 2629 diligentius
2004 2540 2251 2615 observantor.
