5825 6950
558 653 635 745 sss
946 685 950 698 ·
1058 652 1075 697 ··
1144 656 1274 732 euro.
1298 652 1419 731 nan.
1446 632 1660 730 scotera
1684 640 1986 731 exscertus.
2098 695 2104 706 -
2513 656 2585 735 sse

631 846 637 856 '
702 821 930 907 Dc'iusticia
953 829 1044 932 poia
1067 824 1124 901 ad
1138 807 1281 928 patrem
1305 822 1424 901 vadu-
1445 818 1463 842 ”
1530 836 1535 856 ’
1602 812 1782 908 eximitis,
1823 842 1882 898 aut
1913 824 2125 925 mnndiriem
2155 808 2333 930 dostram,
2364 818 2586 929 execrantur,
2640 834 2641 857 ¹

664 954 744 1059 Iloc
773 988 977 1057 membrum
1005 955 1129 1054 multis
1149 958 1552 1072 interpretibusobscu-
1597 943 1769 1099 ''³3¹3un
1792 931 2027 1051 ‘limpidam
2049 931 2226 1047 b⁰w⁰i⁰
2246 944 2407 1047 'nmini
2428 942 2469 999 ‘l
2487 932 2587 1001 ‘hm'

1604 1056 1624 1121 p
1640 1055 1720 1101 snae
1757 1045 1975 1115 arationem,
2001 1046 2041 1101 ut
2056 1046 2248 1101 certamina
2267 1029 2370 1101 Panic
2387 1032 2587 1117 ostendunt,

584 1094 596 1115 ⁹
686 1091 695 1109 '
851 1136 862 1158 .
1101 1077 1552 1152 cimbaecnovdefini-
1908 1116 1910 1125 .
2042 1134 2050 1148 ,
2385 1133 2393 1151 .

563 1085 1204 1275 lilil'icisliiibleiliustliilaaisdilranest
1227 1105 1407 1263 transituri¹
1417 1175 1552 1251 Christi
1597 1156 1690 1233 ΨΜ
1713 1134 1744 1201 ‘l
1769 1155 1850 1203 ‘⁰¹¹¹
1873 1123 2119 1203 d'ff‘mfll’m
2142 1147 2305 1202 ‘⁰⁵⁰²'st
2326 1134 2413 1220 ¹²8³
2434 1136 2589 1219 suerum.

587 1301 609 1365 d
774 1294 793 1341 ,
843 1290 874 1361 L
964 1301 970 1311 ,
1031 1290 1042 1304 .
1118 1286 1144 1354 ,.
1216 1286 1229 1354 l
1289 1283 1298 1303 .
1378 1280 1388 1300 .
1452 1283 1460 1299 .
1524 1282 1553 1338 ..-
1602 1250 1635 1305 et
1664 1237 1853 1305 extiterunt
1885 1248 2004 1341 nostra
2033 1248 2145 1305 aetate
2168 1236 2298 1305 similia
2320 1236 2519 1303 certamina
2540 1236 2591 1303 in·
2640 1228 2641 1233 ’

565 1324 584 1367 a
631 1311 786 1386 patrem.
875 1303 1201 1381 ongeenrmsrter
1232 1298 1533 1381 exrnqurt,rust1
1597 1337 1747 1428 gemit„

564 1399 655 1467 ciam
681 1396 838 1465 nostrac'n
860 1415 932 1462 esse
948 1385 1185 1460 obedientiam
1203 1388 1298 1457 iu'xta
1313 1384 1432 1456 omnia
1450 1396 1553 1475 prae·-
1613 1439 1616 1447 ,

1597 1468 1602 1481 ,
1649 1456 1655 1477 l

1652 1520 1715 1593 De
1740 1518 1895 1609 iudicio,
1923 1522 2019 1623 quia
2041 1518 2368 1623 princepsanundi
2390 1522 2472 1595 iam
2498 1519 2591 1593 iudi-

551 1487 678 1591 ‘ceptai
705 1567 710 1577 ,
724 1494 796 1573 Sed
807 1494 885 1569 ‚dixi
898 1516 1023 1592 supra,
1047 1492 1091 1560 iis
1105 1477 1347 1585 qsri'iguor'a'nt
1362 1479 1551 1585 discrimen

550 1600 653 1691 ‘legis
682 1591 716 1668 et
732 1595 942 1694 Evangelii,
975 1588 1072 1662 hcine
1099 1594 1217 1662 locum
1250 1612 1362 1660 meras
1391 1584 1554 1660 tenebra's

557 1692 650 1772 ¹esse.
705 1696 775 1769 Se'd
798 1711 890 1767 recte
910 1695 1065 1765 instituti
1084 1695 1121 1761 in
1138 1687 1554 1782 Evangeliointelligunt
1599 1766 1620 1781 ,1
1670 1752 1694 1787 .„
1837 1763 1840 1775 ,
2081 1770 2084 1782 ‚
2209 1760 2248 1786 ,Ι

555 1796 828 1898 'quiddicatnr‘
872 1793 1012 1880 'Verum
1038 1802 1088 1865 e'st
1106 1797 1190 1885 legis
1204 1796 1379 1865 iusticiam
1398 1799 1553 1861 esse'no·
1704 1795 1846 1867 Priores
1867 1799 1958 1867 duae
1982 1810 2098 1889 partes
2116 1785 2401 1889 complectuntur
2416 1820 2590 1869 summam

567 1921 655 1975 stras
675 1902 854 1991 virtutes,
888 1898 1261 1992 sed‘iusticia,.qnae
1288 1897 1325 1964 in
1357 1892 1553 1981 Evangelio
1601 1900 1789 1971 doctrinae
1817 1900 1861 1967 de
1891 1913 2031 1990 peccato
2059 1914 2092 1995 et
2121 1902 2164 1969 de
2193 1899 2350 1989 iusticia,
2384 1903 2429 1966 de
2453 1902 2592 1987 ignom.

567 1999 741 2086 donatur,
775 2017 827 2072 est
849 1996 983 2071 Christi
1007 1998 1176 2069 transitus
1197 2013 1231 2068 et
1251 2019 1409 2087 reguum.
1462 1994 1551 2066 Nam
1603 2002 1702 2085 tione
1730 1996 1814 2085 Dei,
1848 2003 1892 2069 de
1921 2002 2171 2089 incredulitate
2200 2001 2357 2091 fugiente
2380 1998 2525 2085 Deum,
2556 2006 2592 2069 de
2642 2030 2643 2089 ι

566 2100 713 2210 propter
733 2105 940 2184 transitum,
971 2102 1094 2185 idest,
1124 2112 1270 2173 mortem
1284 2095 1439 2186 Christi,
1465 2100 1553 2166 dan·
1604 2106 1673 2175 lide
1694 2084 2593 2199 inChristummediatorem„crucifixum,'resus-

566 2230 627 2282 tnr
656 2206 760 2275 nobis
782 2206 942 2273 remissio
968 2216 1208 2293 peccatorum,
1241 2215 1274 2270 et
1299 2198 1554 2271 reconciliatio:
1604 2206 1770 2291 citatum,
1801 2205 1980 2275 sedentem
2012 2206 2056 2273 ad
2079 2206 2237 2274 dextram
2263 2204 2391 2295 patris,
2423 2204 2593 2293 interpel-
2642 2222 2643 2285 ζ

568 2336 629 2383 seu
654 2306 822 2380 transitus
846 2324 880 2377 et
904 2330 999 2374 mors
1014 2300 1149 2375 Christi
1170 2309 1352 2373 donantur
1366 2301 1492 2387 nobis,
1517 2318 1556 2371 ut
1602 2308 1735 2399 ¹tantem
1751 2330 1814 2399 pro
1832 2306 1956 2391 nobis,
1982 2308 2024 2375 de
2039 2308 2317 2399 gubernatione,
2344 2330 2413 2397 qua
2431 2302 2593 2380 Christus

558 2419 713 2505 ¹propter
736 2404 804 2479 hoc
829 2398 1038 2477 sacrificium
1063 2408 1171 2474 simus
1195 2404 1338 2497 accepti.
1402 2398 1450 2473 Et
1472 2404 1555 2501 quia
1604 2410 1730 2479 sedens
1750 2410 1793 2479 ad
1817 2412 1973 2477 dextram
1998 2410 2128 2498 patris,
2155 2410 2215 2479 dat
2231 2406 2403 2497 Spiritum
2419 2424 2591 2486 sanctum,

566 2512 732 2586 Christus
760 2511 856 2579 sedet
888 2510 932 2578 ad
960 2510 1115 2577 dextram
1140 2508 1266 2597 patris,
1296 2520 1331 2577 et
1354 2505 1556 2596 interpellat
1606 2510 1731 2581 excitat
1766 2510 1947 2580 ministros
1977 2504 2182 2605 Evangelii,
2222 2508 2357 2595 colligit
2388 2504 2593 2591 Ecclesiam,

567 2611 775 2711 pronubis,
801 2632 921 2681 sumus
938 2606 1134 2679 haereditas
1151 2603 1303 2688 Christi,
1329 2622 1363 2677 et
1378 2610 1558 2676 donamur
1606 2614 1723 2682 incoat
1752 2610 1791 2679 in
1819 2634 1858 2681 ea
1880 2634 2010 2679 novam
2035 2612 2169 2696 lucem,
2200 2610 2396 2689 iusticiam,
2429 2626 2460 2680 et
2484 2612 2588 2678 vitam

568 2707 708 2811 Spiritu
737 2727 878 2795 sancto,
914 2726 1055 2780 aeterna
1086 2710 1222 2780 iusticia
1254 2724 1288 2782 et
1310 2710 1393 2783 vita.
1460 2706 1557 2779 Haec
1606 2727 1794 2783 aeternam.
1848 2709 1944 2781 Haec
1959 2726 2011 2781 est
2029 2736 2165 2783 summa
2181 2708 2389 2815 Evangelii,
2411 2736 2515 2803 quarn
2535 2710 2593 2779 di·

569 2815 829 2909 simplicissima
853 2813 1097 2904 interpretatio
1121 2837 1202 2882 vera
1227 2826 1261 2882 et
1278 2813 1397 2881 nativa
1414 2823 1483 2896 est,
1509 2811 1557 2878 si·
1606 2815 1657 2885 xit
1682 2812 1855 2903 Spiritum
1884 2827 2043 2886 sanctum
2074 2838 2138 2906 per
2160 2812 2397 2883 ministerium
2422 2835 2594 2903 propaga·
2642 2860 2643 2901 ι

569 2936 630 2991 cut
643 2930 778 2989 constat
792 2938 894 3005 saepe
908 2914 1007 3007 loqui
1023 2914 1192 2999 Paulum,
1220 2928 1261 2983 nt
1278 2915 1309 2987 1.
1327 2910 1409 2987 Cor.
1428 2916 1475 2985 1.:
1501 2906 1558 2981 Ex
1607 2930 1727 2987 turum
1748 2938 1833 2988 esse.
1885 2912 1983 2997 llaec
1998 2938 2065 2985 vox
2080 2939 2159 2984 cum
2174 2929 2278 3010 sonat
2295 2928 2328 2984 et
2346 2916 2460 3006 coepit
2477 2914 2594 3002 colligi
2642 2992 2643 3003 χ

558 3023 648 3113 ipso
671 3043 734 3089 vos
747 3016 832 3089 estis
847 3019 886 3085 in
900 3010 1045 3087 Christo
1064 3015 1159 3101 lesu,
1184 3015 1246 3108 qui
1260 3016 1373 3086 factus
1387 3028 1439 3085 est
1453 3008 1574 3083 nobis
1605 3014 1782 3107 Ecclesia,
1809 3029 1885 3088 tum
1902 3042 1985 3087 vero
2002 3018 2169 3087 oriuntur
2185 3016 2395 3101 certamina,
2420 3030 2455 3086 et
2472 3016 2595 3107 iugen-

562 3122 743 3214 'uplenllt
763 3144 784 3189 a
808 3117 906 3198 Det),
939 3132 973 3187 el
999 3118 1155 3201 iuditia,
1188 3131 1223 3187 el
1245 3116 1497 3205 unclifitttlb,
1524 3127 1557 3183 el
1607 3134 1659 3191 tes
1681 3120 1877 3189 discordiae
1901 3118 2127 3191 iudiciorum.
2179 3114 2337 3191 Ecclesia
2359 3114 2518 3190 affirmat
2538 3144 2593 3185 vo-

567 3223 753 3295 redemtio.
804 3220 867 3291 Ait
886 3216 1069 3290 Christum
1095 3243 1166 3288 esse
1188 3233 1344 3289 nostram
1367 3217 1558 3301 iusticiam,
1606 3246 1681 3293 cern
1698 3216 1885 3311 Evangelii
1909 3244 2026 3291 veram
2042 3244 2136 3303 esse,
2161 3235 2195 3291 et
2211 3220 2346 3311 firmam
2363 3234 2396 3289 et
2413 3219 2593 3297 immotam
2642 3222 2643 3243 ¹

466 3336 473 3341 '
568 3329 664 3420 qnod
695 3338 849 3417 utroque
879 3324 986 3391 modo
1011 3321 1248 3410 intelligatur,
1281 3334 1317 3390 et
1337 3319 1421 3412 qtria
1444 3318 1558 3410 ipsius
1605 3320 1674 3393 Dei
1697 3324 1927 3408 senteutiam,
1951 3324 1996 3392 de
2018 3322 2110 3391 veris
2133 3322 2286 3393 cultibus
2306 3316 2391 3406 Dei,
2418 3336 2454 3392 et
2478 3328 2526 3393 de
2548 3344 2595 3388 sa·

568 3427 708 3498 iusticia
724 3425 830 3497 nobis
844 3426 1012 3508 donatur,
1040 3419 1107 3492 hoc
1121 3438 1191 3508 est,
1217 3435 1362 3514 propter
1375 3444 1456 3491 eum
1472 3421 1557 3491 iusti
1608 3419 1899 3500 lutehominum.
1950 3421 2001 3494 At
2017 3423 2146 3495 iudicia
2162 3423 2467 3495 contemnentium
2488 3422 2595 3494 Deum

570 3544 605 3601 et
622 3529 753 3619 accepti
769 3549 908 3608 sumus,
933 3539 968 3596 et
983 3528 1066 3618 quia
1082 3526 1188 3597 elficit
1201 3527 1238 3593 in
1255 3524 1359 3593 nobis
1376 3537 1558 3594 novamet
1608 3528 1768 3616 epicurea
1801 3541 1834 3596 et
1864 3520 2080 3620 hypocritica
2107 3526 2313 3597 reclamant.
2375 3523 2549 3620 'l'yranui
2569 3537 2597 3592 et

568 3646 749 3706 aeternam
772 3628 947 3701 iusticiam
974 3643 1007 3698 et
1029 3628 1150 3699 vitam.
1202 3625 1343 3715 Cogites
1367 3625 1477 3716 igitur
1501 3625 1556 3695 iu·
1608 3629 1671 3698 alii
1693 3625 1863 3722 Epicurei
1888 3629 2071 3699 clamitant
2090 3623 2326 3715 Evangelium
2351 3649 2425 3696 esse
2452 3643 2597 3720 porten-

569 3734 706 3804 sticiam
737 3745 836 3803 tuam
863 3752 954 3814 esse,
986 3753 1061 3798 non
1091 3730 1238 3800 virtutes
1270 3743 1366 3808 tuas,
1398 3739 1434 3798 et
1461 3740 1557 3798 tuam
1608 3744 1720 3802 tosam
1744 3744 1779 3801 et
1803 3731 1946 3800 inanem
1967 3730 2136 3804 fabulam.
2187 3727 2423 3822 Hypoeritae,
2446 3731 2516 3824 qui
2540 3729 2598 3797 lal-

568 3833 803 3916 muuditiem‚
835 3833 896 3902 sed
926 3832 1065 3901 intuere
1092 3832 1205 3899 filium
1228 3828 1297 3902 Dei
1326 3828 1556 3898 mediatorem
1610 3856 1667 3902 sos
1687 3832 1803 3902 cultus
1816 3832 2034 3916 defendunt,
2059 3846 2279 3924 quaeruntur
2295 3830 2429 3900 aboleri
2444 3855 2599 3900 ceremo-

569 3962 637 4027 pro
670 3949 705 4005 te
735 3956 875 4024 passum
901 3947 936 4003 et
959 3933 1222 4018 resuscitatum,
1253 3955 1293 4000 ac
1317 3953 1413 4000 nune
1434 3954 1499 4022 pro
1523 3944 1557 4000 te
1610 3934 1708 4018 nias,
1734 3949 1767 4004 et
1784 3934 1947 4003 exercitia
1964 3931 2040 4004 Deo
2057 3933 2250 4023 placentia,
2278 3947 2311 4001 et
2331 3932 2441 4002 laxari
2458 3933 2597 4000 frenum

569 4037 870 4127 interpellantem.
921 4033 1041 4104 Huius
1062 4033 1200 4104 iusticia
1215 4033 1282 4106 tibi
1297 4033 1471 4112 donatur,
1497 4031 1558 4116 ita,
1610 4034 1838 4126 disciplinae,
1891 4050 1926 4107 et
1964 4035 2189 4104 concordiam
2230 4033 2409 4124 publicam
2452 4033 2596 4103 turbari.

569 4152 611 4209 ut
640 4139 856 4228 sis'propter
879 4160 959 4207 eum
982 4137 1096 4205 iustus
1117 4149 1152 4206 et
1172 4148 1354 4228 acceptus,
1385 4144 1419 4203 et
1444 4157 1489 4204 ne
1514 4133 1559 4204 sit
1612 4136 1697 4208 ldeo
1727 4151 1767 4207 ut
1798 4136 2003 4229 opprimant
2025 4134 2211 4222 Evangelii
2242 4159 2385 4219 vocem,
2419 4135 2599 4206 saevitiam

569 4255 708 4312 tantum
733 4238 922 4329 imputatio
945 4250 1111 4307 manente
1133 4251 1275 4328 peceato
1292 4251 1326 4305 et
1343 4248 1476 4320 morte,
1500 4229 1558 4305 hic
1611 4252 1771 4310 exercent
1786 4241 1954 4310 adversus
1968 4235 2153 4328 Evangelii
2169 4237 2396 4330 professores.

568 4342 747 4414 iusticiam
761 4353 795 4410 et
810 4340 918 4410 vitam
934 4351 1113 4409 aeternam
1132 4339 1171 4407 in
1188 4340 1296 4410 uobis
1305 4337 1424 4413 elficit.

1706 1634 1810 1695 catus
1831 1635 1916 1699 est.⁴

1713 4389 1767 4460 De
1791 4387 1856 4460 hac
1880 4390 2083 4459 diversitate
2104 4390 2317 4460 iudiciorum
2335 4385 2508 4462 Christus
2523 4414 2602 4460 con-

589 4498 593 4506 ’
672 4492 794 4583 Quare
815 4515 895 4563 cum
918 4490 1064 4561 dicitur:
1098 4489 1252 4581 Spiritus
1274 4505 1416 4562 sanctus
1437 4505 1560 4581 arguet
1612 4493 1748 4563 solatur
1777 4515 1862 4578 nos,
1903 4515 1982 4560 cum
2014 4493 2081 4560 ait:
2124 4491 2279 4582 Spiritus
2308 4505 2450 4562 sanctus
2483 4505 2603 4582 arguet

569 4597 746 4668 mundum
769 4598 815 4665 de
835 4595 996 4678 iusticia,-
1021 4587 1112 4662 hanc
1134 4595 1246 4683 ipsam
1265 4595 1413 4665 rationis
1431 4589 1559 4662 hnma-
1613 4597 1786 4664 mundum
1805 4597 1850 4663 cle
1866 4593 2009 4676 iudicio,
2036 4593 2202 4663 videlicet
2217 4595 2476 4665 condemnante
2486 4595 2604 4664 Evan-

569 4723 638 4768 nae
665 4697 872 4788 opinionem
901 4709 1144 4764 accusaturum
1166 4715 1240 4764 esse
1265 4693 1434 4780 ailirmat,
1469 4719 1560 4789 quae
1612 4697 1760 4786 gelium,
1795 4710 1827 4764 et
1857 4691 2022 4763 horribili
2051 4687 2196 4763 saevitia
2223 4707 2422 4782 grassante,
2457 4694 2603 4766 delendi

569 4800 671 4890 lingit
684 4794 848 4868 homines
861 4819 935 4885 esse
949 4798 1078 4877 iustos,
1105 4795 1226 4879 idest,
1252 4791 1420 4866 habentes
1437 4799 1560 4866 remis·
1611 4797 1795 4884 Evangelii
1820 4821 1941 4879 carisa,
1967 4796 2002 4865 id
2028 4809 2101 4880 est,
2124 4795 2279 4888 Spiritus
2299 4809 2440 4866 sanctus
2461 4821 2605 4868 aecusa-
2642 4849 2643 4898 ,

571 4903 706 4972 sionem
732 4911 973 4991 peccaturum,
1000 4911 1033 4967 et
1054 4912 1228 4987 acceptas,
1256 4912 1400 4987 propter
1416 4900 1560 4990 propria
1613 4901 1664 4968 bit
1688 4900 1862 4966 muudum
1887 4901 2183 4966 condemnantem
2203 4894 2455 4986 Evangelium,
2486 4916 2523 4970 et
2547 4903 2605 4966 de-

569 5000 718 5073 honesta
741 4999 924 5081 exercitia,
954 5001 1122 5082 virtutes,
1156 5000 1292 5088 cultus,
1324 5001 1561 5092 disciplinam.
1614 5003 1685 5074 lere
1717 5013 1915 5072 conantem,
1985 4996 2178 5087 Quomodo
2207 4999 2408 5070 accusabit?
2459 4997 2606 5071 Excita-

572 5105 672 5177 Sicut
691 5100 834 5184 ludaei,
860 5095 1150 5179 Mshometistae,
1178 5100 1450 5191 Anabaptistae,
1477 5101 1561 5171 Mo-
1613 5103 1666 5171 bit
1690 5104 1870 5185 doctores,
1895 5114 1934 5169 ut
1958 5101 2214 5186 confiteantur,
2239 5113 2274 5172 et
2295 5104 2464 5170 adversus
2482 5115 2607 5196 tyran·

570 5200 697 5289 nachi‚
719 5215 754 5272 et
772 5225 895 5272 omnes
918 5197 1123 5296 hypocritae
1145 5202 1305 5271 fascinati
1324 5204 1562 5273 admiratione
1613 5226 1742 5273 norum
1759 5203 1897 5273 furores
1912 5203 2138 5273 confirmabit
2155 5215 2293 5293 pectore
2310 5215 2346 5272 et
2360 5202 2502 5273 animos
2519 5227 2608 5273 cou-
2642 5239 2643 5288 t

571 5328 718 5376 suorum
741 5303 1009 5388 exercitiorum,
1034 5303 1313 5394 pertinacissime
1336 5317 1562 5396 propugnant
1610 5304 1786 5376 litantium
1820 5318 1853 5376 et
1884 5304 2124 5384 audientium,
2155 5329 2202 5374 ne
2225 5303 2395 5374 deterreri
2420 5326 2459 5373 se
2485 5307 2607 5374 sinant
2642 5299 2643 5314 ²

571 5404 666 5475 hanc
683 5405 909 5496 opinionem,
935 5409 1029 5496 quod
1046 5406 1561 5496 sintiustiproptersusexer-
1614 5405 1859 5494 magnitudine
1903 5406 2204 5476 atrocissimorum
2243 5405 2525 5498 suppliciorum,
2576 5417 2609 5474 et

572 5509 675 5592 citia,
708 5519 743 5577 et
771 5506 871 5576 illam
899 5507 1180 5599 qualemcunque
1208 5508 1429 5579 severitatem
1455 5507 1562 5576 disci-
1613 5508 1725 5576 multo
1749 5505 1866 5596 plures
1881 5509 1924 5576 ad
1942 5503 2177 5596 Evangelium
2193 5507 2371 5578 invitabit.
2423 5504 2607 5598 Proponi-

571 5609 709 5699 plinae,
733 5622 768 5679 et
781 5603 874 5678 bane
889 5631 1009 5676 vocem
1025 5603 1228 5697 Evangelii,
1253 5632 1344 5701 qnae
1359 5609 1462 5677 dicit:
1490 5607 1564 5678 Nos
1614 5622 1673 5678 tur
1696 5628 1780 5698 ergo
1802 5610 1907 5679 nobis
1928 5609 2112 5700 multiplex
2134 5609 2347 5692 consolatio,
2380 5612 2609 5699 promittitur

570 5710 684 5780 iustos
698 5733 772 5781 esse
788 5724 933 5804 propter
944 5705 1126 5779 Christum
1143 5732 1282 5800 passum
1300 5733 1363 5798 pro
1377 5709 1501 5794 nobis,
1529 5723 1564 5780 et
1613 5707 1768 5798 Spiritus
1781 5725 1938 5794 sanctus,
1962 5724 2003 5780 ut
2015 5723 2111 5799 regat
2127 5724 2264 5780 nostras
2276 5723 2428 5794 mentes,
2454 5723 2495 5781 nt
2509 5722 2607 5779 recte

571 5815 815 5886 resuscitatum
837 5826 873 5884 et
895 5825 1120 5903 regnantem,
1147 5834 1222 5880 non
1248 5825 1395 5904 propter
1417 5810 1563 5903 propria
1614 5811 1790 5899 iudicent,
1816 5826 1857 5883 ut
1877 5810 2018 5882 sortiter
2038 5813 2292 5896 confiteantur,
2319 5825 2357 5884 nt
2379 5813 2493 5884 sciant
2515 5835 2608 5882 con·
