<?xml version="1.0" encoding="UTF-8"?>
<!DOCTYPE html PUBLIC "-//W3C//DTD XHTML 1.0 Transitional//EN"
    "http://www.w3.org/TR/xhtml1/DTD/xhtml1-transitional.dtd">
<html xmlns="http://www.w3.org/1999/xhtml" xml:lang="en" lang="en">
 <head>
  <title>
</title>
<meta http-equiv="Content-Type" content="text/html;charset=utf-8" />
  <meta name='ocr-system' content='tesseract 3.04.00' />
  <meta name='ocr-capabilities' content='ocr_page ocr_carea ocr_par ocr_line ocrx_word'/>
</head>
<body>
  <div class='ocr_page' id='page_1' title='image "./philippimelanth08bindgoog_0652.png"; bbox 0 0 5825 6950; ppageno 0'>
   <div class='ocr_carea' id='block_1_1' title="bbox 315 634 2350 802">
    <p class='ocr_par' dir='ltr' id='par_1_1' title="bbox 315 634 2350 802">
     <span class='ocr_line' id='line_1_1' title="bbox 315 634 2350 802; baseline 0.002 -44"><span class='ocrx_word' id='word_1_1' title='bbox 315 676 412 759; x_wconf 80' lang='lat' dir='ltr'><strong>nso</strong></span> <span class='ocrx_word' id='word_1_2' title='bbox 540 676 642 756; x_wconf 86' lang='lat' dir='ltr'><strong>xm.</strong></span> <span class='ocrx_word' id='word_1_3' title='bbox 693 672 731 751; x_wconf 85' lang='lat' dir='ltr'><strong>s</strong></span> <span class='ocrx_word' id='word_1_4' title='bbox 765 670 1422 802; x_wconf 71' lang='lat' dir='ltr'><strong>numerumnunerum</strong></span> <span class='ocrx_word' id='word_1_5' title='bbox 1447 670 1518 753; x_wconf 80' lang='lat' dir='ltr'><strong>an</strong></span> <span class='ocrx_word' id='word_1_6' title='bbox 1543 668 1903 755; x_wconf 78' lang='lat' dir='ltr'><strong>coaossunsus.</strong></span> <span class='ocrx_word' id='word_1_7' title='bbox 1954 634 2058 759; x_wconf 77' lang='lat' dir='ltr'><strong>oar.</strong></span> <span class='ocrx_word' id='word_1_8' title='bbox 2084 677 2114 757; x_wconf 90' lang='lat' dir='ltr'><strong>r.</strong></span> <span class='ocrx_word' id='word_1_9' title='bbox 2251 684 2350 761; x_wconf 79' lang='lat' dir='ltr'><strong>reso</strong></span> 
     </span>
    </p>
   </div>
   <div class='ocr_carea' id='block_1_2' title="bbox 304 843 2358 4531">
    <p class='ocr_par' dir='ltr' id='par_1_2' title="bbox 310 843 2342 1149">
     <span class='ocr_line' id='line_1_2' title="bbox 311 843 2342 949; baseline 0.002 -22"><span class='ocrx_word' id='word_1_10' title='bbox 311 878 409 937; x_wconf 89' lang='lat' dir='ltr'><strong>mos,</strong></span> <span class='ocrx_word' id='word_1_11' title='bbox 444 849 581 926; x_wconf 90' lang='lat' dir='ltr'><strong>scilicet</strong></span> <span class='ocrx_word' id='word_1_12' title='bbox 605 850 688 925; x_wconf 88' lang='lat' dir='ltr'><strong>tide.</strong></span> <span class='ocrx_word' id='word_1_13' title='bbox 740 844 946 940; x_wconf 85' lang='lat' dir='ltr'><strong>Exponitur</strong></span> <span class='ocrx_word' id='word_1_14' title='bbox 967 860 1087 921; x_wconf 86' lang='lat' dir='ltr'><strong>autern</strong></span> <span class='ocrx_word' id='word_1_15' title='bbox 1108 843 1196 921; x_wconf 87' lang='lat' dir='ltr'><strong>haec</strong></span> <span class='ocrx_word' id='word_1_16' title='bbox 1224 848 1300 942; x_wconf 82' lang='lat' dir='ltr'><strong>ipss</strong></span> <span class='ocrx_word' id='word_1_17' title='bbox 1453 846 1509 923; x_wconf 82' lang='lat' dir='ltr'><strong>Ac</strong></span> <span class='ocrx_word' id='word_1_18' title='bbox 1530 849 1648 922; x_wconf 90' lang='lat' dir='ltr'><strong>dicere</strong></span> <span class='ocrx_word' id='word_1_19' title='bbox 1666 843 1851 923; x_wconf 80' lang='lat' dir='ltr'><strong>Christum</strong></span> <span class='ocrx_word' id='word_1_20' title='bbox 1871 874 1936 944; x_wconf 90' lang='lat' dir='ltr'><strong>per</strong></span> <span class='ocrx_word' id='word_1_21' title='bbox 1955 852 2119 925; x_wconf 86' lang='lat' dir='ltr'><strong>accidens</strong></span> <span class='ocrx_word' id='word_1_22' title='bbox 2142 852 2342 949; x_wconf 79' lang='lat' dir='ltr'><strong>iustificare,</strong></span> 
     </span>
     <span class='ocr_line' id='line_1_3' title="bbox 310 947 2341 1053; baseline 0.002 -25"><span class='ocrx_word' id='word_1_23' title='bbox 310 956 469 1029; x_wconf 85' lang='lat' dir='ltr'><strong>doctriua</strong></span> <span class='ocrx_word' id='word_1_24' title='bbox 497 954 690 1048; x_wconf 75' lang='lat' dir='ltr'><strong>copiosius</strong></span> <span class='ocrx_word' id='word_1_25' title='bbox 709 951 814 1024; x_wconf 88' lang='lat' dir='ltr'><strong>Pauli</strong></span> <span class='ocrx_word' id='word_1_26' title='bbox 837 952 956 1022; x_wconf 91' lang='lat' dir='ltr'><strong>verbis</strong></span> <span class='ocrx_word' id='word_1_27' title='bbox 994 951 1033 1022; x_wconf 93' lang='lat' dir='ltr'><strong>in</strong></span> <span class='ocrx_word' id='word_1_28' title='bbox 1061 950 1240 1045; x_wconf 69' lang='lat' dir='ltr'><strong>Epistola!</strong></span> <span class='ocrx_word' id='word_1_29' title='bbox 1254 956 1300 1025; x_wconf 85' lang='lat' dir='ltr'><strong>sd</strong></span> <span class='ocrx_word' id='word_1_30' title='bbox 1347 955 1546 1027; x_wconf 81' lang='lat' dir='ltr'><strong>execranda</strong></span> <span class='ocrx_word' id='word_1_31' title='bbox 1565 965 1619 1025; x_wconf 89' lang='lat' dir='ltr'><strong>est</strong></span> <span class='ocrx_word' id='word_1_32' title='bbox 1641 947 1871 1045; x_wconf 88' lang='lat' dir='ltr'><strong>blasphemia.</strong></span> <span class='ocrx_word' id='word_1_33' title='bbox 1923 952 2013 1029; x_wconf 89' lang='lat' dir='ltr'><strong>Cum</strong></span> <span class='ocrx_word' id='word_1_34' title='bbox 2037 970 2156 1029; x_wconf 87' lang='lat' dir='ltr'><strong>autem</strong></span> <span class='ocrx_word' id='word_1_35' title='bbox 2178 962 2341 1053; x_wconf 89' lang='lat' dir='ltr'><strong>proposi-</strong></span> 
     </span>
     <span class='ocr_line' id='line_1_4' title="bbox 310 1051 2340 1149; baseline 0.001 -20"><span class='ocrx_word' id='word_1_36' title='bbox 310 1058 514 1144; x_wconf 80' lang='lat' dir='ltr'><strong>Romanos,</strong></span> <span class='ocrx_word' id='word_1_37' title='bbox 541 1056 604 1128; x_wconf 90' lang='lat' dir='ltr'><strong>uhi</strong></span> <span class='ocrx_word' id='word_1_38' title='bbox 628 1051 795 1128; x_wconf 73' lang='lat' dir='ltr'>antithesi</span> <span class='ocrx_word' id='word_1_39' title='bbox 819 1054 1036 1127; x_wconf 86' lang='lat' dir='ltr'><strong>illustrator:</strong></span> <span class='ocrx_word' id='word_1_40' title='bbox 1060 1051 1117 1127; x_wconf 84' lang='lat' dir='ltr'><strong>Ex</strong></span> <span class='ocrx_word' id='word_1_41' title='bbox 1132 1055 1300 1147; x_wconf 90' lang='lat' dir='ltr'><strong>operibus</strong></span> <span class='ocrx_word' id='word_1_42' title='bbox 1349 1056 1413 1142; x_wconf 85' lang='lat' dir='ltr'><strong>tio,</strong></span> <span class='ocrx_word' id='word_1_43' title='bbox 1439 1052 1529 1127; x_wconf 82' lang='lat' dir='ltr'><strong>Fide</strong></span> <span class='ocrx_word' id='word_1_44' title='bbox 1543 1053 1785 1143; x_wconf 83' lang='lat' dir='ltr'><strong>iustificamur,</strong></span> <span class='ocrx_word' id='word_1_45' title='bbox 1810 1070 1905 1129; x_wconf 89' lang='lat' dir='ltr'><strong>recte</strong></span> <span class='ocrx_word' id='word_1_46' title='bbox 1919 1057 2145 1149; x_wconf 76' lang='lat' dir='ltr'><strong>intelligitur,</strong></span> <span class='ocrx_word' id='word_1_47' title='bbox 2170 1062 2273 1133; x_wconf 78' lang='lat' dir='ltr'><strong>facile</strong></span> <span class='ocrx_word' id='word_1_48' title='bbox 2288 1052 2340 1137; x_wconf 82' lang='lat' dir='ltr'><strong>est</strong></span> 
     </span>
    </p>

    <p class='ocr_par' dir='ltr' id='par_1_3' title="bbox 309 1153 2340 1353">
     <span class='ocr_line' id='line_1_5' title="bbox 310 1153 2340 1251; baseline 0.001 -18"><span class='ocrx_word' id='word_1_49' title='bbox 310 1161 393 1251; x_wconf 89' lang='lat' dir='ltr'><strong>legis</strong></span> <span class='ocrx_word' id='word_1_50' title='bbox 405 1183 482 1231; x_wconf 93' lang='lat' dir='ltr'><strong>non</strong></span> <span class='ocrx_word' id='word_1_51' title='bbox 500 1159 749 1231; x_wconf 83' lang='lat' dir='ltr'><strong>iustificabitur</strong></span> <span class='ocrx_word' id='word_1_52' title='bbox 765 1155 884 1228; x_wconf 92' lang='lat' dir='ltr'><strong>omnis</strong></span> <span class='ocrx_word' id='word_1_53' title='bbox 898 1180 995 1229; x_wconf 81' lang='lat' dir='ltr'><strong>caro.</strong></span> <span class='ocrx_word' id='word_1_54' title='bbox 1044 1156 1151 1229; x_wconf 88' lang='lat' dir='ltr'><strong>ltem:</strong></span> <span class='ocrx_word' id='word_1_55' title='bbox 1176 1154 1227 1231; x_wconf 88' lang='lat' dir='ltr'><strong>Ut</strong></span> <span class='ocrx_word' id='word_1_56' title='bbox 1243 1171 1299 1229; x_wconf 89' lang='lat' dir='ltr'><strong>to·</strong></span> <span class='ocrx_word' id='word_1_57' title='bbox 1349 1153 1601 1229; x_wconf 88' lang='lat' dir='ltr'><strong>Osiandrieam</strong></span> <span class='ocrx_word' id='word_1_58' title='bbox 1623 1157 1912 1248; x_wconf 78' lang='lat' dir='ltr'><strong>imaginationem</strong></span> <span class='ocrx_word' id='word_1_59' title='bbox 1927 1161 2094 1235; x_wconf 82' lang='lat' dir='ltr'><strong>refutare.</strong></span> <span class='ocrx_word' id='word_1_60' title='bbox 2146 1158 2238 1235; x_wconf 91' lang='lat' dir='ltr'><strong>Com</strong></span> <span class='ocrx_word' id='word_1_61' title='bbox 2255 1166 2340 1236; x_wconf 90' lang='lat' dir='ltr'><strong>uni·</strong></span> 
     </span>
     <span class='ocr_line' id='line_1_6' title="bbox 309 1256 2337 1353; baseline 0 -17"><span class='ocrx_word' id='word_1_62' title='bbox 309 1277 363 1336; x_wconf 90' lang='lat' dir='ltr'><strong>tns</strong></span> <span class='ocrx_word' id='word_1_63' title='bbox 384 1263 546 1334; x_wconf 89' lang='lat' dir='ltr'><strong>mundns</strong></span> <span class='ocrx_word' id='word_1_64' title='bbox 567 1262 614 1334; x_wconf 88' lang='lat' dir='ltr'><strong>sit</strong></span> <span class='ocrx_word' id='word_1_65' title='bbox 635 1284 717 1331; x_wconf 91' lang='lat' dir='ltr'><strong>reus</strong></span> <span class='ocrx_word' id='word_1_66' title='bbox 736 1256 832 1346; x_wconf 89' lang='lat' dir='ltr'><strong>Deo,</strong></span> <span class='ocrx_word' id='word_1_67' title='bbox 856 1257 929 1331; x_wconf 88' lang='lat' dir='ltr'><strong>Sed</strong></span> <span class='ocrx_word' id='word_1_68' title='bbox 949 1259 1019 1330; x_wconf 87' lang='lat' dir='ltr'><strong>fide</strong></span> <span class='ocrx_word' id='word_1_69' title='bbox 1039 1259 1216 1331; x_wconf 80' lang='lat' dir='ltr'><strong>iustificati</strong></span> <span class='ocrx_word' id='word_1_70' title='bbox 1234 1284 1297 1353; x_wconf 89' lang='lat' dir='ltr'><strong>pa·</strong></span> <span class='ocrx_word' id='word_1_71' title='bbox 1347 1282 1447 1339; x_wconf 81' lang='lat' dir='ltr'><strong>versa</strong></span> <span class='ocrx_word' id='word_1_72' title='bbox 1477 1261 1650 1351; x_wconf 89' lang='lat' dir='ltr'><strong>scriptura</strong></span> <span class='ocrx_word' id='word_1_73' title='bbox 1683 1262 1807 1333; x_wconf 90' lang='lat' dir='ltr'><strong>doceat</strong></span> <span class='ocrx_word' id='word_1_74' title='bbox 1836 1261 1876 1333; x_wconf 87' lang='lat' dir='ltr'><strong>iu</strong></span> <span class='ocrx_word' id='word_1_75' title='bbox 1900 1262 2035 1334; x_wconf 92' lang='lat' dir='ltr'><strong>iudicio</strong></span> <span class='ocrx_word' id='word_1_76' title='bbox 2057 1260 2126 1335; x_wconf 88' lang='lat' dir='ltr'><strong>Dei</strong></span> <span class='ocrx_word' id='word_1_77' title='bbox 2155 1259 2337 1339; x_wconf 88' lang='lat' dir='ltr'><strong>bominem</strong></span> 
     </span>
    </p>

    <p class='ocr_par' dir='ltr' id='par_1_4' title="bbox 308 1354 2337 1459">
     <span class='ocr_line' id='line_1_7' title="bbox 308 1354 2337 1459; baseline 0 -20"><span class='ocrx_word' id='word_1_78' title='bbox 308 1388 380 1439; x_wconf 88' lang='lat' dir='ltr'><strong>cem</strong></span> <span class='ocrx_word' id='word_1_79' title='bbox 402 1358 590 1438; x_wconf 84' lang='lat' dir='ltr'><strong>habemns.</strong></span> <span class='ocrx_word' id='word_1_80' title='bbox 643 1361 741 1436; x_wconf 87' lang='lat' dir='ltr'><strong>llaec</strong></span> <span class='ocrx_word' id='word_1_81' title='bbox 768 1354 954 1434; x_wconf 84' lang='lat' dir='ltr'><strong>antithesis</strong></span> <span class='ocrx_word' id='word_1_82' title='bbox 987 1385 1127 1455; x_wconf 78' lang='lat' dir='ltr'>semper</span> <span class='ocrx_word' id='word_1_83' title='bbox 1148 1362 1188 1433; x_wconf 93' lang='lat' dir='ltr'><strong>in</strong></span> <span class='ocrx_word' id='word_1_84' title='bbox 1209 1388 1296 1435; x_wconf 88' lang='lat' dir='ltr'><strong>con·</strong></span> <span class='ocrx_word' id='word_1_85' title='bbox 1347 1388 1413 1456; x_wconf 89' lang='lat' dir='ltr'><strong>per</strong></span> <span class='ocrx_word' id='word_1_86' title='bbox 1433 1362 1713 1435; x_wconf 88' lang='lat' dir='ltr'><strong>misericordiam</strong></span> <span class='ocrx_word' id='word_1_87' title='bbox 1737 1362 1814 1435; x_wconf 86' lang='lat' dir='ltr'><strong>fieri</strong></span> <span class='ocrx_word' id='word_1_88' title='bbox 1837 1363 1990 1451; x_wconf 90' lang='lat' dir='ltr'><strong>iustum,</strong></span> <span class='ocrx_word' id='word_1_89' title='bbox 2014 1361 2167 1451; x_wconf 85' lang='lat' dir='ltr'><strong>horest,</strong></span> <span class='ocrx_word' id='word_1_90' title='bbox 2193 1366 2337 1459; x_wconf 86' lang='lat' dir='ltr'><strong>placen·</strong></span> 
     </span>
    </p>

    <p class='ocr_par' dir='ltr' id='par_1_5' title="bbox 308 1462 2337 1560">
     <span class='ocr_line' id='line_1_8' title="bbox 308 1462 2337 1560; baseline 0.001 -21"><span class='ocrx_word' id='word_1_91' title='bbox 308 1479 426 1560; x_wconf 89' lang='lat' dir='ltr'><strong>specto</strong></span> <span class='ocrx_word' id='word_1_92' title='bbox 450 1465 512 1539; x_wconf 80' lang='lat' dir='ltr'><strong>sit.</strong></span> <span class='ocrx_word' id='word_1_93' title='bbox 564 1463 607 1538; x_wconf 91' lang='lat' dir='ltr'><strong>ln</strong></span> <span class='ocrx_word' id='word_1_94' title='bbox 628 1490 712 1537; x_wconf 91' lang='lat' dir='ltr'><strong>vero</strong></span> <span class='ocrx_word' id='word_1_95' title='bbox 734 1485 846 1555; x_wconf 86' lang='lat' dir='ltr'><strong>agone</strong></span> <span class='ocrx_word' id='word_1_96' title='bbox 865 1477 902 1536; x_wconf 89' lang='lat' dir='ltr'><strong>et</strong></span> <span class='ocrx_word' id='word_1_97' title='bbox 924 1463 1059 1535; x_wconf 90' lang='lat' dir='ltr'><strong>indicio</strong></span> <span class='ocrx_word' id='word_1_98' title='bbox 1081 1462 1149 1537; x_wconf 87' lang='lat' dir='ltr'><strong>Dei</strong></span> <span class='ocrx_word' id='word_1_99' title='bbox 1174 1488 1296 1537; x_wconf 89' lang='lat' dir='ltr'><strong>omnes</strong></span> <span class='ocrx_word' id='word_1_100' title='bbox 1347 1478 1475 1537; x_wconf 91' lang='lat' dir='ltr'><strong>temet</strong></span> <span class='ocrx_word' id='word_1_101' title='bbox 1499 1480 1678 1557; x_wconf 89' lang='lat' dir='ltr'><strong>acceptum</strong></span> <span class='ocrx_word' id='word_1_102' title='bbox 1710 1464 1811 1553; x_wconf 88' lang='lat' dir='ltr'><strong>Deo,</strong></span> <span class='ocrx_word' id='word_1_103' title='bbox 1848 1467 2075 1539; x_wconf 85' lang='lat' dir='ltr'><strong>manilestum</strong></span> <span class='ocrx_word' id='word_1_104' title='bbox 2106 1480 2159 1540; x_wconf 90' lang='lat' dir='ltr'><strong>est</strong></span> <span class='ocrx_word' id='word_1_105' title='bbox 2189 1469 2337 1542; x_wconf 84' lang='lat' dir='ltr'><strong>alterans</strong></span> 
     </span>
    </p>

    <p class='ocr_par' dir='ltr' id='par_1_6' title="bbox 308 1561 2335 1667">
     <span class='ocr_line' id='line_1_9' title="bbox 308 1561 2335 1667; baseline 0.002 -28"><span class='ocrx_word' id='word_1_106' title='bbox 308 1564 470 1639; x_wconf 90' lang='lat' dir='ltr'><strong>homines</strong></span> <span class='ocrx_word' id='word_1_107' title='bbox 486 1568 527 1638; x_wconf 92' lang='lat' dir='ltr'><strong>in</strong></span> <span class='ocrx_word' id='word_1_108' title='bbox 543 1562 611 1641; x_wconf 91' lang='lat' dir='ltr'><strong>hac</strong></span> <span class='ocrx_word' id='word_1_109' title='bbox 625 1569 964 1660; x_wconf 69' lang='lat' dir='ltr'><strong>depravatae-natura</strong></span> <span class='ocrx_word' id='word_1_110' title='bbox 987 1579 1182 1658; x_wconf 77' lang='lat' dir='ltr'><strong>agnoscant</strong></span> <span class='ocrx_word' id='word_1_111' title='bbox 1202 1561 1296 1639; x_wconf 89' lang='lat' dir='ltr'><strong>hanc</strong></span> <span class='ocrx_word' id='word_1_112' title='bbox 1347 1567 1625 1660; x_wconf 77' lang='lat' dir='ltr'><strong>propositionem</strong></span> <span class='ocrx_word' id='word_1_113' title='bbox 1649 1566 1850 1640; x_wconf 78' lang='lat' dir='ltr'><strong>dissentire:</strong></span> <span class='ocrx_word' id='word_1_114' title='bbox 1886 1566 2006 1641; x_wconf 85' lang='lat' dir='ltr'><strong>Homo</strong></span> <span class='ocrx_word' id='word_1_115' title='bbox 2027 1582 2079 1641; x_wconf 93' lang='lat' dir='ltr'><strong>est</strong></span> <span class='ocrx_word' id='word_1_116' title='bbox 2094 1570 2225 1657; x_wconf 89' lang='lat' dir='ltr'><strong>iustus,</strong></span> <span class='ocrx_word' id='word_1_117' title='bbox 2249 1573 2335 1667; x_wconf 89' lang='lat' dir='ltr'><strong>qnia</strong></span> 
     </span>
    </p>

    <p class='ocr_par' dir='ltr' id='par_1_7' title="bbox 309 1667 2336 1759">
     <span class='ocr_line' id='line_1_10' title="bbox 309 1667 2336 1759; baseline 0.002 -18"><span class='ocrx_word' id='word_1_118' title='bbox 309 1670 533 1741; x_wconf 80' lang='lat' dir='ltr'><strong>concionem:</strong></span> <span class='ocrx_word' id='word_1_119' title='bbox 571 1670 652 1743; x_wconf 86' lang='lat' dir='ltr'><strong>Non</strong></span> <span class='ocrx_word' id='word_1_120' title='bbox 680 1670 792 1741; x_wconf 85' lang='lat' dir='ltr'><strong>intres</strong></span> <span class='ocrx_word' id='word_1_121' title='bbox 816 1668 858 1739; x_wconf 91' lang='lat' dir='ltr'><strong>in</strong></span> <span class='ocrx_word' id='word_1_122' title='bbox 889 1667 1063 1741; x_wconf 91' lang='lat' dir='ltr'><strong>indicium</strong></span> <span class='ocrx_word' id='word_1_123' title='bbox 1086 1692 1168 1740; x_wconf 90' lang='lat' dir='ltr'><strong>cum</strong></span> <span class='ocrx_word' id='word_1_124' title='bbox 1192 1692 1294 1741; x_wconf 89' lang='lat' dir='ltr'><strong>servo</strong></span> <span class='ocrx_word' id='word_1_125' title='bbox 1345 1667 1444 1742; x_wconf 87' lang='lat' dir='ltr'><strong>Dens</strong></span> <span class='ocrx_word' id='word_1_126' title='bbox 1461 1685 1579 1743; x_wconf 90' lang='lat' dir='ltr'><strong>movet</strong></span> <span class='ocrx_word' id='word_1_127' title='bbox 1593 1694 1673 1741; x_wconf 90' lang='lat' dir='ltr'><strong>eum</strong></span> <span class='ocrx_word' id='word_1_128' title='bbox 1690 1672 1734 1739; x_wconf 91' lang='lat' dir='ltr'><strong>ad</strong></span> <span class='ocrx_word' id='word_1_129' title='bbox 1752 1669 1843 1742; x_wconf 90' lang='lat' dir='ltr'><strong>iusta</strong></span> <span class='ocrx_word' id='word_1_130' title='bbox 1862 1671 2035 1759; x_wconf 86' lang='lat' dir='ltr'><strong>iacienda,</strong></span> <span class='ocrx_word' id='word_1_131' title='bbox 2049 1672 2140 1745; x_wconf 90' lang='lat' dir='ltr'><strong>sicut</strong></span> <span class='ocrx_word' id='word_1_132' title='bbox 2154 1668 2336 1745; x_wconf 88' lang='lat' dir='ltr'><strong>Osiauder</strong></span> 
     </span>
    </p>

    <p class='ocr_par' dir='ltr' id='par_1_8' title="bbox 309 1770 2334 1871">
     <span class='ocr_line' id='line_1_11' title="bbox 309 1770 2334 1871; baseline 0.001 -26"><span class='ocrx_word' id='word_1_133' title='bbox 309 1787 385 1858; x_wconf 92' lang='lat' dir='ltr'><strong>tuo,</strong></span> <span class='ocrx_word' id='word_1_134' title='bbox 409 1772 497 1867; x_wconf 88' lang='lat' dir='ltr'><strong>qnia</strong></span> <span class='ocrx_word' id='word_1_135' title='bbox 519 1796 594 1849; x_wconf 91' lang='lat' dir='ltr'><strong>non</strong></span> <span class='ocrx_word' id='word_1_136' title='bbox 610 1771 862 1845; x_wconf 83' lang='lat' dir='ltr'><strong>iustificabitur</strong></span> <span class='ocrx_word' id='word_1_137' title='bbox 879 1771 918 1841; x_wconf 92' lang='lat' dir='ltr'><strong>iu</strong></span> <span class='ocrx_word' id='word_1_138' title='bbox 933 1786 1122 1865; x_wconf 88' lang='lat' dir='ltr'><strong>conspectu</strong></span> <span class='ocrx_word' id='word_1_139' title='bbox 1138 1785 1200 1844; x_wconf 90' lang='lat' dir='ltr'><strong>tuo</strong></span> <span class='ocrx_word' id='word_1_140' title='bbox 1215 1795 1293 1843; x_wconf 89' lang='lat' dir='ltr'><strong>om·</strong></span> <span class='ocrx_word' id='word_1_141' title='bbox 1344 1772 1548 1859; x_wconf 83' lang='lat' dir='ltr'><strong>contendit,</strong></span> <span class='ocrx_word' id='word_1_142' title='bbox 1573 1785 1608 1843; x_wconf 94' lang='lat' dir='ltr'><strong>et</strong></span> <span class='ocrx_word' id='word_1_143' title='bbox 1628 1770 1752 1842; x_wconf 87' lang='lat' dir='ltr'><strong>delinit</strong></span> <span class='ocrx_word' id='word_1_144' title='bbox 1771 1772 1964 1845; x_wconf 90' lang='lat' dir='ltr'><strong>iusticiam:</strong></span> <span class='ocrx_word' id='word_1_145' title='bbox 2000 1773 2144 1847; x_wconf 87' lang='lat' dir='ltr'><strong>iusticia</strong></span> <span class='ocrx_word' id='word_1_146' title='bbox 2166 1788 2219 1847; x_wconf 89' lang='lat' dir='ltr'><strong>est</strong></span> <span class='ocrx_word' id='word_1_147' title='bbox 2243 1798 2334 1871; x_wconf 88' lang='lat' dir='ltr'><strong>quae</strong></span> 
     </span>
    </p>

    <p class='ocr_par' dir='ltr' id='par_1_9' title="bbox 308 1870 2066 1969">
     <span class='ocr_line' id='line_1_12' title="bbox 308 1870 2066 1969; baseline 0.001 -24"><span class='ocrx_word' id='word_1_148' title='bbox 308 1874 360 1945; x_wconf 91' lang='lat' dir='ltr'><strong>nis</strong></span> <span class='ocrx_word' id='word_1_149' title='bbox 376 1874 513 1947; x_wconf 86' lang='lat' dir='ltr'><strong>vivens.</strong></span> <span class='ocrx_word' id='word_1_150' title='bbox 564 1873 652 1947; x_wconf 90' lang='lat' dir='ltr'><strong>ltem</strong></span> <span class='ocrx_word' id='word_1_151' title='bbox 669 1872 745 1949; x_wconf 90' lang='lat' dir='ltr'><strong>lob.</strong></span> <span class='ocrx_word' id='word_1_152' title='bbox 763 1874 824 1947; x_wconf 88' lang='grc'><strong>19.</strong></span> <span class='ocrx_word' id='word_1_153' title='bbox 836 1896 855 1943; x_wconf 77' lang='lat' dir='ltr'><strong>s·</strong></span> <span class='ocrx_word' id='word_1_154' title='bbox 872 1871 985 1960; x_wconf 89' lang='lat' dir='ltr'><strong>Vere,</strong></span> <span class='ocrx_word' id='word_1_155' title='bbox 1010 1874 1083 1946; x_wconf 91' lang='lat' dir='ltr'><strong>scio</strong></span> <span class='ocrx_word' id='word_1_156' title='bbox 1104 1876 1201 1969; x_wconf 90' lang='lat' dir='ltr'><strong>quod</strong></span> <span class='ocrx_word' id='word_1_157' title='bbox 1219 1898 1294 1947; x_wconf 93' lang='lat' dir='ltr'><strong>non</strong></span> <span class='ocrx_word' id='word_1_158' title='bbox 1344 1890 1465 1949; x_wconf 87' lang='lat' dir='ltr'><strong>movet</strong></span> <span class='ocrx_word' id='word_1_159' title='bbox 1488 1870 1651 1947; x_wconf 90' lang='lat' dir='ltr'><strong>homines</strong></span> <span class='ocrx_word' id='word_1_160' title='bbox 1670 1875 1715 1946; x_wconf 91' lang='lat' dir='ltr'><strong>ad</strong></span> <span class='ocrx_word' id='word_1_161' title='bbox 1739 1874 1831 1946; x_wconf 86' lang='lat' dir='ltr'><strong>insta</strong></span> <span class='ocrx_word' id='word_1_162' title='bbox 1851 1875 2066 1948; x_wconf 82' lang='lat' dir='ltr'><strong>faciendum.</strong></span> 
     </span>
    </p>

    <p class='ocr_par' dir='ltr' id='par_1_10' title="bbox 309 1968 2334 2071">
     <span class='ocr_line' id='line_1_13' title="bbox 309 1968 2334 2071; baseline 0.002 -24"><span class='ocrx_word' id='word_1_163' title='bbox 309 1976 351 2047; x_wconf 90' lang='lat' dir='ltr'><strong>sit</strong></span> <span class='ocrx_word' id='word_1_164' title='bbox 371 1968 484 2048; x_wconf 89' lang='lat' dir='ltr'><strong>homo</strong></span> <span class='ocrx_word' id='word_1_165' title='bbox 507 1975 621 2049; x_wconf 87' lang='lat' dir='ltr'><strong>iustus</strong></span> <span class='ocrx_word' id='word_1_166' title='bbox 640 2001 759 2049; x_wconf 88' lang='lat' dir='ltr'><strong>coram</strong></span> <span class='ocrx_word' id='word_1_167' title='bbox 780 1972 871 2053; x_wconf 84' lang='lat' dir='ltr'><strong>Deo.</strong></span> <span class='ocrx_word' id='word_1_168' title='bbox 920 1972 970 2049; x_wconf 86' lang='lat' dir='ltr'><strong>Et</strong></span> <span class='ocrx_word' id='word_1_169' title='bbox 984 1989 1127 2049; x_wconf 88' lang='lat' dir='ltr'><strong>econtra</strong></span> <span class='ocrx_word' id='word_1_170' title='bbox 1152 1976 1292 2049; x_wconf 90' lang='lat' dir='ltr'><strong>intuea·</strong></span> <span class='ocrx_word' id='word_1_171' title='bbox 1443 1974 1524 2049; x_wconf 90' lang='lat' dir='ltr'><strong>Etsi</strong></span> <span class='ocrx_word' id='word_1_172' title='bbox 1540 1990 1657 2051; x_wconf 86' lang='lat' dir='ltr'><strong>autem</strong></span> <span class='ocrx_word' id='word_1_173' title='bbox 1675 2000 1798 2047; x_wconf 87' lang='lat' dir='ltr'><strong>verum</strong></span> <span class='ocrx_word' id='word_1_174' title='bbox 1813 1989 1880 2064; x_wconf 89' lang='lat' dir='ltr'><strong>est,</strong></span> <span class='ocrx_word' id='word_1_175' title='bbox 1897 2001 1977 2049; x_wconf 90' lang='lat' dir='ltr'><strong>com</strong></span> <span class='ocrx_word' id='word_1_176' title='bbox 1994 1979 2063 2051; x_wconf 89' lang='lat' dir='ltr'><strong>lide</strong></span> <span class='ocrx_word' id='word_1_177' title='bbox 2080 1978 2252 2071; x_wconf 89' lang='lat' dir='ltr'><strong>recipitur</strong></span> <span class='ocrx_word' id='word_1_178' title='bbox 2266 1975 2334 2051; x_wconf 91' lang='lat' dir='ltr'><strong>ho·</strong></span> 
     </span>
    </p>

    <p class='ocr_par' dir='ltr' id='par_1_11' title="bbox 309 2074 2332 2173">
     <span class='ocr_line' id='line_1_14' title="bbox 309 2074 2332 2173; baseline 0.002 -24"><span class='ocrx_word' id='word_1_179' title='bbox 309 2102 386 2149; x_wconf 89' lang='lat' dir='ltr'><strong>mur</strong></span> <span class='ocrx_word' id='word_1_180' title='bbox 406 2074 501 2151; x_wconf 88' lang='lat' dir='ltr'><strong>hanc</strong></span> <span class='ocrx_word' id='word_1_181' title='bbox 524 2104 644 2151; x_wconf 91' lang='lat' dir='ltr'><strong>veram</strong></span> <span class='ocrx_word' id='word_1_182' title='bbox 662 2078 962 2165; x_wconf 83' lang='lat' dir='ltr'><strong>consolationem,</strong></span> <span class='ocrx_word' id='word_1_183' title='bbox 1000 2081 1098 2173; x_wconf 88' lang='lat' dir='ltr'><strong>quod</strong></span> <span class='ocrx_word' id='word_1_184' title='bbox 1119 2078 1292 2153; x_wconf 88' lang='lat' dir='ltr'><strong>immensa</strong></span> <span class='ocrx_word' id='word_1_185' title='bbox 1342 2103 1421 2165; x_wconf 88' lang='lat' dir='ltr'><strong>mo,</strong></span> <span class='ocrx_word' id='word_1_186' title='bbox 1447 2074 1517 2151; x_wconf 92' lang='lat' dir='ltr'><strong>hoc</strong></span> <span class='ocrx_word' id='word_1_187' title='bbox 1539 2094 1607 2165; x_wconf 90' lang='lat' dir='ltr'><strong>est,</strong></span> <span class='ocrx_word' id='word_1_188' title='bbox 1631 2078 1760 2152; x_wconf 84' lang='lat' dir='ltr'><strong>fidncia</strong></span> <span class='ocrx_word' id='word_1_189' title='bbox 1782 2078 2063 2167; x_wconf 82' lang='lat' dir='ltr'><strong>misericordiae,</strong></span> <span class='ocrx_word' id='word_1_190' title='bbox 2088 2081 2196 2153; x_wconf 87' lang='lat' dir='ltr'><strong>simul</strong></span> <span class='ocrx_word' id='word_1_191' title='bbox 2214 2080 2332 2155; x_wconf 85' lang='lat' dir='ltr'><strong>Deum</strong></span> 
     </span>
    </p>

    <p class='ocr_par' dir='ltr' id='par_1_12' title="bbox 310 2179 2332 2279">
     <span class='ocr_line' id='line_1_15' title="bbox 310 2179 2332 2279; baseline 0.002 -28"><span class='ocrx_word' id='word_1_192' title='bbox 310 2180 480 2274; x_wconf 82' lang='lat' dir='ltr'><strong>sapientia</strong></span> <span class='ocrx_word' id='word_1_193' title='bbox 511 2197 547 2256; x_wconf 93' lang='lat' dir='ltr'><strong>et</strong></span> <span class='ocrx_word' id='word_1_194' title='bbox 566 2182 725 2254; x_wconf 88' lang='lat' dir='ltr'><strong>bonitate</strong></span> <span class='ocrx_word' id='word_1_195' title='bbox 739 2179 838 2253; x_wconf 90' lang='lat' dir='ltr'><strong>Deus</strong></span> <span class='ocrx_word' id='word_1_196' title='bbox 857 2180 993 2255; x_wconf 90' lang='lat' dir='ltr'><strong>miserit</strong></span> <span class='ocrx_word' id='word_1_197' title='bbox 1009 2181 1144 2268; x_wconf 87' lang='lat' dir='ltr'><strong>lilium,</strong></span> <span class='ocrx_word' id='word_1_198' title='bbox 1168 2196 1203 2254; x_wconf 94' lang='lat' dir='ltr'><strong>et</strong></span> <span class='ocrx_word' id='word_1_199' title='bbox 1226 2206 1291 2251; x_wconf 91' lang='lat' dir='ltr'><strong>vo·</strong></span> <span class='ocrx_word' id='word_1_200' title='bbox 1342 2182 1517 2261; x_wconf 80' lang='lat' dir='ltr'><strong>efficacem</strong></span> <span class='ocrx_word' id='word_1_201' title='bbox 1545 2204 1620 2254; x_wconf 90' lang='lat' dir='ltr'><strong>esse</strong></span> <span class='ocrx_word' id='word_1_202' title='bbox 1649 2180 1687 2251; x_wconf 94' lang='lat' dir='ltr'><strong>in</strong></span> <span class='ocrx_word' id='word_1_203' title='bbox 1721 2182 1910 2255; x_wconf 88' lang='lat' dir='ltr'><strong>credente:</strong></span> <span class='ocrx_word' id='word_1_204' title='bbox 1950 2196 2068 2255; x_wconf 85' lang='lat' dir='ltr'><strong>tamen</strong></span> <span class='ocrx_word' id='word_1_205' title='bbox 2093 2182 2157 2254; x_wconf 90' lang='lat' dir='ltr'><strong>illa</strong></span> <span class='ocrx_word' id='word_1_206' title='bbox 2182 2206 2332 2279; x_wconf 90' lang='lat' dir='ltr'><strong>sequeus</strong></span> 
     </span>
    </p>

    <p class='ocr_par' dir='ltr' id='par_1_13' title="bbox 310 2273 2331 2378">
     <span class='ocr_line' id='line_1_16' title="bbox 310 2273 2331 2378; baseline 0.002 -26"><span class='ocrx_word' id='word_1_207' title='bbox 310 2281 409 2354; x_wconf 86' lang='lat' dir='ltr'><strong>luerit</strong></span> <span class='ocrx_word' id='word_1_208' title='bbox 430 2306 513 2354; x_wconf 90' lang='lat' dir='ltr'><strong>euru</strong></span> <span class='ocrx_word' id='word_1_209' title='bbox 538 2284 614 2355; x_wconf 88' lang='lat' dir='ltr'><strong>lieri</strong></span> <span class='ocrx_word' id='word_1_210' title='bbox 632 2285 830 2369; x_wconf 89' lang='lat' dir='ltr'><strong>victimam,</strong></span> <span class='ocrx_word' id='word_1_211' title='bbox 861 2297 895 2354; x_wconf 90' lang='lat' dir='ltr'><strong>et</strong></span> <span class='ocrx_word' id='word_1_212' title='bbox 909 2282 995 2357; x_wconf 87' lang='lat' dir='ltr'><strong>velit</strong></span> <span class='ocrx_word' id='word_1_213' title='bbox 1010 2284 1062 2355; x_wconf 90' lang='lat' dir='ltr'><strong>sic</strong></span> <span class='ocrx_word' id='word_1_214' title='bbox 1081 2297 1118 2357; x_wconf 90' lang='lat' dir='ltr'><strong>et</strong></span> <span class='ocrx_word' id='word_1_215' title='bbox 1133 2308 1208 2356; x_wconf 92' lang='lat' dir='ltr'><strong>non</strong></span> <span class='ocrx_word' id='word_1_216' title='bbox 1222 2283 1290 2355; x_wconf 87' lang='lat' dir='ltr'><strong>ali·</strong></span> <span class='ocrx_word' id='word_1_217' title='bbox 1342 2286 1483 2357; x_wconf 91' lang='lat' dir='ltr'><strong>novitas</strong></span> <span class='ocrx_word' id='word_1_218' title='bbox 1499 2273 1573 2355; x_wconf 81' lang='lat' dir='ltr'><strong>non</strong></span> <span class='ocrx_word' id='word_1_219' title='bbox 1590 2296 1642 2355; x_wconf 90' lang='lat' dir='ltr'><strong>est</strong></span> <span class='ocrx_word' id='word_1_220' title='bbox 1659 2284 1718 2371; x_wconf 88' lang='lat' dir='ltr'><strong>id,</strong></span> <span class='ocrx_word' id='word_1_221' title='bbox 1743 2286 2002 2378; x_wconf 88' lang='lat' dir='ltr'><strong>propterquod</strong></span> <span class='ocrx_word' id='word_1_222' title='bbox 2023 2306 2173 2377; x_wconf 87' lang='lat' dir='ltr'><strong>persona</strong></span> <span class='ocrx_word' id='word_1_223' title='bbox 2189 2299 2331 2378; x_wconf 89' lang='lat' dir='ltr'><strong>accepta</strong></span> 
     </span>
    </p>

    <p class='ocr_par' dir='ltr' id='par_1_14' title="bbox 309 2384 2332 2479">
     <span class='ocr_line' id='line_1_17' title="bbox 309 2384 2332 2479; baseline 0.001 -24"><span class='ocrx_word' id='word_1_224' title='bbox 309 2396 358 2455; x_wconf 89' lang='lat' dir='ltr'><strong>ter</strong></span> <span class='ocrx_word' id='word_1_225' title='bbox 372 2385 553 2457; x_wconf 88' lang='lat' dir='ltr'><strong>remittere</strong></span> <span class='ocrx_word' id='word_1_226' title='bbox 567 2401 727 2479; x_wconf 89' lang='lat' dir='ltr'><strong>peccata,</strong></span> <span class='ocrx_word' id='word_1_227' title='bbox 754 2399 789 2457; x_wconf 93' lang='lat' dir='ltr'><strong>et</strong></span> <span class='ocrx_word' id='word_1_228' title='bbox 805 2384 987 2457; x_wconf 88' lang='lat' dir='ltr'><strong>restituere</strong></span> <span class='ocrx_word' id='word_1_229' title='bbox 1002 2385 1042 2457; x_wconf 92' lang='lat' dir='ltr'><strong>in</strong></span> <span class='ocrx_word' id='word_1_230' title='bbox 1065 2387 1170 2459; x_wconf 89' lang='lat' dir='ltr'><strong>nobis</strong></span> <span class='ocrx_word' id='word_1_231' title='bbox 1185 2387 1289 2459; x_wconf 89' lang='lat' dir='ltr'><strong>iusti·</strong></span> <span class='ocrx_word' id='word_1_232' title='bbox 1341 2402 1411 2470; x_wconf 88' lang='lat' dir='ltr'><strong>est,</strong></span> <span class='ocrx_word' id='word_1_233' title='bbox 1434 2388 1497 2459; x_wconf 90' lang='lat' dir='ltr'><strong>sed</strong></span> <span class='ocrx_word' id='word_1_234' title='bbox 1519 2410 1657 2478; x_wconf 82' lang='lat' dir='ltr'><strong>semper</strong></span> <span class='ocrx_word' id='word_1_235' title='bbox 1678 2400 1818 2479; x_wconf 89' lang='lat' dir='ltr'><strong>oportet</strong></span> <span class='ocrx_word' id='word_1_236' title='bbox 1835 2388 2038 2478; x_wconf 85' lang='lat' dir='ltr'><strong>praelucere</strong></span> <span class='ocrx_word' id='word_1_237' title='bbox 2061 2388 2188 2473; x_wconf 79' lang='lat' dir='ltr'><strong>fidem,</strong></span> <span class='ocrx_word' id='word_1_238' title='bbox 2213 2386 2332 2471; x_wconf 88' lang='lat' dir='ltr'><strong>idest,</strong></span> 
     </span>
    </p>

    <p class='ocr_par' dir='ltr' id='par_1_15' title="bbox 306 2483 2358 2685">
     <span class='ocr_line' id='line_1_18' title="bbox 306 2483 2358 2575; baseline 0.002 -18"><span class='ocrx_word' id='word_1_239' title='bbox 306 2486 389 2559; x_wconf 84' lang='lat' dir='ltr'><strong>ciam</strong></span> <span class='ocrx_word' id='word_1_240' title='bbox 413 2502 449 2561; x_wconf 93' lang='lat' dir='ltr'><strong>et</strong></span> <span class='ocrx_word' id='word_1_241' title='bbox 471 2487 605 2575; x_wconf 88' lang='lat' dir='ltr'><strong>vitam,</strong></span> <span class='ocrx_word' id='word_1_242' title='bbox 633 2506 669 2560; x_wconf 91' lang='lat' dir='ltr'><strong>et</strong></span> <span class='ocrx_word' id='word_1_243' title='bbox 692 2488 869 2559; x_wconf 81' lang='lat' dir='ltr'><strong>vivificare</strong></span> <span class='ocrx_word' id='word_1_244' title='bbox 895 2483 1059 2561; x_wconf 87' lang='lat' dir='ltr'><strong>homines</strong></span> <span class='ocrx_word' id='word_1_245' title='bbox 1079 2489 1168 2575; x_wconf 86' lang='lat' dir='ltr'><strong>lide,</strong></span> <span class='ocrx_word' id='word_1_246' title='bbox 1207 2514 1289 2561; x_wconf 90' lang='lat' dir='ltr'><strong>cnm</strong></span> <span class='ocrx_word' id='word_1_247' title='bbox 1339 2488 1505 2560; x_wconf 83' lang='lat' dir='ltr'><strong>fiduciam</strong></span> <span class='ocrx_word' id='word_1_248' title='bbox 1534 2488 1818 2572; x_wconf 89' lang='lat' dir='ltr'><strong>misericordiae,</strong></span> <span class='ocrx_word' id='word_1_249' title='bbox 1858 2488 1954 2561; x_wconf 81' lang='lat' dir='ltr'><strong>iuxta</strong></span> <span class='ocrx_word' id='word_1_250' title='bbox 1987 2487 2101 2561; x_wconf 85' lang='lat' dir='ltr'><strong>dicta:</strong></span> <span class='ocrx_word' id='word_1_251' title='bbox 2145 2484 2358 2564; x_wconf 74' lang='lat' dir='ltr'><strong>laetificati,</strong></span> 
     </span>
     <span class='ocr_line' id='line_1_19' title="bbox 306 2586 1752 2685; baseline -0.003 -24"><span class='ocrx_word' id='word_1_252' title='bbox 306 2591 447 2661; x_wconf 91' lang='lat' dir='ltr'><strong>credunt</strong></span> <span class='ocrx_word' id='word_1_253' title='bbox 461 2604 665 2685; x_wconf 76' lang='lat' dir='ltr'><strong>eapropter</strong></span> <span class='ocrx_word' id='word_1_254' title='bbox 679 2592 793 2663; x_wconf 85' lang='lat' dir='ltr'><strong>filium</strong></span> <span class='ocrx_word' id='word_1_255' title='bbox 809 2590 1040 2662; x_wconf 87' lang='lat' dir='ltr'><strong>mediatorem</strong></span> <span class='ocrx_word' id='word_1_256' title='bbox 1055 2592 1164 2682; x_wconf 85' lang='lat' dir='ltr'><strong>gratis</strong></span> <span class='ocrx_word' id='word_1_257' title='bbox 1177 2592 1289 2684; x_wconf 84' lang='lat' dir='ltr'><strong>recipi</strong></span> <span class='ocrx_word' id='word_1_258' title='bbox 1338 2592 1408 2663; x_wconf 84' lang='lat' dir='ltr'><strong>lide</strong></span> <span class='ocrx_word' id='word_1_259' title='bbox 1427 2615 1549 2685; x_wconf 90' lang='lat' dir='ltr'><strong>pacem</strong></span> <span class='ocrx_word' id='word_1_260' title='bbox 1570 2586 1752 2663; x_wconf 84' lang='lat' dir='ltr'><strong>hahemus.</strong></span> 
     </span>
    </p>

    <p class='ocr_par' dir='ltr' id='par_1_16' title="bbox 305 2692 1290 2989">
     <span class='ocr_line' id='line_1_20' title="bbox 305 2692 1290 2786; baseline 0.005 -25"><span class='ocrx_word' id='word_1_261' title='bbox 305 2704 335 2763; x_wconf 91' lang='lat' dir='ltr'><strong>et</strong></span> <span class='ocrx_word' id='word_1_262' title='bbox 347 2692 551 2777; x_wconf 81' lang='lat' dir='ltr'><strong>iustificari,</strong></span> <span class='ocrx_word' id='word_1_263' title='bbox 572 2718 647 2766; x_wconf 92' lang='lat' dir='ltr'><strong>non</strong></span> <span class='ocrx_word' id='word_1_264' title='bbox 664 2706 811 2786; x_wconf 89' lang='lat' dir='ltr'><strong>propter</strong></span> <span class='ocrx_word' id='word_1_265' title='bbox 823 2692 916 2763; x_wconf 89' lang='lat' dir='ltr'><strong>ullas</strong></span> <span class='ocrx_word' id='word_1_266' title='bbox 935 2707 1076 2765; x_wconf 87' lang='lat' dir='ltr'><strong>nostras</strong></span> <span class='ocrx_word' id='word_1_267' title='bbox 1091 2694 1239 2766; x_wconf 88' lang='lat' dir='ltr'><strong>virtutes</strong></span> <span class='ocrx_word' id='word_1_268' title='bbox 1254 2707 1290 2766; x_wconf 86' lang='lat' dir='ltr'><strong>et</strong></span> 
     </span>
     <span class='ocr_line' id='line_1_21' title="bbox 306 2791 1289 2888; baseline 0.006 -25"><span class='ocrx_word' id='word_1_269' title='bbox 306 2817 421 2887; x_wconf 89' lang='lat' dir='ltr'><strong>opera,</strong></span> <span class='ocrx_word' id='word_1_270' title='bbox 440 2795 539 2869; x_wconf 84' lang='lat' dir='ltr'><strong>sicut</strong></span> <span class='ocrx_word' id='word_1_271' title='bbox 555 2792 641 2869; x_wconf 89' lang='lat' dir='ltr'><strong>haec</strong></span> <span class='ocrx_word' id='word_1_272' title='bbox 657 2795 791 2869; x_wconf 86' lang='lat' dir='ltr'><strong>Paulus</strong></span> <span class='ocrx_word' id='word_1_273' title='bbox 815 2794 853 2865; x_wconf 92' lang='lat' dir='ltr'><strong>in</strong></span> <span class='ocrx_word' id='word_1_274' title='bbox 868 2791 1032 2888; x_wconf 81' lang='lat' dir='ltr'><strong>Epistola</strong></span> <span class='ocrx_word' id='word_1_275' title='bbox 1043 2798 1089 2869; x_wconf 87' lang='lat' dir='ltr'><strong>ad</strong></span> <span class='ocrx_word' id='word_1_276' title='bbox 1102 2794 1289 2871; x_wconf 81' lang='lat' dir='ltr'><strong>Romanoa</strong></span> 
     </span>
     <span class='ocr_line' id='line_1_22' title="bbox 305 2896 617 2989; baseline 0.019 -23"><span class='ocrx_word' id='word_1_277' title='bbox 305 2896 468 2989; x_wconf 82' lang='lat' dir='ltr'><strong>prolixius</strong></span> <span class='ocrx_word' id='word_1_278' title='bbox 498 2900 617 2972; x_wconf 80' lang='lat' dir='ltr'><strong>tradit.</strong></span> 
     </span>
    </p>

    <p class='ocr_par' dir='ltr' id='par_1_17' title="bbox 304 2988 2327 4531">
     <span class='ocr_line' id='line_1_23' title="bbox 397 2988 2327 3097; baseline -0.001 -25"><span class='ocrx_word' id='word_1_279' title='bbox 397 2995 450 3072; x_wconf 83' lang='lat' dir='ltr'><strong>Ac</strong></span> <span class='ocrx_word' id='word_1_280' title='bbox 487 3002 660 3094; x_wconf 86' lang='lat' dir='ltr'><strong>siguificat</strong></span> <span class='ocrx_word' id='word_1_281' title='bbox 680 2998 787 3071; x_wconf 84' lang='lat' dir='ltr'><strong>Fides</strong></span> <span class='ocrx_word' id='word_1_282' title='bbox 812 3022 890 3070; x_wconf 90' lang='lat' dir='ltr'><strong>non</strong></span> <span class='ocrx_word' id='word_1_283' title='bbox 912 2999 1082 3073; x_wconf 85' lang='lat' dir='ltr'><strong>noticiam</strong></span> <span class='ocrx_word' id='word_1_284' title='bbox 1105 2995 1289 3088; x_wconf 85' lang='lat' dir='ltr'><strong>historiae,</strong></span> <span class='ocrx_word' id='word_1_285' title='bbox 1440 3001 1555 3095; x_wconf 87' lang='lat' dir='ltr'><strong>Saepe</strong></span> <span class='ocrx_word' id='word_1_286' title='bbox 1568 3002 1697 3097; x_wconf 89' lang='lat' dir='ltr'><strong>repetit</strong></span> <span class='ocrx_word' id='word_1_287' title='bbox 1712 2988 1928 3075; x_wconf 85' lang='lat' dir='ltr'><strong>mentionem</strong></span> <span class='ocrx_word' id='word_1_288' title='bbox 1945 3002 2156 3089; x_wconf 89' lang='lat' dir='ltr'><strong>ministerii,</strong></span> <span class='ocrx_word' id='word_1_289' title='bbox 2181 3014 2222 3073; x_wconf 89' lang='lat' dir='ltr'><strong>nt</strong></span> <span class='ocrx_word' id='word_1_290' title='bbox 2237 3000 2327 3071; x_wconf 88' lang='lat' dir='ltr'><strong>scia·</strong></span> 
     </span>
     <span class='ocr_line' id='line_1_24' title="bbox 309 3100 2327 3198; baseline -0.001 -25"><span class='ocrx_word' id='word_1_291' title='bbox 309 3102 411 3195; x_wconf 80' lang='lat' dir='ltr'><strong>qualis</strong></span> <span class='ocrx_word' id='word_1_292' title='bbox 429 3116 464 3176; x_wconf 91' lang='lat' dir='ltr'><strong>et</strong></span> <span class='ocrx_word' id='word_1_293' title='bbox 495 3104 535 3175; x_wconf 91' lang='lat' dir='ltr'><strong>in</strong></span> <span class='ocrx_word' id='word_1_294' title='bbox 555 3104 709 3174; x_wconf 81' lang='lat' dir='ltr'><strong>diabolis</strong></span> <span class='ocrx_word' id='word_1_295' title='bbox 730 3115 802 3189; x_wconf 87' lang='lat' dir='ltr'><strong>est,</strong></span> <span class='ocrx_word' id='word_1_296' title='bbox 826 3104 1092 3175; x_wconf 81' lang='lat' dir='ltr'><strong>sed&#39;assensnm</strong></span> <span class='ocrx_word' id='word_1_297' title='bbox 1116 3127 1187 3198; x_wconf 91' lang='lat' dir='ltr'><strong>quo</strong></span> <span class='ocrx_word' id='word_1_298' title='bbox 1210 3128 1289 3175; x_wconf 91' lang='lat' dir='ltr'><strong>am·</strong></span> <span class='ocrx_word' id='word_1_299' title='bbox 1339 3128 1421 3177; x_wconf 89' lang='lat' dir='ltr'><strong>mus</strong></span> <span class='ocrx_word' id='word_1_300' title='bbox 1443 3104 1625 3177; x_wconf 89' lang='lat' dir='ltr'><strong>voci&#39;eins</strong></span> <span class='ocrx_word' id='word_1_301' title='bbox 1655 3106 1872 3175; x_wconf 88' lang='lat' dir='ltr'><strong>credendum</strong></span> <span class='ocrx_word' id='word_1_302' title='bbox 1906 3128 2001 3188; x_wconf 91' lang='lat' dir='ltr'><strong>esse,</strong></span> <span class='ocrx_word' id='word_1_303' title='bbox 2042 3106 2133 3176; x_wconf 89' lang='lat' dir='ltr'><strong>sicut</strong></span> <span class='ocrx_word' id='word_1_304' title='bbox 2157 3103 2238 3173; x_wconf 91' lang='lat' dir='ltr'><strong>voci</strong></span> <span class='ocrx_word' id='word_1_305' title='bbox 2259 3100 2327 3173; x_wconf 90' lang='lat' dir='ltr'><strong>Dei</strong></span> 
     </span>
     <span class='ocr_line' id='line_1_25' title="bbox 305 3201 2327 3299; baseline 0.001 -26"><span class='ocrx_word' id='word_1_306' title='bbox 305 3204 490 3297; x_wconf 79' lang='lat' dir='ltr'><strong>plectimur</strong></span> <span class='ocrx_word' id='word_1_307' title='bbox 505 3206 787 3299; x_wconf 88' lang='lat' dir='ltr'><strong>promissionem.</strong></span> <span class='ocrx_word' id='word_1_308' title='bbox 833 3202 966 3279; x_wconf 84' lang='lat' dir='ltr'><strong>Paulus</strong></span> <span class='ocrx_word' id='word_1_309' title='bbox 978 3205 1188 3277; x_wconf 87' lang='lat' dir='ltr'><strong>correlative</strong></span> <span class='ocrx_word' id='word_1_310' title='bbox 1201 3230 1288 3278; x_wconf 90' lang='lat' dir='ltr'><strong>con·</strong></span> <span class='ocrx_word' id='word_1_311' title='bbox 1339 3209 1385 3279; x_wconf 93' lang='lat' dir='ltr'><strong>de</strong></span> <span class='ocrx_word' id='word_1_312' title='bbox 1408 3207 1509 3279; x_wconf 91' lang='lat' dir='ltr'><strong>coelo</strong></span> <span class='ocrx_word' id='word_1_313' title='bbox 1531 3208 1692 3294; x_wconf 90' lang='lat' dir='ltr'><strong>sonanti,</strong></span> <span class='ocrx_word' id='word_1_314' title='bbox 1723 3208 1814 3279; x_wconf 89' lang='lat' dir='ltr'><strong>sicot</strong></span> <span class='ocrx_word' id='word_1_315' title='bbox 1840 3207 1959 3279; x_wconf 89' lang='lat' dir='ltr'><strong>Moses</strong></span> <span class='ocrx_word' id='word_1_316' title='bbox 1982 3220 2017 3281; x_wconf 90' lang='lat' dir='ltr'><strong>et</strong></span> <span class='ocrx_word' id='word_1_317' title='bbox 2039 3201 2239 3296; x_wconf 86' lang='lat' dir='ltr'><strong>Prophetae</strong></span> <span class='ocrx_word' id='word_1_318' title='bbox 2257 3204 2327 3274; x_wconf 82' lang='lat' dir='ltr'><strong>di·</strong></span> 
     </span>
     <span class='ocr_line' id='line_1_26' title="bbox 306 3305 2327 3401; baseline -0.001 -24"><span class='ocrx_word' id='word_1_319' title='bbox 306 3308 407 3379; x_wconf 79' lang='lat' dir='ltr'><strong>ueclit</strong></span> <span class='ocrx_word' id='word_1_320' title='bbox 421 3308 467 3379; x_wconf 84' lang='lat' dir='ltr'><strong>fid</strong></span> <span class='ocrx_word' id='word_1_321' title='bbox 480 3333 534 3379; x_wconf 90' lang='lat' dir='ltr'><strong>em</strong></span> <span class='ocrx_word' id='word_1_322' title='bbox 558 3323 593 3381; x_wconf 89' lang='lat' dir='ltr'><strong>et</strong></span> <span class='ocrx_word' id='word_1_323' title='bbox 607 3308 877 3401; x_wconf 88' lang='lat' dir='ltr'><strong>promissionem</strong></span> <span class='ocrx_word' id='word_1_324' title='bbox 891 3306 999 3381; x_wconf 82' lang='lat' dir='ltr'><strong>Rom.</strong></span> <span class='ocrx_word' id='word_1_325' title='bbox 1013 3305 1072 3393; x_wconf 77' lang='grc'><strong>4.,</strong></span> <span class='ocrx_word' id='word_1_326' title='bbox 1097 3322 1130 3381; x_wconf 92' lang='lat' dir='ltr'><strong>et</strong></span> <span class='ocrx_word' id='word_1_327' title='bbox 1146 3322 1289 3381; x_wconf 87' lang='lat' dir='ltr'><strong>enarrat</strong></span> <span class='ocrx_word' id='word_1_328' title='bbox 1339 3324 1448 3383; x_wconf 85' lang='lat' dir='ltr'><strong>cnut:</strong></span> <span class='ocrx_word' id='word_1_329' title='bbox 1489 3308 1586 3381; x_wconf 88' lang='lat' dir='ltr'><strong>llaec</strong></span> <span class='ocrx_word' id='word_1_330' title='bbox 1615 3310 1755 3382; x_wconf 92' lang='lat' dir='ltr'><strong>locutus</strong></span> <span class='ocrx_word' id='word_1_331' title='bbox 1776 3323 1828 3382; x_wconf 92' lang='lat' dir='ltr'><strong>est</strong></span> <span class='ocrx_word' id='word_1_332' title='bbox 1849 3307 2038 3383; x_wconf 90' lang='lat' dir='ltr'><strong>Dominus.</strong></span> <span class='ocrx_word' id='word_1_333' title='bbox 2099 3306 2247 3379; x_wconf 86' lang='lat' dir='ltr'><strong>Necesse</strong></span> <span class='ocrx_word' id='word_1_334' title='bbox 2275 3318 2327 3376; x_wconf 88' lang='lat' dir='ltr'><strong>est</strong></span> 
     </span>
     <span class='ocr_line' id='line_1_27' title="bbox 307 3406 2327 3505; baseline 0.001 -27"><span class='ocrx_word' id='word_1_335' title='bbox 307 3410 516 3483; x_wconf 82' lang='lat' dir='ltr'><strong>vocabulum</strong></span> <span class='ocrx_word' id='word_1_336' title='bbox 536 3406 668 3505; x_wconf 90' lang='lat' dir='ltr'><strong>Ephcs.</strong></span> <span class='ocrx_word' id='word_1_337' title='bbox 691 3412 745 3486; x_wconf 63' lang='lat' dir='ltr'><strong>b:</strong></span> <span class='ocrx_word' id='word_1_338' title='bbox 776 3408 847 3483; x_wconf 89' lang='lat' dir='ltr'><strong>Per</strong></span> <span class='ocrx_word' id='word_1_339' title='bbox 866 3434 972 3505; x_wconf 88' lang='lat' dir='ltr'><strong>quem</strong></span> <span class='ocrx_word' id='word_1_340' title='bbox 997 3412 1169 3485; x_wconf 87' lang='lat' dir='ltr'><strong>audemus</strong></span> <span class='ocrx_word' id='word_1_341' title='bbox 1189 3436 1288 3485; x_wconf 87' lang='lat' dir='ltr'><strong>acce-</strong></span> <span class='ocrx_word' id='word_1_342' title='bbox 1339 3414 1435 3484; x_wconf 90' lang='lat' dir='ltr'><strong>enim</strong></span> <span class='ocrx_word' id='word_1_343' title='bbox 1467 3408 1660 3484; x_wconf 84' lang='lat' dir='ltr'><strong>Ecclesiam</strong></span> <span class='ocrx_word' id='word_1_344' title='bbox 1690 3426 1821 3484; x_wconf 90' lang='lat' dir='ltr'><strong>certam</strong></span> <span class='ocrx_word' id='word_1_345' title='bbox 1850 3434 1950 3504; x_wconf 88' lang='lat' dir='ltr'><strong>esse,</strong></span> <span class='ocrx_word' id='word_1_346' title='bbox 1991 3413 2088 3484; x_wconf 91' lang='lat' dir='ltr'><strong>nude</strong></span> <span class='ocrx_word' id='word_1_347' title='bbox 2116 3421 2255 3502; x_wconf 90' lang='lat' dir='ltr'><strong>accepta</strong></span> <span class='ocrx_word' id='word_1_348' title='bbox 2280 3408 2327 3480; x_wconf 86' lang='lat' dir='ltr'><strong>sit</strong></span> 
     </span>
     <span class='ocr_line' id='line_1_28' title="bbox 307 3510 2325 3610; baseline -0.001 -28"><span class='ocrx_word' id='word_1_349' title='bbox 307 3512 383 3583; x_wconf 89' lang='lat' dir='ltr'><strong>dere</strong></span> <span class='ocrx_word' id='word_1_350' title='bbox 401 3515 440 3586; x_wconf 90' lang='lat' dir='ltr'><strong>in</strong></span> <span class='ocrx_word' id='word_1_351' title='bbox 460 3515 619 3602; x_wconf 76' lang='lat' dir='ltr'><strong>fiducia,</strong></span> <span class='ocrx_word' id='word_1_352' title='bbox 658 3537 749 3608; x_wconf 88' lang='lat' dir='ltr'><strong>quae</strong></span> <span class='ocrx_word' id='word_1_353' title='bbox 772 3528 825 3586; x_wconf 83' lang='lat' dir='ltr'><strong>est</strong></span> <span class='ocrx_word' id='word_1_354' title='bbox 847 3537 911 3605; x_wconf 85' lang='lat' dir='ltr'><strong>per</strong></span> <span class='ocrx_word' id='word_1_355' title='bbox 935 3515 1041 3584; x_wconf 84' lang='lat' dir='ltr'><strong>iidem</strong></span> <span class='ocrx_word' id='word_1_356' title='bbox 1066 3515 1190 3608; x_wconf 87' lang='lat' dir='ltr'><strong>ipsios.</strong></span> <span class='ocrx_word' id='word_1_357' title='bbox 1240 3513 1289 3588; x_wconf 88' lang='lat' dir='ltr'><strong>Et</strong></span> <span class='ocrx_word' id='word_1_358' title='bbox 1338 3517 1517 3602; x_wconf 89' lang='lat' dir='ltr'><strong>doctrina,</strong></span> <span class='ocrx_word' id='word_1_359' title='bbox 1555 3539 1661 3610; x_wconf 88' lang='lat' dir='ltr'><strong>quam</strong></span> <span class='ocrx_word' id='word_1_360' title='bbox 1687 3514 1850 3608; x_wconf 80' lang='lat' dir='ltr'><strong>Apostoli</strong></span> <span class='ocrx_word' id='word_1_361' title='bbox 1879 3514 2151 3598; x_wconf 81' lang='lat' dir='ltr'><strong>circumierunt,</strong></span> <span class='ocrx_word' id='word_1_362' title='bbox 2184 3525 2218 3582; x_wconf 92' lang='lat' dir='ltr'><strong>et</strong></span> <span class='ocrx_word' id='word_1_363' title='bbox 2243 3510 2325 3581; x_wconf 90' lang='lat' dir='ltr'><strong>sciri</strong></span> 
     </span>
     <span class='ocr_line' id='line_1_29' title="bbox 306 3612 2324 3712; baseline -0.001 -28"><span class='ocrx_word' id='word_1_364' title='bbox 306 3613 400 3686; x_wconf 81' lang='lat' dir='ltr'><strong>fidem</strong></span> <span class='ocrx_word' id='word_1_365' title='bbox 432 3631 605 3712; x_wconf 81' lang='lat' dir='ltr'><strong>oportere</strong></span> <span class='ocrx_word' id='word_1_366' title='bbox 638 3615 791 3708; x_wconf 89' lang='lat' dir='ltr'><strong>intelligi</strong></span> <span class='ocrx_word' id='word_1_367' title='bbox 823 3615 990 3688; x_wconf 85' lang='lat' dir='ltr'><strong>fiduciam</strong></span> <span class='ocrx_word' id='word_1_368' title='bbox 1025 3617 1288 3691; x_wconf 87' lang='lat' dir='ltr'><strong>misericordiae</strong></span> <span class='ocrx_word' id='word_1_369' title='bbox 1339 3641 1480 3690; x_wconf 89' lang='lat' dir='ltr'><strong>necesse</strong></span> <span class='ocrx_word' id='word_1_370' title='bbox 1502 3631 1572 3709; x_wconf 90' lang='lat' dir='ltr'><strong>est,</strong></span> <span class='ocrx_word' id='word_1_371' title='bbox 1613 3618 1720 3691; x_wconf 87' lang='lat' dir='ltr'><strong>aliam</strong></span> <span class='ocrx_word' id='word_1_372' title='bbox 1741 3639 1815 3688; x_wconf 89' lang='lat' dir='ltr'><strong>esse</strong></span> <span class='ocrx_word' id='word_1_373' title='bbox 1844 3618 2042 3689; x_wconf 90' lang='lat' dir='ltr'><strong>doctrinam</strong></span> <span class='ocrx_word' id='word_1_374' title='bbox 2071 3616 2176 3706; x_wconf 90' lang='lat' dir='ltr'><strong>legis,</strong></span> <span class='ocrx_word' id='word_1_375' title='bbox 2217 3612 2324 3683; x_wconf 88' lang='lat' dir='ltr'><strong>aliam</strong></span> 
     </span>
     <span class='ocr_line' id='line_1_30' title="bbox 306 3715 2326 3816; baseline -0.002 -28"><span class='ocrx_word' id='word_1_376' title='bbox 306 3732 440 3810; x_wconf 88' lang='lat' dir='ltr'><strong>propter</strong></span> <span class='ocrx_word' id='word_1_377' title='bbox 460 3717 651 3795; x_wconf 76' lang='lat' dir='ltr'><strong>Christum</strong></span> <span class='ocrx_word' id='word_1_378' title='bbox 673 3719 886 3811; x_wconf 87' lang='lat' dir='ltr'><strong>promissae,</strong></span> <span class='ocrx_word' id='word_1_379' title='bbox 916 3719 1071 3792; x_wconf 88' lang='lat' dir='ltr'><strong>ostendit</strong></span> <span class='ocrx_word' id='word_1_380' title='bbox 1090 3721 1166 3812; x_wconf 89' lang='lat' dir='ltr'><strong>ipsa</strong></span> <span class='ocrx_word' id='word_1_381' title='bbox 1193 3721 1288 3793; x_wconf 88' lang='lat' dir='ltr'><strong>anti·</strong></span> <span class='ocrx_word' id='word_1_382' title='bbox 1338 3717 1545 3812; x_wconf 82' lang='lat' dir='ltr'><strong>Evangelii,</strong></span> <span class='ocrx_word' id='word_1_383' title='bbox 1580 3723 1677 3816; x_wconf 90' lang='lat' dir='ltr'><strong>qnod</strong></span> <span class='ocrx_word' id='word_1_384' title='bbox 1699 3719 1931 3791; x_wconf 83' lang='lat' dir='ltr'><strong>concionatur</strong></span> <span class='ocrx_word' id='word_1_385' title='bbox 1952 3721 1998 3790; x_wconf 91' lang='lat' dir='ltr'><strong>de</strong></span> <span class='ocrx_word' id='word_1_386' title='bbox 2017 3715 2326 3810; x_wconf 89' lang='lat' dir='ltr'><strong>promissionibus,</strong></span> 
     </span>
     <span class='ocr_line' id='line_1_31' title="bbox 305 3813 2324 3919; baseline -0.003 -27"><span class='ocrx_word' id='word_1_387' title='bbox 305 3813 424 3911; x_wconf 85' lang='lat' dir='ltr'><strong>thesis,</strong></span> <span class='ocrx_word' id='word_1_388' title='bbox 448 3847 537 3898; x_wconf 85' lang='lat' dir='ltr'><strong>cnm</strong></span> <span class='ocrx_word' id='word_1_389' title='bbox 552 3823 785 3897; x_wconf 89' lang='lat' dir='ltr'><strong>certissimum</strong></span> <span class='ocrx_word' id='word_1_390' title='bbox 803 3821 850 3894; x_wconf 90' lang='lat' dir='ltr'><strong>sit</strong></span> <span class='ocrx_word' id='word_1_391' title='bbox 865 3817 1028 3893; x_wconf 92' lang='lat' dir='ltr'><strong>homines</strong></span> <span class='ocrx_word' id='word_1_392' title='bbox 1043 3836 1187 3914; x_wconf 91' lang='lat' dir='ltr'><strong>propter</strong></span> <span class='ocrx_word' id='word_1_393' title='bbox 1201 3849 1287 3915; x_wconf 92' lang='lat' dir='ltr'><strong>pro·</strong></span> <span class='ocrx_word' id='word_1_394' title='bbox 1338 3847 1431 3919; x_wconf 86' lang='lat' dir='ltr'><strong>qnae</strong></span> <span class='ocrx_word' id='word_1_395' title='bbox 1465 3837 1549 3894; x_wconf 90' lang='lat' dir='ltr'><strong>sunt</strong></span> <span class='ocrx_word' id='word_1_396' title='bbox 1582 3835 1678 3895; x_wconf 84' lang='lat' dir='ltr'><strong>extra</strong></span> <span class='ocrx_word' id='word_1_397' title='bbox 1710 3837 1745 3894; x_wconf 91' lang='lat' dir='ltr'><strong>et</strong></span> <span class='ocrx_word' id='word_1_398' title='bbox 1775 3844 1881 3914; x_wconf 89' lang='lat' dir='ltr'><strong>supra</strong></span> <span class='ocrx_word' id='word_1_399' title='bbox 1915 3821 2134 3893; x_wconf 87' lang='lat' dir='ltr'><strong>intellectum</strong></span> <span class='ocrx_word' id='word_1_400' title='bbox 2161 3818 2324 3887; x_wconf 91' lang='lat' dir='ltr'><strong>omnium</strong></span> 
     </span>
     <span class='ocr_line' id='line_1_32' title="bbox 305 3918 2324 4018; baseline -0.002 -26"><span class='ocrx_word' id='word_1_401' title='bbox 305 3923 392 4012; x_wconf 86' lang='lat' dir='ltr'><strong>prias</strong></span> <span class='ocrx_word' id='word_1_402' title='bbox 407 3928 563 3999; x_wconf 85' lang='lat' dir='ltr'><strong>virtutes</strong></span> <span class='ocrx_word' id='word_1_403' title='bbox 578 3941 612 3999; x_wconf 92' lang='lat' dir='ltr'><strong>et</strong></span> <span class='ocrx_word' id='word_1_404' title='bbox 627 3949 735 4018; x_wconf 87' lang='lat' dir='ltr'><strong>opera</strong></span> <span class='ocrx_word' id='word_1_405' title='bbox 755 3948 829 3995; x_wconf 93' lang='lat' dir='ltr'><strong>non</strong></span> <span class='ocrx_word' id='word_1_406' title='bbox 851 3947 925 3994; x_wconf 90' lang='lat' dir='ltr'><strong>esse</strong></span> <span class='ocrx_word' id='word_1_407' title='bbox 940 3924 1051 3996; x_wconf 91' lang='lat' dir='ltr'><strong>iustos</strong></span> <span class='ocrx_word' id='word_1_408' title='bbox 1065 3949 1184 3996; x_wconf 87' lang='lat' dir='ltr'><strong>coram</strong></span> <span class='ocrx_word' id='word_1_409' title='bbox 1198 3923 1288 4014; x_wconf 86' lang='lat' dir='ltr'><strong>Deo,</strong></span> <span class='ocrx_word' id='word_1_410' title='bbox 1337 3939 1598 4012; x_wconf 88' lang='lat' dir='ltr'><strong>creaturarum,</strong></span> <span class='ocrx_word' id='word_1_411' title='bbox 1622 3939 1657 3997; x_wconf 87' lang='lat' dir='ltr'><strong>et</strong></span> <span class='ocrx_word' id='word_1_412' title='bbox 1680 3938 1764 3996; x_wconf 87' lang='lat' dir='ltr'><strong>sunt</strong></span> <span class='ocrx_word' id='word_1_413' title='bbox 1785 3947 1827 3995; x_wconf 86' lang='lat' dir='ltr'><strong>ex</strong></span> <span class='ocrx_word' id='word_1_414' title='bbox 1851 3923 1932 3994; x_wconf 91' lang='lat' dir='ltr'><strong>sinu</strong></span> <span class='ocrx_word' id='word_1_415' title='bbox 1956 3923 2088 3995; x_wconf 88' lang='lat' dir='ltr'><strong>aeterni</strong></span> <span class='ocrx_word' id='word_1_416' title='bbox 2106 3918 2215 4013; x_wconf 88' lang='lat' dir='ltr'><strong>patris</strong></span> <span class='ocrx_word' id='word_1_417' title='bbox 2240 3941 2324 4011; x_wconf 91' lang='lat' dir='ltr'><strong>pro-</strong></span> 
     </span>
     <span class='ocr_line' id='line_1_33' title="bbox 305 4021 2323 4121; baseline -0.003 -25"><span class='ocrx_word' id='word_1_418' title='bbox 305 4026 358 4096; x_wconf 91' lang='lat' dir='ltr'><strong>sed</strong></span> <span class='ocrx_word' id='word_1_419' title='bbox 382 4051 444 4119; x_wconf 90' lang='lat' dir='ltr'><strong>per</strong></span> <span class='ocrx_word' id='word_1_420' title='bbox 471 4029 766 4114; x_wconf 88' lang='lat' dir='ltr'><strong>misericordiam,</strong></span> <span class='ocrx_word' id='word_1_421' title='bbox 791 4043 831 4100; x_wconf 89' lang='lat' dir='ltr'><strong>ut</strong></span> <span class='ocrx_word' id='word_1_422' title='bbox 857 4024 1019 4098; x_wconf 84' lang='lat' dir='ltr'><strong>Psalmus</strong></span> <span class='ocrx_word' id='word_1_423' title='bbox 1038 4027 1176 4121; x_wconf 85' lang='lat' dir='ltr'><strong>inquit:</strong></span> <span class='ocrx_word' id='word_1_424' title='bbox 1203 4028 1286 4102; x_wconf 85' lang='lat' dir='ltr'><strong>Sal·</strong></span> <span class='ocrx_word' id='word_1_425' title='bbox 1338 4030 1429 4101; x_wconf 85' lang='lat' dir='ltr'><strong>latae</strong></span> <span class='ocrx_word' id='word_1_426' title='bbox 1461 4052 1527 4120; x_wconf 88' lang='lat' dir='ltr'><strong>per</strong></span> <span class='ocrx_word' id='word_1_427' title='bbox 1557 4029 1683 4102; x_wconf 89' lang='lat' dir='ltr'><strong>lilium.</strong></span> <span class='ocrx_word' id='word_1_428' title='bbox 1734 4021 1783 4098; x_wconf 92' lang='lat' dir='ltr'><strong>Et</strong></span> <span class='ocrx_word' id='word_1_429' title='bbox 1809 4026 1958 4097; x_wconf 89' lang='lat' dir='ltr'><strong>tradidit</strong></span> <span class='ocrx_word' id='word_1_430' title='bbox 1990 4023 2087 4096; x_wconf 89' lang='lat' dir='ltr'><strong>Deus</strong></span> <span class='ocrx_word' id='word_1_431' title='bbox 2120 4021 2323 4094; x_wconf 86' lang='lat' dir='ltr'><strong>testimonia</strong></span> 
     </span>
     <span class='ocr_line' id='line_1_34' title="bbox 305 4121 2324 4226; baseline -0.003 -28"><span class='ocrx_word' id='word_1_432' title='bbox 305 4149 382 4198; x_wconf 81' lang='lat' dir='ltr'><strong>vum</strong></span> <span class='ocrx_word' id='word_1_433' title='bbox 395 4157 452 4223; x_wconf 81' lang='lat' dir='ltr'><strong>pre</strong></span> <span class='ocrx_word' id='word_1_434' title='bbox 472 4133 528 4204; x_wconf 88' lang='lat' dir='ltr'><strong>iac</strong></span> <span class='ocrx_word' id='word_1_435' title='bbox 537 4146 681 4225; x_wconf 89' lang='lat' dir='ltr'><strong>propter</strong></span> <span class='ocrx_word' id='word_1_436' title='bbox 689 4130 967 4201; x_wconf 88' lang='lat' dir='ltr'><strong>miscricordiam</strong></span> <span class='ocrx_word' id='word_1_437' title='bbox 983 4141 1098 4203; x_wconf 84' lang='lat' dir='ltr'><strong>tuam:</strong></span> <span class='ocrx_word' id='word_1_438' title='bbox 1114 4128 1286 4226; x_wconf 86' lang='lat' dir='ltr'><strong>Sequitur</strong></span> <span class='ocrx_word' id='word_1_439' title='bbox 1336 4128 1525 4222; x_wconf 82' lang='lat' dir='ltr'><strong>Evangelii</strong></span> <span class='ocrx_word' id='word_1_440' title='bbox 1547 4129 1716 4202; x_wconf 91' lang='lat' dir='ltr'><strong>omnihus</strong></span> <span class='ocrx_word' id='word_1_441' title='bbox 1739 4129 1958 4220; x_wconf 89' lang='lat' dir='ltr'><strong>temporibus</strong></span> <span class='ocrx_word' id='word_1_442' title='bbox 1982 4127 2067 4197; x_wconf 90' lang='lat' dir='ltr'><strong>inde</strong></span> <span class='ocrx_word' id='word_1_443' title='bbox 2083 4147 2196 4219; x_wconf 89' lang='lat' dir='ltr'><strong>usque</strong></span> <span class='ocrx_word' id='word_1_444' title='bbox 2212 4147 2232 4194; x_wconf 91' lang='lat' dir='ltr'><strong>a</strong></span> <span class='ocrx_word' id='word_1_445' title='bbox 2248 4121 2324 4216; x_wconf 90' lang='lat' dir='ltr'><strong>pri-</strong></span> 
     </span>
     <span class='ocr_line' id='line_1_35' title="bbox 304 4229 2322 4325; baseline -0.004 -23"><span class='ocrx_word' id='word_1_446' title='bbox 304 4235 518 4317; x_wconf 86' lang='lat' dir='ltr'><strong>necessario,</strong></span> <span class='ocrx_word' id='word_1_447' title='bbox 543 4236 649 4305; x_wconf 85' lang='lat' dir='ltr'><strong>iidem</strong></span> <span class='ocrx_word' id='word_1_448' title='bbox 664 4233 933 4325; x_wconf 88' lang='lat' dir='ltr'><strong>intelligendam</strong></span> <span class='ocrx_word' id='word_1_449' title='bbox 947 4253 1021 4302; x_wconf 88' lang='lat' dir='ltr'><strong>esse</strong></span> <span class='ocrx_word' id='word_1_450' title='bbox 1037 4234 1202 4307; x_wconf 80' lang='lat' dir='ltr'><strong>fiduciam</strong></span> <span class='ocrx_word' id='word_1_451' title='bbox 1214 4239 1286 4308; x_wconf 86' lang='lat' dir='ltr'><strong>mi·</strong></span> <span class='ocrx_word' id='word_1_452' title='bbox 1335 4257 1394 4304; x_wconf 87' lang='lat' dir='ltr'><strong>ma</strong></span> <span class='ocrx_word' id='word_1_453' title='bbox 1414 4233 1642 4304; x_wconf 87' lang='lat' dir='ltr'><strong>revelatione.</strong></span> <span class='ocrx_word' id='word_1_454' title='bbox 1693 4229 1925 4303; x_wconf 88' lang='lat' dir='ltr'><strong>Haecomnia</strong></span> <span class='ocrx_word' id='word_1_455' title='bbox 1947 4229 2204 4302; x_wconf 87' lang='lat' dir='ltr'><strong>consideranda</strong></span> <span class='ocrx_word' id='word_1_456' title='bbox 2226 4237 2322 4308; x_wconf 89' lang='lat' dir='ltr'><strong>sunt,</strong></span> 
     </span>
     <span class='ocr_line' id='line_1_36' title="bbox 305 4329 2324 4430; baseline -0.004 -28"><span class='ocrx_word' id='word_1_457' title='bbox 305 4333 515 4408; x_wconf 84' lang='lat' dir='ltr'><strong>sericordiae</strong></span> <span class='ocrx_word' id='word_1_458' title='bbox 537 4350 682 4430; x_wconf 89' lang='lat' dir='ltr'><strong>propter</strong></span> <span class='ocrx_word' id='word_1_459' title='bbox 706 4334 820 4406; x_wconf 87' lang='lat' dir='ltr'><strong>hlium</strong></span> <span class='ocrx_word' id='word_1_460' title='bbox 840 4333 1046 4426; x_wconf 87' lang='lat' dir='ltr'><strong>promissae.</strong></span> <span class='ocrx_word' id='word_1_461' title='bbox 1097 4336 1192 4429; x_wconf 87' lang='lat' dir='ltr'><strong>Quia</strong></span> <span class='ocrx_word' id='word_1_462' title='bbox 1215 4341 1287 4411; x_wconf 86' lang='lat' dir='ltr'><strong>mi·</strong></span> <span class='ocrx_word' id='word_1_463' title='bbox 1337 4337 1481 4430; x_wconf 86' lang='lat' dir='ltr'><strong>qnando</strong></span> <span class='ocrx_word' id='word_1_464' title='bbox 1517 4334 1709 4409; x_wconf 88' lang='lat' dir='ltr'><strong>ministerii</strong></span> <span class='ocrx_word' id='word_1_465' title='bbox 1738 4334 1795 4405; x_wconf 90' lang='lat' dir='ltr'><strong>sni</strong></span> <span class='ocrx_word' id='word_1_466' title='bbox 1822 4333 2031 4425; x_wconf 86' lang='lat' dir='ltr'><strong>dignitatem</strong></span> <span class='ocrx_word' id='word_1_467' title='bbox 2062 4329 2195 4403; x_wconf 85' lang='lat' dir='ltr'><strong>Paulus</strong></span> <span class='ocrx_word' id='word_1_468' title='bbox 2225 4349 2324 4397; x_wconf 91' lang='lat' dir='ltr'><strong>com-</strong></span> 
     </span>
     <span class='ocr_line' id='line_1_37' title="bbox 305 4433 1522 4531; baseline 0.009 -27"><span class='ocrx_word' id='word_1_469' title='bbox 305 4436 494 4511; x_wconf 87' lang='lat' dir='ltr'><strong>sericordia</strong></span> <span class='ocrx_word' id='word_1_470' title='bbox 514 4440 618 4511; x_wconf 89' lang='lat' dir='ltr'><strong>aliter</strong></span> <span class='ocrx_word' id='word_1_471' title='bbox 633 4433 852 4531; x_wconf 88' lang='lat' dir='ltr'><strong>apprehendi</strong></span> <span class='ocrx_word' id='word_1_472' title='bbox 872 4461 946 4508; x_wconf 93' lang='lat' dir='ltr'><strong>non</strong></span> <span class='ocrx_word' id='word_1_473' title='bbox 962 4451 1094 4530; x_wconf 88' lang='lat' dir='ltr'><strong>potest,</strong></span> <span class='ocrx_word' id='word_1_474' title='bbox 1119 4442 1191 4512; x_wconf 89' lang='lat' dir='ltr'><strong>nisi</strong></span> <span class='ocrx_word' id='word_1_475' title='bbox 1203 4444 1285 4526; x_wconf 84' lang='lat' dir='ltr'><strong>tide,</strong></span> <span class='ocrx_word' id='word_1_476' title='bbox 1335 4452 1522 4515; x_wconf 80' lang='lat' dir='ltr'><strong>memorat.</strong></span> 
     </span>
    </p>
   </div>
   <div class='ocr_carea' id='block_1_3' title="bbox 307 4535 2326 4737">
    <p class='ocr_par' dir='ltr' id='par_1_18' title="bbox 307 4535 2326 4737">
     <span class='ocr_line' id='line_1_38' title="bbox 308 4535 2087 4636; baseline -0.004 -30"><span class='ocrx_word' id='word_1_477' title='bbox 308 4549 340 4607; x_wconf 88' lang='lat' dir='ltr'><strong>et</strong></span> <span class='ocrx_word' id='word_1_478' title='bbox 359 4541 552 4614; x_wconf 86' lang='lat' dir='ltr'><strong>asseverari</strong></span> <span class='ocrx_word' id='word_1_479' title='bbox 576 4542 622 4614; x_wconf 89' lang='lat' dir='ltr'><strong>de</strong></span> <span class='ocrx_word' id='word_1_480' title='bbox 650 4540 892 4614; x_wconf 86' lang='lat' dir='ltr'><strong>misericordis</strong></span> <span class='ocrx_word' id='word_1_481' title='bbox 919 4535 1015 4612; x_wconf 91' lang='lat' dir='ltr'><strong>nihil</strong></span> <span class='ocrx_word' id='word_1_482' title='bbox 1040 4559 1178 4636; x_wconf 87' lang='lat' dir='ltr'><strong>posset,</strong></span> <span class='ocrx_word' id='word_1_483' title='bbox 1214 4547 1284 4618; x_wconf 92' lang='lat' dir='ltr'><strong>nisi</strong></span> <span class='ocrx_word' id='word_1_484' title='bbox 1527 4602 1535 4623; x_wconf 82' lang='lat'><strong>,</strong></span> <span class='ocrx_word' id='word_1_485' title='bbox 1666 4601 1674 4620; x_wconf 84' lang='lat'>‚</span> <span class='ocrx_word' id='word_1_486' title='bbox 1716 4601 1723 4619; x_wconf 82' lang='lat'><strong>,</strong></span> <span class='ocrx_word' id='word_1_487' title='bbox 1779 4601 1787 4620; x_wconf 81' lang='grc'>,</span> <span class='ocrx_word' id='word_1_488' title='bbox 1936 4597 1945 4616; x_wconf 82' lang='grc'><strong>,</strong></span> <span class='ocrx_word' id='word_1_489' title='bbox 2079 4596 2087 4614; x_wconf 75' lang='lat'><strong>,</strong></span> 
     </span>
     <span class='ocr_line' id='line_1_39' title="bbox 307 4592 2326 4737; baseline -0.018 -34"><span class='ocrx_word' id='word_1_490' title='bbox 307 4644 490 4728; x_wconf 61' lang='lat' dir='ltr'><strong>promiggio</strong></span> <span class='ocrx_word' id='word_1_491' title='bbox 509 4644 602 4716; x_wconf 58' lang='lat' dir='ltr'><strong>edit,</strong></span> <span class='ocrx_word' id='word_1_492' title='bbox 626 4659 735 4728; x_wconf 54' lang='lat' dir='ltr'><strong>meg,</strong></span> <span class='ocrx_word' id='word_1_493' title='bbox 766 4643 863 4737; x_wconf 69' lang='lat' dir='ltr'><strong>quod</strong></span> <span class='ocrx_word' id='word_1_494' title='bbox 886 4641 981 4713; x_wconf 63' lang='lat' dir='ltr'><strong>filiu,</strong></span> <span class='ocrx_word' id='word_1_495' title='bbox 1002 4648 1109 4717; x_wconf 55' lang='lat' dir='ltr'><strong>„obis</strong></span> <span class='ocrx_word' id='word_1_496' title='bbox 1130 4649 1302 4722; x_wconf 59' lang='lat' dir='ltr'><strong>domm</strong></span> <span class='ocrx_word' id='word_1_497' title='bbox 1335 4600 1495 4680; x_wconf 82' lang='lat' dir='ltr'><strong>Gaudeo</strong></span> <span class='ocrx_word' id='word_1_498' title='bbox 1518 4629 1558 4674; x_wconf 82' lang='lat' dir='ltr'><strong>en</strong></span> <span class='ocrx_word' id='word_1_499' title='bbox 1581 4597 1855 4704; x_wconf 82' lang='lat' dir='ltr'><strong>asstsetsombas</strong></span> <span class='ocrx_word' id='word_1_500' title='bbox 1871 4622 1982 4686; x_wconf 86' lang='lat' dir='ltr'><strong>mess,</strong></span> <span class='ocrx_word' id='word_1_501' title='bbox 2017 4605 2049 4666; x_wconf 86' lang='lat' dir='ltr'><strong>et</strong></span> <span class='ocrx_word' id='word_1_502' title='bbox 2070 4595 2205 4696; x_wconf 76' lang='lat' dir='ltr'><strong>impleo</strong></span> <span class='ocrx_word' id='word_1_503' title='bbox 2224 4592 2326 4696; x_wconf 83' lang='lat' dir='ltr'><strong>qnod</strong></span> 
     </span>
    </p>
   </div>
   <div class='ocr_carea' id='block_1_4' title="bbox 308 4691 2324 5048">
    <p class='ocr_par' dir='ltr' id='par_1_19' title="bbox 308 4691 2324 5048">
     <span class='ocr_line' id='line_1_40' title="bbox 308 4691 2151 4839; baseline 0.004 -30"><span class='ocrx_word' id='word_1_504' title='bbox 308 4755 373 4828; x_wconf 87' lang='lat' dir='ltr'><strong>est,</strong></span> <span class='ocrx_word' id='word_1_505' title='bbox 396 4747 488 4820; x_wconf 87' lang='lat' dir='ltr'><strong>sicut</strong></span> <span class='ocrx_word' id='word_1_506' title='bbox 501 4744 634 4820; x_wconf 85' lang='lat' dir='ltr'><strong>Paulus</strong></span> <span class='ocrx_word' id='word_1_507' title='bbox 647 4746 781 4839; x_wconf 87' lang='lat' dir='ltr'><strong>inquit:</strong></span> <span class='ocrx_word' id='word_1_508' title='bbox 806 4744 938 4819; x_wconf 86' lang='lat' dir='ltr'><strong>Sumus</strong></span> <span class='ocrx_word' id='word_1_509' title='bbox 950 4745 1070 4820; x_wconf 85' lang='lat' dir='ltr'><strong>dilecti</strong></span> <span class='ocrx_word' id='word_1_510' title='bbox 1088 4750 1125 4820; x_wconf 93' lang='lat' dir='ltr'><strong>in</strong></span> <span class='ocrx_word' id='word_1_511' title='bbox 1142 4751 1285 4828; x_wconf 90' lang='lat' dir='ltr'><strong>dilecto.</strong></span> <span class='ocrx_word' id='word_1_512' title='bbox 1503 4702 1598 4779; x_wconf 45' lang='grc' dir='ltr'><strong>ἄας’</strong></span> <span class='ocrx_word' id='word_1_513' title='bbox 1621 4701 1894 4808; x_wconf 53' lang='lat' dir='ltr'><strong>“sflfflmbus</strong></span> <span class='ocrx_word' id='word_1_514' title='bbox 1919 4691 2067 4772; x_wconf 47' lang='lat' dir='ltr'><strong>eluisti</strong></span> <span class='ocrx_word' id='word_1_515' title='bbox 2090 4709 2151 4770; x_wconf 59' lang='lat'><strong>⁶¹⁶¹</strong></span> 
     </span>
     <span class='ocr_line' id='line_1_41' title="bbox 308 4831 2322 4943; baseline -0.003 -34"><span class='ocrx_word' id='word_1_516' title='bbox 308 4835 356 4912; x_wconf 90' lang='lat' dir='ltr'><strong>lta</strong></span> <span class='ocrx_word' id='word_1_517' title='bbox 372 4871 413 4917; x_wconf 82' lang='lat' dir='ltr'><strong>ex</strong></span> <span class='ocrx_word' id='word_1_518' title='bbox 427 4849 506 4943; x_wconf 87' lang='lat' dir='ltr'><strong>ipsa</strong></span> <span class='ocrx_word' id='word_1_519' title='bbox 521 4844 688 4921; x_wconf 86' lang='lat' dir='ltr'><strong>antithesi</strong></span> <span class='ocrx_word' id='word_1_520' title='bbox 708 4847 908 4919; x_wconf 84' lang='lat' dir='ltr'><strong>firmissime</strong></span> <span class='ocrx_word' id='word_1_521' title='bbox 926 4851 1146 4936; x_wconf 90' lang='lat' dir='ltr'><strong>ostenditur,</strong></span> <span class='ocrx_word' id='word_1_522' title='bbox 1179 4855 1283 4925; x_wconf 78' lang='lat' dir='ltr'><strong>fidem</strong></span> <span class='ocrx_word' id='word_1_523' title='bbox 1437 4838 1649 4915; x_wconf 83' lang='lat' dir='ltr'><strong>Offenditur</strong></span> <span class='ocrx_word' id='word_1_524' title='bbox 1676 4855 1792 4912; x_wconf 89' lang='lat' dir='ltr'><strong>autem</strong></span> <span class='ocrx_word' id='word_1_525' title='bbox 1819 4837 1910 4907; x_wconf 88' lang='lat' dir='ltr'><strong>ratio</strong></span> <span class='ocrx_word' id='word_1_526' title='bbox 1943 4835 2058 4930; x_wconf 89' lang='lat' dir='ltr'><strong>specie</strong></span> <span class='ocrx_word' id='word_1_527' title='bbox 2082 4832 2210 4906; x_wconf 87' lang='lat' dir='ltr'><strong>Crucis</strong></span> <span class='ocrx_word' id='word_1_528' title='bbox 2230 4847 2264 4905; x_wconf 93' lang='lat' dir='ltr'><strong>et</strong></span> <span class='ocrx_word' id='word_1_529' title='bbox 2284 4831 2322 4902; x_wconf 90' lang='lat' dir='ltr'><strong>in</strong></span> 
     </span>
     <span class='ocr_line' id='line_1_42' title="bbox 308 4919 2324 5048; baseline -0.001 -38"><span class='ocrx_word' id='word_1_530' title='bbox 308 4939 569 5042; x_wconf 83' lang='lat' dir='ltr'><strong>intelligendam</strong></span> <span class='ocrx_word' id='word_1_531' title='bbox 589 4950 842 5024; x_wconf 77' lang='lat' dir='ltr'><strong>esseficlnciam</strong></span> <span class='ocrx_word' id='word_1_532' title='bbox 861 4951 1286 5048; x_wconf 78' lang='lat' dir='ltr'><strong>misericordiaepropter</strong></span> <span class='ocrx_word' id='word_1_533' title='bbox 1336 4947 1546 5020; x_wconf 88' lang='lat' dir='ltr'><strong>docentibus</strong></span> <span class='ocrx_word' id='word_1_534' title='bbox 1570 4958 1604 5014; x_wconf 91' lang='lat' dir='ltr'><strong>ct</strong></span> <span class='ocrx_word' id='word_1_535' title='bbox 1628 4944 1666 5012; x_wconf 92' lang='lat' dir='ltr'><strong>in</strong></span> <span class='ocrx_word' id='word_1_536' title='bbox 1690 4956 1763 5015; x_wconf 87' lang='lat' dir='ltr'><strong>tota</strong></span> <span class='ocrx_word' id='word_1_537' title='bbox 1793 4935 1962 5010; x_wconf 87' lang='lat' dir='ltr'><strong>Ecclesia.</strong></span> <span class='ocrx_word' id='word_1_538' title='bbox 2022 4934 2107 5007; x_wconf 90' lang='lat' dir='ltr'><strong>ldeo</strong></span> <span class='ocrx_word' id='word_1_539' title='bbox 2139 4919 2324 5008; x_wconf 78' lang='lat' dir='ltr'><strong>confirmas</strong></span> 
     </span>
    </p>
   </div>
   <div class='ocr_carea' id='block_1_5' title="bbox 307 5035 2322 5252">
    <p class='ocr_par' dir='ltr' id='par_1_20' title="bbox 307 5035 2322 5252">
     <span class='ocr_line' id='line_1_43' title="bbox 307 5035 2322 5146; baseline -0.003 -34"><span class='ocrx_word' id='word_1_540' title='bbox 307 5043 414 5120; x_wconf 86' lang='lat' dir='ltr'><strong>filinm</strong></span> <span class='ocrx_word' id='word_1_541' title='bbox 429 5053 639 5146; x_wconf 88' lang='lat' dir='ltr'><strong>promissae,</strong></span> <span class='ocrx_word' id='word_1_542' title='bbox 661 5068 697 5127; x_wconf 91' lang='lat' dir='ltr'><strong>et</strong></span> <span class='ocrx_word' id='word_1_543' title='bbox 714 5053 763 5126; x_wconf 90' lang='lat' dir='ltr'><strong>ita</strong></span> <span class='ocrx_word' id='word_1_544' title='bbox 776 5051 1045 5146; x_wconf 87' lang='lat' dir='ltr'><strong>complectimur</strong></span> <span class='ocrx_word' id='word_1_545' title='bbox 1059 5081 1183 5130; x_wconf 74' lang='lat' dir='ltr'><strong>omnes</strong></span> <span class='ocrx_word' id='word_1_546' title='bbox 1196 5061 1286 5132; x_wconf 68' lang='lat' dir='ltr'><strong>arti.</strong></span> <span class='ocrx_word' id='word_1_547' title='bbox 1335 5047 1528 5122; x_wconf 87' lang='lat' dir='ltr'><strong>Ecclesiam</strong></span> <span class='ocrx_word' id='word_1_548' title='bbox 1550 5047 1731 5116; x_wconf 89' lang='lat' dir='ltr'><strong>mentione</strong></span> <span class='ocrx_word' id='word_1_549' title='bbox 1758 5043 1991 5113; x_wconf 82' lang='lat' dir='ltr'><strong>afflictionum</strong></span> <span class='ocrx_word' id='word_1_550' title='bbox 2016 5062 2181 5124; x_wconf 86' lang='lat' dir='ltr'><strong>suarum,</strong></span> <span class='ocrx_word' id='word_1_551' title='bbox 2221 5035 2322 5130; x_wconf 90' lang='lat' dir='ltr'><strong>qnasi</strong></span> 
     </span>
     <span class='ocr_line' id='line_1_44' title="bbox 308 5137 2322 5252; baseline -0.005 -36"><span class='ocrx_word' id='word_1_552' title='bbox 308 5150 401 5224; x_wconf 90' lang='lat' dir='ltr'><strong>culos</strong></span> <span class='ocrx_word' id='word_1_553' title='bbox 422 5155 505 5228; x_wconf 89' lang='lat' dir='ltr'><strong>tidei</strong></span> <span class='ocrx_word' id='word_1_554' title='bbox 526 5179 588 5227; x_wconf 90' lang='lat' dir='ltr'><strong>seo</strong></span> <span class='ocrx_word' id='word_1_555' title='bbox 610 5156 777 5252; x_wconf 88' lang='lat' dir='ltr'><strong>symboli.</strong></span> <span class='ocrx_word' id='word_1_556' title='bbox 1336 5153 1447 5224; x_wconf 84' lang='lat' dir='ltr'><strong>dicat:</strong></span> <span class='ocrx_word' id='word_1_557' title='bbox 1480 5145 1630 5220; x_wconf 87' lang='lat' dir='ltr'><strong>Etiamsi</strong></span> <span class='ocrx_word' id='word_1_558' title='bbox 1649 5167 1772 5219; x_wconf 89' lang='lat' dir='ltr'><strong>sumus</strong></span> <span class='ocrx_word' id='word_1_559' title='bbox 1791 5143 1940 5215; x_wconf 89' lang='lat' dir='ltr'><strong>subiecti</strong></span> <span class='ocrx_word' id='word_1_560' title='bbox 1964 5142 2060 5212; x_wconf 89' lang='lat' dir='ltr'><strong>cruci</strong></span> <span class='ocrx_word' id='word_1_561' title='bbox 2078 5163 2144 5212; x_wconf 92' lang='lat' dir='ltr'><strong>nos</strong></span> <span class='ocrx_word' id='word_1_562' title='bbox 2157 5137 2322 5230; x_wconf 78' lang='lat' dir='ltr'><strong>Apostoli</strong></span> 
     </span>
    </p>
   </div>
   <div class='ocr_carea' id='block_1_6' title="bbox 305 5239 2323 5760">
    <p class='ocr_par' dir='ltr' id='par_1_21' title="bbox 305 5239 2323 5760">
     <span class='ocr_line' id='line_1_45' title="bbox 403 5239 2323 5353; baseline -0.01 -23"><span class='ocrx_word' id='word_1_563' title='bbox 403 5257 457 5329; x_wconf 76' lang='lat' dir='ltr'><strong>hc</strong></span> <span class='ocrx_word' id='word_1_564' title='bbox 478 5258 591 5330; x_wconf 87' lang='lat' dir='ltr'><strong>sciant</strong></span> <span class='ocrx_word' id='word_1_565' title='bbox 613 5258 771 5331; x_wconf 86' lang='lat' dir='ltr'><strong>iuniores</strong></span> <span class='ocrx_word' id='word_1_566' title='bbox 793 5257 888 5328; x_wconf 89' lang='lat' dir='ltr'><strong>idem</strong></span> <span class='ocrx_word' id='word_1_567' title='bbox 912 5255 1102 5350; x_wconf 80' lang='lat' dir='ltr'><strong>significari</strong></span> <span class='ocrx_word' id='word_1_568' title='bbox 1122 5255 1179 5332; x_wconf 89' lang='lat' dir='ltr'><strong>his</strong></span> <span class='ocrx_word' id='word_1_569' title='bbox 1199 5285 1286 5353; x_wconf 76' lang='lat' dir='ltr'><strong>pro-</strong></span> <span class='ocrx_word' id='word_1_570' title='bbox 1336 5269 1373 5326; x_wconf 91' lang='lat' dir='ltr'><strong>et</strong></span> <span class='ocrx_word' id='word_1_571' title='bbox 1385 5249 1556 5334; x_wconf 86' lang='lat' dir='ltr'><strong>Ecclesia,</strong></span> <span class='ocrx_word' id='word_1_572' title='bbox 1570 5264 1689 5321; x_wconf 89' lang='lat' dir='ltr'><strong>tamen</strong></span> <span class='ocrx_word' id='word_1_573' title='bbox 1703 5249 1826 5320; x_wconf 90' lang='lat' dir='ltr'><strong>scitote</strong></span> <span class='ocrx_word' id='word_1_574' title='bbox 1842 5267 1960 5316; x_wconf 88' lang='lat' dir='ltr'><strong>veram</strong></span> <span class='ocrx_word' id='word_1_575' title='bbox 1975 5267 2097 5314; x_wconf 88' lang='lat' dir='ltr'><strong>vocem</strong></span> <span class='ocrx_word' id='word_1_576' title='bbox 2113 5263 2188 5314; x_wconf 87' lang='lat' dir='ltr'><strong>esse</strong></span> <span class='ocrx_word' id='word_1_577' title='bbox 2202 5239 2323 5314; x_wconf 85' lang='lat' dir='ltr'><strong>Eran-</strong></span> 
     </span>
     <span class='ocr_line' id='line_1_46' title="bbox 305 5343 2323 5448; baseline -0.017 -5"><span class='ocrx_word' id='word_1_578' title='bbox 305 5353 556 5442; x_wconf 69' lang='lat' dir='ltr'><strong>positionibus:</strong></span> <span class='ocrx_word' id='word_1_579' title='bbox 590 5360 952 5446; x_wconf 80' lang='lat' dir='ltr'><strong>Fideiostificamur,</strong></span> <span class='ocrx_word' id='word_1_580' title='bbox 978 5374 1031 5446; x_wconf 93' lang='lat' dir='ltr'><strong>et,</strong></span> <span class='ocrx_word' id='word_1_581' title='bbox 1055 5359 1126 5431; x_wconf 87' lang='lat' dir='ltr'><strong>Per</strong></span> <span class='ocrx_word' id='word_1_582' title='bbox 1145 5362 1285 5435; x_wconf 90' lang='lat' dir='ltr'><strong>miseri·</strong></span> <span class='ocrx_word' id='word_1_583' title='bbox 1335 5357 1437 5448; x_wconf 85' lang='lat' dir='ltr'><strong>gelii,</strong></span> <span class='ocrx_word' id='word_1_584' title='bbox 1464 5370 1497 5426; x_wconf 91' lang='lat' dir='ltr'><strong>et</strong></span> <span class='ocrx_word' id='word_1_585' title='bbox 1516 5375 1597 5424; x_wconf 88' lang='lat' dir='ltr'><strong>vere</strong></span> <span class='ocrx_word' id='word_1_586' title='bbox 1614 5353 1664 5424; x_wconf 91' lang='lat' dir='ltr'><strong>sic</strong></span> <span class='ocrx_word' id='word_1_587' title='bbox 1678 5349 1795 5440; x_wconf 90' lang='lat' dir='ltr'><strong>colligi</strong></span> <span class='ocrx_word' id='word_1_588' title='bbox 1815 5343 2029 5427; x_wconf 89' lang='lat' dir='ltr'><strong>Ecclesiam,</strong></span> <span class='ocrx_word' id='word_1_589' title='bbox 2055 5357 2091 5416; x_wconf 93' lang='lat' dir='ltr'><strong>et</strong></span> <span class='ocrx_word' id='word_1_590' title='bbox 2112 5367 2188 5416; x_wconf 92' lang='lat' dir='ltr'><strong>eam</strong></span> <span class='ocrx_word' id='word_1_591' title='bbox 2211 5361 2323 5433; x_wconf 85' lang='lat' dir='ltr'><strong>usqne</strong></span> 
     </span>
     <span class='ocr_line' id='line_1_47' title="bbox 307 5441 2321 5555; baseline -0.018 -12"><span class='ocrx_word' id='word_1_592' title='bbox 307 5459 461 5531; x_wconf 58' lang='lat' dir='ltr'><strong>‘willam</strong></span> <span class='ocrx_word' id='word_1_593' title='bbox 494 5479 640 5554; x_wconf 88' lang='lat' dir='ltr'><strong>propter</strong></span> <span class='ocrx_word' id='word_1_594' title='bbox 669 5462 783 5534; x_wconf 87' lang='lat' dir='ltr'><strong>hlium</strong></span> <span class='ocrx_word' id='word_1_595' title='bbox 803 5462 1017 5555; x_wconf 88' lang='lat' dir='ltr'><strong>promissum</strong></span> <span class='ocrx_word' id='word_1_596' title='bbox 1042 5465 1286 5540; x_wconf 81' lang='lat' dir='ltr'><strong>iustihcsmur.</strong></span> <span class='ocrx_word' id='word_1_597' title='bbox 1336 5461 1382 5529; x_wconf 89' lang='lat' dir='ltr'><strong>ad</strong></span> <span class='ocrx_word' id='word_1_598' title='bbox 1398 5457 1631 5528; x_wconf 88' lang='lat' dir='ltr'><strong>novissimum</strong></span> <span class='ocrx_word' id='word_1_599' title='bbox 1649 5453 1819 5524; x_wconf 89' lang='lat' dir='ltr'><strong>indicium</strong></span> <span class='ocrx_word' id='word_1_600' title='bbox 1834 5450 1930 5519; x_wconf 89' lang='lat' dir='ltr'><strong>inter</strong></span> <span class='ocrx_word' id='word_1_601' title='bbox 1945 5446 2095 5539; x_wconf 87' lang='lat' dir='ltr'><strong>imperia</strong></span> <span class='ocrx_word' id='word_1_602' title='bbox 2113 5443 2240 5514; x_wconf 90' lang='lat' dir='ltr'><strong>mnndi</strong></span> <span class='ocrx_word' id='word_1_603' title='bbox 2255 5441 2321 5509; x_wconf 89' lang='lat' dir='ltr'><strong>sub</strong></span> 
     </span>
     <span class='ocr_line' id='line_1_48' title="bbox 305 5545 2323 5662; baseline -0.013 -29"><span class='ocrx_word' id='word_1_604' title='bbox 305 5551 395 5632; x_wconf 80' lang='lat' dir='ltr'><strong>Sunt</strong></span> <span class='ocrx_word' id='word_1_605' title='bbox 417 5563 514 5634; x_wconf 89' lang='lat' dir='ltr'><strong>enim</strong></span> <span class='ocrx_word' id='word_1_606' title='bbox 535 5565 765 5638; x_wconf 85' lang='lat' dir='ltr'><strong>correlativae</strong></span> <span class='ocrx_word' id='word_1_607' title='bbox 781 5563 1062 5658; x_wconf 88' lang='lat' dir='ltr'><strong>propositiones,</strong></span> <span class='ocrx_word' id='word_1_608' title='bbox 1093 5580 1129 5638; x_wconf 83' lang='lat' dir='ltr'><strong>et</strong></span> <span class='ocrx_word' id='word_1_609' title='bbox 1148 5568 1287 5640; x_wconf 76' lang='lat' dir='ltr'><strong>unius-</strong></span> <span class='ocrx_word' id='word_1_610' title='bbox 1337 5583 1440 5631; x_wconf 89' lang='lat' dir='ltr'><strong>cruce</strong></span> <span class='ocrx_word' id='word_1_611' title='bbox 1470 5561 1628 5628; x_wconf 84' lang='lat' dir='ltr'><strong>futuram</strong></span> <span class='ocrx_word' id='word_1_612' title='bbox 1659 5578 1762 5640; x_wconf 90' lang='lat' dir='ltr'><strong>esse,</strong></span> <span class='ocrx_word' id='word_1_613' title='bbox 1807 5565 1992 5623; x_wconf 87' lang='lat' dir='ltr'><strong>ettamen</strong></span> <span class='ocrx_word' id='word_1_614' title='bbox 2021 5545 2233 5662; x_wconf 83' lang='lat' dir='ltr'><strong>mirabiliter</strong></span> <span class='ocrx_word' id='word_1_615' title='bbox 2259 5562 2323 5632; x_wconf 87' lang='lat' dir='ltr'><strong>per</strong></span> 
     </span>
     <span class='ocr_line' id='line_1_49' title="bbox 306 5642 2322 5760; baseline -0.021 -9"><span class='ocrx_word' id='word_1_616' title='bbox 306 5679 372 5750; x_wconf 63' lang='lat' dir='ltr'><strong>‘lu‘</strong></span> <span class='ocrx_word' id='word_1_617' title='bbox 395 5667 648 5760; x_wconf 81' lang='lat' dir='ltr'><strong>propositionis</strong></span> <span class='ocrx_word' id='word_1_618' title='bbox 670 5665 801 5740; x_wconf 86' lang='lat' dir='ltr'><strong>veritas</strong></span> <span class='ocrx_word' id='word_1_619' title='bbox 828 5667 975 5738; x_wconf 88' lang='lat' dir='ltr'><strong>immota</strong></span> <span class='ocrx_word' id='word_1_620' title='bbox 996 5679 1068 5749; x_wconf 80' lang='lat' dir='ltr'><strong>cst,</strong></span> <span class='ocrx_word' id='word_1_621' title='bbox 1106 5682 1147 5741; x_wconf 87' lang='lat' dir='ltr'><strong>ot</strong></span> <span class='ocrx_word' id='word_1_622' title='bbox 1167 5669 1287 5741; x_wconf 89' lang='lat' dir='ltr'><strong>nomi-</strong></span> <span class='ocrx_word' id='word_1_623' title='bbox 1338 5663 1451 5734; x_wconf 87' lang='lat' dir='ltr'><strong>lilium</strong></span> <span class='ocrx_word' id='word_1_624' title='bbox 1472 5657 1539 5730; x_wconf 91' lang='lat' dir='ltr'><strong>Dei</strong></span> <span class='ocrx_word' id='word_1_625' title='bbox 1564 5656 1785 5740; x_wconf 84' lang='lat' dir='ltr'><strong>conservari,</strong></span> <span class='ocrx_word' id='word_1_626' title='bbox 1810 5654 1905 5724; x_wconf 85' lang='lat' dir='ltr'><strong>iusta</strong></span> <span class='ocrx_word' id='word_1_627' title='bbox 1927 5651 2038 5720; x_wconf 84' lang='lat' dir='ltr'><strong>dicta:</strong></span> <span class='ocrx_word' id='word_1_628' title='bbox 2067 5645 2141 5734; x_wconf 84' lang='lat' dir='ltr'><strong>Qus</strong></span> <span class='ocrx_word' id='word_1_629' title='bbox 2163 5642 2240 5714; x_wconf 90' lang='lat' dir='ltr'><strong>vult</strong></span> <span class='ocrx_word' id='word_1_630' title='bbox 2265 5664 2322 5711; x_wconf 91' lang='lat' dir='ltr'><strong>me</strong></span> 
     </span>
    </p>
   </div>
   <div class='ocr_carea' id='block_1_7' title="bbox 304 5741 2324 5960">
    <p class='ocr_par' dir='ltr' id='par_1_22' title="bbox 304 5741 2324 5960">
     <span class='ocr_line' id='line_1_50' title="bbox 304 5741 2321 5866; baseline -0.007 -41"><span class='ocrx_word' id='word_1_631' title='bbox 304 5779 434 5840; x_wconf 80' lang='lat' dir='ltr'><strong>nentur</strong></span> <span class='ocrx_word' id='word_1_632' title='bbox 455 5771 716 5866; x_wconf 74' lang='lat' dir='ltr'><strong>propositiones</strong></span> <span class='ocrx_word' id='word_1_633' title='bbox 750 5793 855 5843; x_wconf 81' lang='lat' dir='ltr'><strong>verae</strong></span> <span class='ocrx_word' id='word_1_634' title='bbox 876 5791 942 5864; x_wconf 88' lang='lat' dir='ltr'><strong>per</strong></span> <span class='ocrx_word' id='word_1_635' title='bbox 961 5792 1019 5852; x_wconf 89' lang='lat' dir='ltr'><strong>se,</strong></span> <span class='ocrx_word' id='word_1_636' title='bbox 1046 5792 1123 5844; x_wconf 90' lang='lat' dir='ltr'><strong>uon</strong></span> <span class='ocrx_word' id='word_1_637' title='bbox 1144 5793 1209 5865; x_wconf 73' lang='lat' dir='ltr'><strong>par</strong></span> <span class='ocrx_word' id='word_1_638' title='bbox 1227 5795 1287 5844; x_wconf 62' lang='lat' dir='ltr'><strong>aa.</strong></span> <span class='ocrx_word' id='word_1_639' title='bbox 1338 5763 1450 5858; x_wconf 87' lang='lat' dir='ltr'><strong>sequi,</strong></span> <span class='ocrx_word' id='word_1_640' title='bbox 1475 5761 1577 5835; x_wconf 87' lang='lat' dir='ltr'><strong>tollat</strong></span> <span class='ocrx_word' id='word_1_641' title='bbox 1592 5781 1731 5830; x_wconf 90' lang='lat' dir='ltr'><strong>crucem</strong></span> <span class='ocrx_word' id='word_1_642' title='bbox 1744 5779 1855 5839; x_wconf 90' lang='lat' dir='ltr'><strong>suam,</strong></span> <span class='ocrx_word' id='word_1_643' title='bbox 1869 5765 1903 5824; x_wconf 92' lang='lat' dir='ltr'><strong>et</strong></span> <span class='ocrx_word' id='word_1_644' title='bbox 1915 5761 2083 5844; x_wconf 86' lang='lat' dir='ltr'><strong>sequatur</strong></span> <span class='ocrx_word' id='word_1_645' title='bbox 2092 5769 2166 5865; x_wconf 80' lang='lat' dir='ltr'><strong>me.</strong></span> <span class='ocrx_word' id='word_1_646' title='bbox 2217 5741 2321 5816; x_wconf 87' lang='lat' dir='ltr'><strong>ltem:</strong></span> 
     </span>
     <span class='ocr_line' id='line_1_51' title="bbox 304 5843 2324 5960; baseline -0.008 -28"><span class='ocrx_word' id='word_1_647' title='bbox 304 5859 433 5946; x_wconf 77' lang='lat' dir='ltr'><strong>cidens.</strong></span> <span class='ocrx_word' id='word_1_648' title='bbox 1340 5861 1480 5937; x_wconf 85' lang='lat' dir='ltr'><strong>Omnes</strong></span> <span class='ocrx_word' id='word_1_649' title='bbox 1502 5863 1566 5960; x_wconf 80' lang='lat' dir='ltr'><strong>qui</strong></span> <span class='ocrx_word' id='word_1_650' title='bbox 1589 5863 1647 5958; x_wconf 86' lang='lat' dir='ltr'><strong>pie</strong></span> <span class='ocrx_word' id='word_1_651' title='bbox 1670 5860 1790 5932; x_wconf 83' lang='lat' dir='ltr'><strong>rivere</strong></span> <span class='ocrx_word' id='word_1_652' title='bbox 1810 5856 1931 5929; x_wconf 89' lang='lat' dir='ltr'><strong>volent</strong></span> <span class='ocrx_word' id='word_1_653' title='bbox 1952 5853 1991 5923; x_wconf 91' lang='lat' dir='ltr'><strong>iu</strong></span> <span class='ocrx_word' id='word_1_654' title='bbox 2014 5843 2177 5935; x_wconf 86' lang='lat' dir='ltr'><strong>Cbrrsto,</strong></span> <span class='ocrx_word' id='word_1_655' title='bbox 2202 5867 2324 5942; x_wconf 86' lang='lat' dir='ltr'><strong>perse·</strong></span> 
     </span>
    </p>
   </div>
   <div class='ocr_carea' id='block_1_8' title="bbox 1337 2754 2329 2942">
    <p class='ocr_par' dir='ltr' id='par_1_23' title="bbox 1337 2754 2329 2942">
     <span class='ocr_line' id='line_1_52' title="bbox 1337 2754 2329 2860; baseline -0.004 -25"><span class='ocrx_word' id='word_1_656' title='bbox 1337 2754 1399 2835; x_wconf 86' lang='lat' dir='ltr'><strong>Ne</strong></span> <span class='ocrx_word' id='word_1_657' title='bbox 1416 2755 1683 2833; x_wconf 79' lang='lat' dir='ltr'><strong>dimoveamini</strong></span> <span class='ocrx_word' id='word_1_658' title='bbox 1696 2784 1721 2832; x_wconf 87' lang='lat' dir='ltr'><strong>a</strong></span> <span class='ocrx_word' id='word_1_659' title='bbox 1736 2782 1798 2860; x_wconf 87' lang='lat' dir='ltr'><strong>spe</strong></span> <span class='ocrx_word' id='word_1_660' title='bbox 1817 2755 2026 2856; x_wconf 82' lang='lat' dir='ltr'><strong>Evangelii</strong></span> <span class='ocrx_word' id='word_1_661' title='bbox 2037 2770 2117 2849; x_wconf 79' lang='lat' dir='ltr'><strong>eta,</strong></span> <span class='ocrx_word' id='word_1_662' title='bbox 2143 2758 2248 2833; x_wconf 85' lang='lat' dir='ltr'><strong>cuius</strong></span> <span class='ocrx_word' id='word_1_663' title='bbox 2264 2780 2329 2857; x_wconf 88' lang='lat' dir='ltr'><strong>ego</strong></span> 
     </span>
     <span class='ocr_line' id='line_1_53' title="bbox 1573 2858 2098 2942; baseline 0.006 -5"><span class='ocrx_word' id='word_1_664' title='bbox 1573 2858 1720 2937; x_wconf 84' lang='lat' dir='ltr'><strong>Paulas</strong></span> <span class='ocrx_word' id='word_1_665' title='bbox 1744 2888 1827 2936; x_wconf 89' lang='lat' dir='ltr'><strong>sum</strong></span> <span class='ocrx_word' id='word_1_666' title='bbox 1847 2864 2018 2936; x_wconf 81' lang='lat' dir='ltr'><strong>minister</strong></span> <span class='ocrx_word' id='word_1_667' title='bbox 2035 2874 2098 2942; x_wconf 81' lang='lat' dir='ltr'><strong>etr.</strong></span> 
     </span>
    </p>
   </div>
   <div class='ocr_carea' id='block_1_9' title="bbox 0 0 2918 6950">
    <p class='ocr_par' dir='ltr' id='par_1_24' title="bbox 0 0 2918 6950">
     <span class='ocr_line' id='line_1_54' title="bbox 0 0 2918 6950; baseline 0 2"><span class='ocrx_word' id='word_1_668' title='bbox 0 0 2918 6950; x_wconf 95' lang='lat' dir='ltr'><strong> </strong></span> 
     </span>
    </p>
   </div>
  </div>
 </body>
</html>
