5825 6950
539 707 616 787 410
1118 688 1245 767 tutu.
1272 688 1389 767 MEL.
1417 690 1628 772 SCRIPTA
1654 692 1954 773 EXEGETICA·
2501 694 2572 777 420

647 872 827 967 Se'ptiinns
853 870 954 959 locus
982 868 1027 939 de
1059 878 1174 937 matre
1203 866 1451 939 commendata
1473 844 1537 938 lo-
1589 860 1726 943 dnntnr
1748 876 1948 965 praecepta,
1972 846 2159 941 utl’sdm.
2176 858 2257 940 tte
2289 860 2422 939 Beatus
2443 868 2508 962 qui
2525 870 2576 941 in·
2645 854 2647 871 λ

544 961 673 1054 hanni,
697 974 789 1048 Nam
812 972 935 1043 multis
957 969 1038 1041 aliis
1054 968 1215 1061 partibus
1229 964 1337 1038 huius
1352 964 1537 1052 historiae,
1589 974 1717 1065 telligit
1738 997 1844 1065 super
1861 993 2018 1062 ,egenum
2039 980 2074 1040 et
2097 988 2306 1061 pauperem,
2339 967 2378 1037 in
2404 970 2466 1039 die
2492 974 2576 1043 mala

545 1060 766 1178 quiaminus
783 1078 953 1147 obscurae
969 1086 1071 1157 sunt,
1086 1092 1160 1141 non
1179 1071 1308 1141 addam
1326 1072 1539 1164 interpreta-
1587 1074 1758 1148 liberabit
1772 1100 1852 1147 eum
1868 1071 2059 1145 Dominus.
2110 1066 2189 1139 Hoc
2204 1082 2432 1162 praeceptum
2450 1070 2579 1144 Psalmi

548 1187 696 1267 tionem,
722 1194 764 1252 ut
780 1202 904 1249 omnes
918 1174 1127 1263 intelligunt
1141 1196 1204 1266 per
1220 1184 1413 1243 sarcasmos
1428 1174 1539 1265 signi·
1590 1178 1811 1249 conferamus
1836 1177 1879 1246 ad
1919 1170 2012 1245 hanc
2046 1170 2264 1263 imaginem,
2306 1172 2347 1242 in
2385 1196 2460 1267 qua
2490 1175 2580 1247 lucet

547 1266 647 1358 licari
662 1282 848 1357 andaciam
863 1295 897 1349 et
917 1280 1055 1349 furores
1070 1272 1335 1369 hypocritarum
1356 1290 1390 1345 et
1401 1272 1539 1368 Epicu·
1589 1272 1834 1379 φιλοστοργία
1856 1272 2011 1361 Christi,
2048 1294 2124 1345 nau
2152 1274 2270 1345 solum
2299 1290 2382 1365 erga
2414 1291 2581 1365 matrem,

547 1368 715 1473 reomm,
739 1384 840 1455 omni
856 1396 1013 1466 tempore
1029 1377 1279 1470 superbissime
1297 1378 1538 1451 deridentium
1590 1388 1650 1455 sed
1675 1383 1780 1454 etiam
1804 1404 1883 1470 erga
1901 1378 2103 1450 universam
2119 1370 2324 1449 Ecclesiam.
2376 1374 2470 1449 Nam
2499 1402 2580 1471 pro·

551 1490 753 1573 Christum,
778 1482 1031 1572 Evangelium,
1065 1494 1100 1551 et
1121 1476 1346 1551 Ecclesiam(
1390 1480 1462 1551 Per
1483 1482 1540 1550 di·
1591 1500 1669 1580 pter
1692 1507 1758 1557 nos
1777 1484 1817 1553 ht
1837 1477 1925 1553 haec
1951 1476 2094 1572 publica
2116 1477 2378 1575 commendatio
2401 1479 2469 1554 tali
2493 1497 2582 1553 tem-

541 1594 730 1663 'visionem
757 1586 932 1663 vestium,
965 1595 1042 1653 tum
1085 1576 1280 1652 haereticos
1308 1582 1540 1671 dilacerantes
1592 1613 1695 1678 pore,
1721 1600 1754 1657 et
1773 1580 1935 1659 Christus
1949 1603 2070 1653 revera
2094 1577 2214 1669 diligit
2235 1594 2276 1651 ut
2294 1594 2442 1651 matrem
2470 1596 2581 1653 totam

548 1690 805 1783 Evangelium,
831 1700 864 1756 et
883 1684 978 1755 varie
995 1684 1159 1756 ludentes
1175 1685 1279 1756 dictis
1293 1680 1440 1772 Christi,
1464 1699 1539 1756 tum
1589 1686 1803 1770 Ecclesiam,
1830 1712 1873 1757 ex
1900 1708 1969 1779 qua
1993 1679 2159 1754 assumsit
2183 1692 2348 1753 naturam
2372 1677 2583 1775 humanam,

553 1822 639 1866 vero
660 1788 867 1864 etiamalios
889 1788 1038 1879 impios,
1065 1800 1104 1858 ut
1119 1785 1320 1869 Iulianum,
1346 1801 1380 1860 et
1396 1788 1540 1868 similes,
1592 1794 1687 1886 qnod
1713 1804 1763 1863 est
1786 1788 2010 1859 manifestum
2036 1796 2071 1858 et
2095 1794 2231 1855 certum
2252 1784 2508 1857 testimoninm
2532 1788 2581 1855 iu·

547 1894 619 1991 ‘qui
642 1894 823 1965 facultates
846 1887 1043 1977 Ecclesiae,
1084 1888 1216 1983 quihus
1242 1888 1425 1961 ministros
1455 1905 1542 1962 tnnc
1593 1896 1706 1987 gentis
1723 1893 1852 1962 amoris
1871 1909 2041 1981 ergauos.

554 2002 601 2069 ali
627 2017 766 2066 necesse
783 2006 879 2077 erat,
905 2003 1119 2084 rapuerunt,
1146 1994 1205 2062 sed
1222 1986 1279 2061 his
1296 1992 1456 2079 omissis,
1485 1992 1542 2063 di·
1694 1992 1853 2067 Octavus
1867 1993 1966 2063 locus
1990 2000 2043 2060 est
2063 1984 2247 2081 sepultura
2260 1980 2414 2075 Christi,
2440 1986 2490 2059 de
2519 2014 2582 2083 qua

555 2125 631 2172 cam
650 2103 694 2169 de
709 2110 821 2166 matre
836 2097 1080 2181 commendata
1096 2089 1261 2164 lohanni.
1595 2099 1783 2192 praecipue
1811 2110 1953 2188 tempus
1980 2088 2237 2165 consideretur,
2308 2084 2478 2162 Christus
2514 2106 2582 2165 toto

657 2198 819 2270 Primum
844 2192 902 2265 hic
926 2197 1120 2287 cogitemus
1135 2196 1262 2266 deiide
1279 2208 1313 2267 et
1327 2190 1540 2268 fortitudine
1593 2202 1739 2271 sabbato
1755 2199 1858 2271 estin
1880 2194 2054 2288 sepulcro.
2105 2190 2182 2261 Etsi
2196 2204 2302 2287 typus
2318 2192 2460 2263 sabbati
2482 2210 2583 2266 vete·

553 2302 696 2389 matris,
721 2302 826 2390 longe
841 2313 981 2389 superat
997 2300 1110 2369 robur
1134 2292 1331 2369 humanum
1356 2294 1441 2369 haec
1467 2301 1540 2369 for·
1593 2305 1643 2373 ris
1666 2302 1776 2373 multa
1808 2300 2001 2391 significat,
2029 2308 2148 2365 tamen
2172 2292 2278 2366 etiam
2307 2292 2401 2365 hanc
2423 2294 2583 2389 quietem

437 2416 442 2426 '
553 2408 693 2489 titudo,
724 2404 820 2495 quod
844 2402 942 2473 adest
964 2414 1077 2471 mater
1099 2401 1286 2491 spectatrix
1309 2402 1435 2471 talium
1457 2424 1542 2494 sup·
1595 2406 1661 2475 tilii
1679 2402 1746 2475 Dei
1765 2405 1800 2472 in
1818 2400 1981 2496 sepulcro
1996 2394 2217 2487 significavit.
2268 2390 2483 2467 Tuncenim
2502 2423 2582 2469 vere

554 2509 745 2600 pliciorom
770 2502 856 2593 tilii,
883 2516 918 2573 et
939 2526 1015 2572 non
1037 2503 1255 2591 extinguitur
1278 2503 1411 2573 dolore.
1467 2502 1541 2574 Nec
1594 2507 1729 2602 quievit
1747 2504 1844 2576 Dens
1859 2500 2017 2573 mirabili
2031 2499 2163 2588 modo,
2188 2520 2268 2566 curn
2283 2496 2346 2567 illa
2367 2514 2495 2570 natura
2514 2498 2582 2572 hu·

554 2608 724 2680 credibile
754 2620 807 2677 est
835 2606 946 2673 ullam
972 2618 1120 2674 matrem
1145 2604 1183 2673 in
1212 2618 1286 2676 toto
1319 2626 1447 2693 genere
1472 2600 1538 2675 hu·
1594 2634 1715 2695 mana,
1756 2608 1814 2678 cui
1840 2606 1938 2676 nnita
1961 2615 2014 2673 est
2037 2600 2181 2685 divina,
2213 2600 2396 2671 verissime
2417 2603 2576 2680 moritur.

555 2736 662 2780 mano
696 2709 765 2779 tale
796 2706 1032 2797 spectaculum
1062 2705 1216 2795 perferre
1253 2706 1433 2798 potuisse,
1481 2719 1542 2778 aut
1593 2710 1683 2781 Nam
1705 2724 1747 2781 ut
1762 2706 1889 2780 Petrus
1910 2703 2045 2798 inquit:
2069 2695 2234 2773 Christus
2252 2724 2376 2793 passus
2390 2714 2437 2774 est
2455 2728 2578 2795 carne,

550 2833 667 2904 posse.
726 2809 876 2878 Necesse
898 2820 950 2877 est
973 2806 1082 2897 igitur
1105 2806 1145 2875 in
1165 2831 1204 2877 ea
1227 2829 1391 2897 magnam
1416 2808 1542 2896 lucem,
1593 2817 1651 2883 sed
1678 2828 1795 2885 tamen
1817 2812 1951 2880 interea
1975 2804 2097 2876 divina
2119 2800 2445 2899 naturahumanae
2472 2810 2579 2880 nnita

555 2929 591 2985 et
612 2934 780 3003 magnum
803 2911 916 2979 robur
937 2908 1020 2977 lidei
1043 2906 1162 2979 tuisse.
1219 2908 1434 2979 Meminerat
1454 2934 1542 2980 con·
1593 2916 1746 3009 quievit,
1767 2927 1809 2984 nt
1823 2912 1896 3004 pati
1912 2921 1945 2979 et
1962 2906 2055 2978 mori
2071 2901 2227 2976 humana
2252 2920 2387 2996 posset,
2412 2906 2506 2982 sicut
2523 2912 2579 2981 in·
2648 2984 2651 2995 ⁴

555 3029 720 3113 ceptum,
744 3026 850 3082 norat
864 3005 1122 3101 Prophetarum
1146 3012 1403 3101 praedictiones
1418 3012 1464 3081 de
1485 3036 1541 3083 sa·
1593 3019 1670 3111 quit
1694 3015 1877 3085 lrenaens:
1910 3009 1990 3081 Hoc
2012 3022 2082 3094 est,
2114 3028 2189 3076 non
2211 3008 2348 3079 exeruit
2369 3028 2453 3079 suas
2476 3012 2580 3101 vires,
2650 3014 2651 3023 ’

554 3112 871 3196 criticioMessiae,
906 3127 941 3183 et
965 3112 1093 3182 melius
1116 3135 1174 3181 eas
1196 3113 1416 3202 intelligebat
1433 3138 1539 3206 qnam
1593 3120 1652 3187 sed
1687 3116 1844 3187 obedivit
1875 3126 2017 3185 aeterno
2058 3106 2152 3203 patri
2191 3108 2230 3179 in
2265 3103 2331 3180 hac
2368 3104 2580 3193 humilitate.

553 3214 1187 3310 Apostoli,cogitahatresuscitatum
1200 3212 1393 3298 Lazarum,
1420 3230 1453 3286 et
1471 3218 1540 3286 alia
1594 3220 1727 3290 Verum
1753 3234 1805 3289 est
1827 3218 1942 3305 enim,
1976 3227 2011 3284 et
2033 3232 2170 3303 semper
2193 3212 2240 3281 ita
2265 3212 2387 3283 docuit
2411 3212 2580 3311 Ecclesia,

553 3320 725 3412 exempla.
788 3314 874 3387 ldeo
898 3311 1119 3387 sciebathoc
1140 3316 1349 3387 sacrificium
1373 3317 1438 3386 lilii
1466 3319 1541 3388 sin·
1592 3338 1754 3393 naturam
1779 3320 1939 3391 divinam
1962 3337 2028 3385 nec
2050 3339 2071 3386 a
2095 3334 2242 3405 corpore
2263 3310 2418 3402 Christi,
2453 3326 2582 3393 neceb

552 3423 668 3514 gulari
691 3433 726 3493 et
746 3418 980 3490 inenarrabili
1004 3418 1154 3489 consilio
1177 3416 1243 3489 Dei
1268 3420 1363 3503 lieri,
1404 3434 1437 3492 et
1463 3444 1537 3492 esse
1593 3424 1709 3494 anima
1727 3423 1942 3505 discessisse,
1969 3416 2073 3488 etiam
2093 3427 2172 3508 post
2192 3428 2352 3504 mortem.
2406 3415 2495 3494 ldeo
2515 3422 2583 3496 Da.

554 3519 692 3619 λύτρον
710 3547 774 3614 pro
794 3535 1009 3612 totogenere
1031 3515 1203 3593 hnmano.
1254 3519 1463 3592 Neeminus
1483 3524 1541 3592 lu·
1594 3551 1776 3600 mascenus
1810 3524 1948 3617 inquit:
1988 3517 2096 3608 chod
2123 3517 2231 3586 semel
2264 3522 2428 3592 assumsit
2466 3521 2585 3626 λόγος,

552 3629 657 3718 gebat
679 3624 818 3718 generis
839 3621 989 3696 humani
1014 3636 1173 3713 peccata,
1206 3647 1313 3716 quarn
1336 3624 1448 3714 ipsius
1473 3626 1539 3694 filii
1594 3651 1778 3722 nunqnam
1800 3639 1920 3720 postea
1943 3621 2097 3706 dimisit,
2123 3642 2187 3688 nec
2209 3643 2229 3690 a
2252 3645 2421 3714 corpore,
2450 3651 2518 3700 nec
2541 3634 2582 3701 ab

551 3740 725 3818 mortem,
768 3729 829 3798 sed
852 3727 891 3795 in
914 3721 972 3796 his
996 3725 1181 3796 dolorihos
1202 3725 1440 3795 obediendum
1467 3749 1540 3798 esse
1593 3733 1710 3800 antima
1727 3726 1860 3801 Christi
1877 3745 2035 3818 unquam
2054 3733 2211 3814 separata
2228 3736 2280 3795 est
2302 3727 2424 3796 divina
2456 3747 2582 3802 natura

499 3865 507 3880 ·
550 3827 629 3902 Deo
662 3841 793 3911 norat,
834 3842 872 3899 et
895 3826 1099 3920 expectabat
1127 3827 1432 3897 resuscitationem
1465 3830 1541 3905 lilii.
1593 3834 1656 3902 lilii
1675 3827 1742 3902 Dei
1759 3843 1838 3924 post
1863 3826 2134 3910 assumtionem,
2161 3835 2327 3898 ettamen
2347 3850 2471 3902 revera
2497 3831 2580 3904 haec

551 3931 597 4000 ln
617 3929 705 4001 haec
722 3943 785 4001 tuo
807 3931 902 4000 bona
924 3929 1080 4009 obiecta,
1106 3928 1144 3998 id
1169 3942 1240 4014 est,
1265 3928 1303 3997 in
1319 3929 1540 4001 voluntatem
1597 3959 1765 4026 persona,
1799 3955 1889 4027 quae
1919 3935 1971 3999 cs't
1992 3923 2173 4011 Christus,
2212 3943 2352 4000 mortua
2384 3945 2457 4019 est,
2501 3939 2581 4030 quia

550 4030 620 4106 Dei
638 4046 672 4102 et
688 4031 991 4102 resuscitationem
1006 4029 1159 4100 intuenti
1177 4031 1262 4117 tide,
1277 4031 1539 4124 aliquantulum
1589 4039 1711 4108 'anima
1734 4060 1755 4107 a
1782 4056 1929 4125 corpore
1945 4043 2101 4121 separata
2123 4040 2192 4114 est,
2217 4030 2580 4131 neutrarumque,

551 4133 751 4203 leniebatur
794 4133 1001 4222 magnitudo
1046 4132 1194 4208 doloris.
1267 4131 1541 4206 Meminerimus
1594 4135 1821 4214 nimbata
1847 4134 2272 4224 Clamansvocemagna,
2299 4135 2487 4225 expiravit.
2523 4141 2580 4212 ln-

550 4248 667 4305 antem
685 4229 754 4304 hoc
768 4236 966 4326 exemplum
989 4235 1029 4302 in
1052 4235 1184 4304 nostris
1205 4234 1476 4321 afflictionibus,
1502 4251 1542 4308 ut
1594 4257 1688 4312 terea
1715 4239 1851 4336 quievit
1882 4250 2009 4306 natura
2041 4233 2161 4301 divina
2191 4237 2294 4306 sanita
2317 4251 2352 4306 et
2381 4244 2528 4332 corpori
2548 4257 2582 4314 et

552 4335 794 4407 obedientiam
834 4351 869 4407 et
910 4336 1015 4406 fidem
1066 4349 1243 4428 praestare
1288 4360 1355 4406 nos
1399 4361 1541 4433 qunque
1593 4345 1742 4412 animae.
1810 4341 1911 4411 Haec
1937 4359 2064 4406 arcana
2086 4334 2258 4426 sapientia
2282 4339 2320 4408 in
2344 4339 2414 4410 vita
2434 4359 2579 4416 aeterna

552 4438 740 4514 discamus.
1593 4445 1760 4514 discenda
1786 4444 1873 4524 erit,
1911 4461 2007 4507 nunc
2029 4449 2068 4506 ut
2089 4437 2243 4510 traditur
2272 4442 2310 4509 in
2333 4445 2464 4532 verbo,
2505 4471 2580 4516 am.

655 4537 820 4610 Secundo
838 4551 941 4631 typos
960 4534 1021 4610 hic
1042 4539 1303 4625 consideretur,
1325 4538 1415 4611 sicut
1432 4536 1540 4610 Chri·
1592 4545 1774 4638 plectenda
1793 4560 1844 4617 est
1861 4543 1947 4624 lide',
1973 4560 2038 4608 nec
2059 4551 2175 4631 potest
2199 4556 2260 4613 ent
2273 4546 2489 4636 cogitatione
2515 4545 2579 4618 hn-

551 4654 627 4713 stus
653 4653 801 4710 matrem
826 4635 978 4710 iohanni
1010 4642 1298 4727 commendavit,
1342 4642 1390 4711 ita
1415 4641 1539 4713 Eccle·
1593 4673 1697 4719 mana
1725 4640 2002 4739 comprehendi,
2037 4653 2097 4712 aut
2118 4643 2284 4732 explicari
2309 4645 2437 4718 verbis.
2509 4650 2577 4721 Sed

555 4745 643 4814 siam
659 4741 924 4832 omnibuspiis‚
951 4756 984 4815 et
1002 4745 1189 4834 praecipue
1205 4744 1412 4814 doctoribus
1426 4760 1459 4814 et
1475 4767 1540 4832 gu·
1593 4745 1679 4819 haec
1706 4750 1914 4820 admiranda
1938 4744 2038 4838 quies
2059 4744 2095 4811 in
2121 4760 2233 4814 niorte
2257 4760 2291 4816 et
2317 4751 2500 4840 sepulcro,
2528 4769 2578 4822 est
2650 4741 2651 4748 ἵ

550 4843 801 4914 bernatoribus
816 4849 1051 4918 commendat.
1088 4843 1236 4937 Semper
1248 4845 1353 4916 multi
1372 4861 1404 4916 et
1419 4846 1540 4934 magni
1564 4901 1567 4930 ,
1592 4853 1792 4922 obedientia
1808 4851 1846 4920 in
1862 4871 1989 4918 arcano
2004 4843 2071 4915 Dei
2087 4847 2235 4916 consilio
2254 4849 2412 4932 decreta,
2438 4879 2531 4946 quae
2544 4871 2577 4924 et
2650 4849 2652 4898 ⁵

552 4945 692 5014 dolores
709 4960 792 5016 sunt
804 4943 1002 5030 Ecclesiae,
1028 4949 1133 5018 idest
1154 4946 1296 5038 piorum
1322 4960 1353 5015 et
1377 4949 1536 5016 imbecil·
1591 4975 1692 5023 causa
1709 4954 1778 5024 fuit
1794 4966 1826 5023 et
1843 4949 2050 5038 significatio
2067 4949 2206 5018 futurae
2226 4953 2519 5038 resurrectionis,
2543 4972 2576 5027 et

551 5045 662 5131 lium,
695 5069 777 5116 nam
800 5063 834 5118 et
857 5047 1013 5118 dissidiis
1042 5049 1245 5139 dogmatum
1272 5049 1465 5133 laceratur,
1504 5063 1538 5121 et
1563 5075 1566 5169 p
1591 5057 1696 5125 nobis
1727 5051 1812 5125 haec
1839 5052 2004 5123 miranda
2036 5050 2156 5146 quies,
2184 5051 2233 5119 'id
2261 5067 2333 5138 est,
2373 5058 2574 5128 ohedientia

552 5147 661 5218 sentit
683 5161 917 5242 tyrannorum
943 5151 1135 5221 saevitiam.
1208 5149 1277 5219 llic
1300 5150 1351 5239 pii
1375 5153 1538 5220 doctores
1564 5175 1565 5191 ¹
1592 5157 1722 5227 niervvit
1754 5153 2077 5225 reconciliationem
2105 5165 2140 5221 et
2165 5153 2274 5224 vitam
2298 5171 2500 5244 aeternam,
2542 5174 2573 5230 et
2650 5147 2652 5220 ἶ

554 5263 679 5322 sanent
694 5250 1005 5338 ambigentes,aut
1021 5253 1453 5343 errantes,'praemuniant
1470 5252 1537 5321 im·
1589 5273 1745 5326 nostram
1765 5271 1936 5338 mortem,
1961 5245 2457 5346 qtraefuissetresdamnata,
2493 5263 2574 5332 fecit
2651 5245 2652 5254 λ

551 5351 705 5441 peritos,
738 5353 947 5422 confirment
970 5352 1183 5440 imbecilles,
1219 5354 1383 5423 evolvant
1406 5353 1535 5424 obscu-
1585 5358 1657 5426 iam
1687 5359 1858 5450 quietem,
1891 5353 1966 5425 Deo
1988 5355 2203 5445 placentem,
2238 5369 2272 5427 et
2297 5358 2368 5428 iter
2395 5363 2570 5432 advitam

552 5453 610 5522 ras
639 5466 674 5522 et
701 5451 880 5522 intricatas
910 5457 1160 5548 quaestiones,
1196 5479 1243 5525 ne
1273 5451 1437 5525 homines
1465 5455 1534 5523 im·
1587 5473 1778 5529 aeternam.
1838 5457 1924 5530 Sine
1937 5451 2081 5527 Christo
2103 5458 2236 5527 mortui
2260 5453 2424 5532 homines
2446 5463 2571 5534 iacuis·
2651 5457 2652 5464 λ

550 5553 666 5644 pliciti
697 5554 978 5628 dubitationibus
1007 5557 1168 5627 incidant
1198 5559 1235 5624 in
1263 5558 1534 5648 desperationes.
1583 5575 1678 5645 sent,
1705 5574 1741 5631 et
1758 5560 1871 5628 iacent
1887 5559 1924 5627 in
1942 5557 2100 5640 interno,
2125 5559 2185 5628 sed
2203 5560 2395 5632 morientes
2411 5562 2569 5636 inChri·

551 5654 712 5725 Andiant
735 5669 769 5724 et
794 5655 844 5748 pii
867 5660 1044 5750 principes
1065 5657 1177 5727 tilium
1192 5657 1258 5728 Dei
1284 5659 1321 5727 in
1340 5659 1413 5747 ipsa
1430 5681 1532 5728 cruce
1584 5677 1638 5733 sto
1658 5663 1841 5732 iacuerunt
1865 5673 1897 5730 et
1924 5662 2038 5730 iacent
2063 5659 2100 5728 in
2118 5660 2278 5750 sepulcro
2296 5657 2443 5738 Christi.
2498 5666 2565 5736 lmo

550 5757 837 5838 concionantem,
863 5775 903 5830 ut
925 5761 997 5829 snis
1019 5757 1143 5828 officiis
1166 5773 1313 5829 matrem
1338 5759 1531 5830 Ecclesiam
1555 5799 1558 5807 =
1582 5789 1649 5833 nos
1667 5785 1791 5833 omnes
1808 5763 1925 5832 statim
1949 5773 2136 5854 postquam
2163 5761 2201 5830 in
2225 5757 2290 5832 hac
2310 5764 2383 5834 vita
2406 5767 2498 5839 tacta
2520 5779 2564 5837 est

549 5856 711 5946 foveant,
738 5871 933 5947 tueantur,¹
948 5861 1080 5932 iuvent.
1130 5859 1185 5930 De
1197 5859 1264 5932 hac
1281 5886 1318 5934 re
1333 5883 1436 5953 saepe
1459 5875 1531 5934 tra·
1582 5865 1766 5936 conversio
1789 5866 1833 5935 ad
1851 5861 1985 5955 Deum,
2010 5861 2164 5934 iacemus
2187 5861 2226 5932 in
2244 5865 2407 5956 sepulcro
2421 5864 2561 5950 Christi,
