5825 6950
328 702 419 777 taut
551 694 657 774 Xlll.
706 696 743 772 7.
768 690 1068 775 manuario
1092 690 1250 784 EPIST.
1276 690 1480 776 Pmoltls
1506 692 1575 771 An
1602 692 1932 779 TlMOTllEUM.
1986 704 2093 784 CAP.
2121 710 2150 790 l.
2258 718 2356 794 1302

324 876 434 951 ullam
458 886 618 944 nostram
640 870 849 963 dignitatern
871 872 980 945 simul
996 872 1100 945 offert
1115 868 1204 945 haec
1222 893 1312 965 qua·
1363 870 1457 967 quit:
1491 870 1581 953 Fide
1596 870 1775 945 iustificati
1790 897 1909 965 pacem
1926 870 2110 959 habemns.
2142 878 2189 959 Ec
2205 882 2297 961 bane
2312 890 2351 963 tn

324 992 425 1061 tuor,
465 973 713 1045 remissionem
752 985 997 1066 peecatorum,
1038 976 1311 1069 imputationem
1361 975 1569 1069 quotidiana
1585 973 1812 1049 invocatione
1830 990 1864 1049 et
1881 978 1919 1048 in
1936 984 2239 1062 consolationibus
2252 1016 2352 1063 exer-

325 1079 504 1162 iusticiae,
527 1075 703 1169 Spiritum
725 1091 885 1148 sanetum
901 1090 936 1149 et
950 1072 1202 1151 haereditatem
1218 1076 1312 1147 vitae
1361 1090 1476 1151 ceant.

324 1194 496 1253 aeternae.
546 1174 614 1249 Est
632 1192 750 1251 autem
765 1180 973 1251 mandatum
991 1178 1058 1252 Dei
1072 1192 1258 1251 aeternnm
1275 1190 1312 1249 et

323 1285 515 1356 immotum
530 1280 575 1351 de
587 1273 679 1351 Fi!
684 1277 702 1349 i
707 1304 746 1351 o:
772 1278 881 1352 Hunc
904 1283 1037 1356 audite.
1087 1280 1236 1353 Necesse
1259 1292 1311 1352 est

323 1385 433 1475 igitur
447 1382 611 1455 assentiri
622 1382 850 1481 promissioni
867 1384 1032 1455 offerenti
1048 1382 1310 1455 reconciliatio·
1463 1375 1625 1453 Recitata
1646 1406 1785 1457 summa
1807 1388 2007 1477 ingreditur
2028 1392 2068 1464 in
2092 1420 2349 1472 eorunrernora·

323 1509 426 1571 nem,
462 1484 629 1557 videlicet
653 1486 716 1557 illa
746 1488 861 1570 bona,
895 1510 986 1580 quae
1007 1486 1093 1557 dixi.
1142 1483 1222 1557 Hac
1241 1484 1310 1554 fide
1361 1481 1495 1551 tionem
1518 1484 1564 1554 de
1587 1508 1653 1555 usu
1669 1488 1767 1577 legis.
1818 1490 1907 1561 Nam
1932 1496 2036 1565 multi
2056 1520 2097 1567 es
2122 1498 2261 1571 ludaeis
2283 1508 2347 1573 ad·

322 1587 432 1660 bomo
448 1611 530 1659 vere
551 1587 679 1679 accipit
702 1588 946 1659 remissionem
963 1606 1206 1680 peccatorum,
1239 1586 1309 1655 im·
1360 1576 1431 1653 hue
1453 1585 1670 1657 somniantes
1692 1613 1897 1662 mansuram
1929 1592 2002 1666 ess'e
2024 1599 2184 1688 politiam
2212 1602 2347 1675 Mosai-

323 1690 544 1781 putationern
565 1690 725 1761 iusticiae
749 1703 785 1789 et
807 1688 981 1781 Spiritum
1009 1705 1189 1775 sanctum,
1213 1702 1249 1761 et
1269 1688 1310 1759 lit
1360 1707 1457 1771 cam,
1500 1691 1762 1775 contendebant
1797 1695 1888 1763 ritus
1920 1696 2097 1771 Mosaicos
2134 1708 2349 1780 necessarius

322 1790 445 1865 haeres
467 1792 561 1863 vitae
588 1806 752 1863 aeternae
777 1808 922 1881 propter
943 1794 1057 1867 lilium
1081 1789 1151 1863 Dei
1173 1789 1309 1871 Gratis,
1360 1808 1453 1869 esse,
1493 1802 1532 1859 ut
1557 1814 1677 1861 recens
1701 1806 1785 1865 tunc
1807 1794 1922 1868 suerat
1942 1802 2069 1889 agitata
2092 1798 2178 1875 haec
2201 1825 2347 1881 contro·

321 1920 397 1967 non
413 1907 562 1987 propter
573 1895 754 1987 propriam
769 1894 1235 1985 dignitaternautmeritum.
1259 1888 1309 1963 Et
1359 1889 1472 1960 versia
1496 1889 1534 1960 in
1555 1890 1723 1986 Synodo,
1755 1921 1845 1989 quae
1869 1900 2036 1972 recitatur
2058 1905 2097 1974 in
2113 1901 2213 1981 Aetia
2234 1912 2347 2000 capite

321 2000 362 2068 in
388 1993 481 2067 banc
501 1996 713 2067 sententiam
735 1998 863 2067 usitata
885 2000 1073 2069 saturatio
1105 1998 1145 2065 in
1175 1993 1308 2066 nustria
1363 1986 1424 2062 15.
1455 1989 1577 2085 ltaque
1596 2010 1637 2069 ut
1657 2018 1762 2088 saepe
1782 1999 1887 2083 alibi,
1914 2000 1961 2073 ita
1986 1999 2045 2073 hic
2068 2031 2210 2102 qnoque
2226 2034 2346 2101 repre.

319 2098 498 2185 Ecclesiis,
523 2096 608 2169 Sola
622 2099 693 2166 lide
713 2096 953 2169 iustificamnr.
1005 2099 1191 2189 Significat
1210 2097 1306 2166 enim
1361 2088 1487 2165 bendit
1503 2094 1584 2165 illos
1601 2120 1737 2169 errores
1754 2117 2019 2193 propugnantes
2035 2106 2147 2199 legem
2164 2110 2294 2207 Moysi,
2310 2128 2346 2187 et

320 2201 504 2273 iustificari
521 2199 678 2289 accipere
691 2201 935 2271 remissionem
950 2214 1173 2294 peccatorum
1189 2212 1223 2270 et
1238 2200 1307 2267 im·
1360 2218 1471 2287 pauca
1497 2196 1598 2267 addit
1620 2201 1665 2271 de
1688 2222 1754 2271 usu
1777 2201 1876 2291 legis.

318 2302 543 2396 putationem
566 2300 743 2400 iusticiae,
763 2326 844 2373 curn
861 2327 931 2398 qua
955 2304 1145 2376 coniuncta
1166 2314 1218 2371 est
1239 2303 1307 2371 do·
1461 2292 1527 2370 Est
1547 2314 1665 2371 autern
1680 2302 1829 2391 insignis
1846 2307 2062 2400 propositio,
2087 2308 2189 2384 Bona
2207 2314 2345 2389 estLex

318 2406 420 2477 natio
437 2403 592 2497 Spiritus
605 2403 736 2487 sancti,
761 2420 796 2476 et
811 2399 1009 2479 haereditas
1023 2406 1117 2478 vitae
1131 2416 1305 2474 aeternae.
1358 2398 1518 2489 legitime
1539 2404 1672 2488 utenti,
1714 2406 1776 2473 ubi
1801 2422 1922 2479 monet
1951 2410 1996 2479 de
2025 2436 2094 2483 usn
2122 2414 2210 2503 legia
2233 2420 2344 2490 multa

421 2506 470 2579 Et
491 2504 816 2577 manifestissimum
834 2522 885 2578 est
907 2509 988 2579 ideo
1010 2512 1055 2579 de
1071 2504 1307 2595 imputatione
1358 2501 1615 2575 consideranda
1630 2528 1720 2589 esse,
1737 2506 1898 2579 videlicet
1915 2524 1948 2581 et
1963 2512 2118 2600 ipsarum
2133 2515 2253 2605 legum
2269 2520 2344 2589 dis-

315 2610 411 2693 dici,
436 2608 518 2704 quia
541 2609 703 2677 nondum
724 2604 894 2681 babemus
911 2611 1011 2682 illam
1034 2623 1145 2681 totam
1165 2607 1306 2677 novita-
1358 2602 1530 2689 crimina,
1556 2621 1588 2677 et
1612 2608 1700 2677 lines
1723 2609 1820 2698 legis.
1870 2610 2002 2683 Notum
2026 2630 2079 2686 est
2100 2632 2216 2689 autem
2234 2641 2344 2691 unam

316 2728 412 2797 tem,
440 2714 486 2783 de
506 2710 606 2781 cuius
620 2710 859 2781 transfusione
874 2708 1038 2785 monachi
1061 2712 1206 2789 dieunt,
1244 2710 1305 2779 aed
1358 2704 1446 2794 legis
1468 2720 1623 2796 partem,
1656 2710 1789 2782 scilicet
1812 2710 2005 2799 Moralem,
2045 2742 2152 2811 quam
2176 2722 2343 2793 nomina-

315 2838 443 2887 snmus
476 2812 560 2883 iusti
588 2813 717 2881 donata
752 2814 961 2886 remissione
990 2827 1236 2907 peccaturum,
1271 2824 1306 2881 et
1357 2828 1437 2877 mus
1460 2807 1696 2902 Deealogum,
1731 2814 1939 2903 sapientiam
1962 2830 2140 2891 aeternam
2163 2822 2201 2891 in
2225 2836 2343 2895 mente

316 2922 491 3007 imputata
506 2914 610 2985 nobis
627 2914 766 2984 iusticia
782 2917 847 2985 filii
862 2914 948 3002 Dei,
964 2930 998 2989 et
1016 2916 1115 3008 quasi
1131 2938 1171 2985 ea
1189 2913 1306 2985 vestiti
1357 2907 1481 2979 divina
1503 2934 1594 2999 esse,
1633 2914 1734 2985 cuius
1759 2917 1890 2986 noticia
1911 2918 1950 2988 in
1974 2914 2139 2991 homines
2166 2926 2343 2997 transfusa

319 3043 383 3113 per
404 3017 699 3109 imputationem,
732 3029 900 3088 ettamen
914 3021 1135 3089 verissimum
1152 3031 1225 3100 est,
1255 3016 1305 3086 ai.
1356 3024 1427 3090 est,
1459 3024 1500 3084 ut
1526 3038 1607 3086 vere
1627 3031 1875 3106 agnosceretur
1896 3016 2014 3101 Deua,
2048 3036 2083 3093 et
2104 3047 2228 3095 omnes
2251 3028 2344 3097 vires

320 3122 396 3191 mul
419 3118 556 3190 incoari
577 3120 616 3187 in
640 3117 744 3187 nobis
761 3120 974 3207 novitatem,
999 3145 1090 3215 quae
1112 3120 1151 3187 lit
1166 3118 1305 3210 Spiritu
1356 3125 1499 3185 nostrae
1522 3134 1757 3207 congruerent
1774 3142 1856 3191 cnm
1878 3134 1997 3193 mente
2010 3136 2044 3193 et
2059 3124 2242 3199 voluntate
2262 3128 2344 3198 Dei·

317 3236 441 3295 sancto
469 3221 580 3311 effuso
605 3221 643 3288 in
666 3221 773 3289 corda
796 3236 936 3307 nostra,
972 3237 1007 3296 et
1027 3223 1241 3293 accendente
1265 3220 1305 3289 in
1355 3212 1436 3285 Etsi
1453 3231 1572 3290 autem
1596 3232 1717 3311 postea
1742 3234 1868 3293 natura
1894 3216 2080 3295 hominum
2103 3249 2227 3297 aversa
2248 3242 2342 3301 esta

317 3326 426 3397 nobis
449 3326 576 3403 iidem,
608 3334 644 3391 et
665 3322 753 3392 alias
773 3322 941 3409 virtutes,
969 3340 1004 3396 et
1023 3324 1214 3415 copulante
1238 3344 1305 3392 nos
1356 3313 1456 3403 Deo,
1482 3330 1599 3391 tamen
1625 3322 1662 3390 in
1687 3336 1761 3393 toto
1782 3344 1909 3411 genere
1930 3321 2087 3395 humano
2107 3344 2254 3401 manent
2276 3328 2342 3401 baa

314 3429 393 3501 filio
419 3426 508 3508 Dei,
549 3424 711 3515 regnanti
738 3426 784 3495 ad
809 3426 988 3498 dexteram
1020 3426 1156 3498 aeterni
1183 3424 1305 3511 patris,
1356 3418 1509 3492 noticiae
1530 3425 1652 3518 aliquo
1673 3426 1801 3511 modo,
1833 3424 1918 3522 quia
1934 3424 2031 3498 Deua
2056 3428 2133 3500 vult
2154 3433 2200 3500 ab
2223 3432 2342 3502 omni·

312 3533 407 3602 sicut
429 3529 561 3600 dicitur
584 3527 756 3598 Actorum
776 3533 831 3601 2:
865 3529 1016 3601 Dextera
1041 3529 1106 3600 Dei
1132 3530 1305 3599 exaltatus
1356 3523 1424 3594 bus
1446 3527 1588 3611 agnosci
1618 3550 1721 3600 suum
1753 3527 1924 3598 iudicium
1950 3531 2120 3602 adversus
2148 3549 2342 3623 peccatum,

313 3633 448 3725 accepit
471 3629 741 3722 promissionem
756 3629 912 3723 Spiritus
933 3632 1066 3717 sandi,
1091 3655 1197 3726 quern
1213 3630 1303 3700 effu·
1357 3625 1434 3698 vult
1453 3627 1560 3698 etiam
1586 3624 1748 3698 homines
1772 3653 1976 3722 quanquam
2004 3655 2080 3703 non
2102 3648 2246 3707 renatos
2268 3636 2341 3706 ire·

314 3739 371 3808 dit
395 3736 436 3805 in
456 3756 533 3807 nos.
1284 3773 1290 3783 «
1356 3749 1443 3796 nare
1469 3743 1503 3800 et
1526 3735 1687 3802 coiircere
1713 3731 1972 3802 locomotivam.

417 3834 567 3909 Prorsus
580 3832 686 3904 etiam
702 3833 893 3905 reiicieada
907 3849 959 3909 eat
972 3833 1197 3923 imaginatio,
1212 3857 1304 3927 qnae
1459 3832 1562 3902 Aliae
1585 3835 1675 3902 dirae
1698 3845 1831 3924 partes,
1856 3833 2020 3905 videlicet
2034 3835 2146 3926 Leges
2161 3837 2338 3924 forenses,

313 3942 417 4033 lingit
433 3935 616 4010 bominem
631 3949 768 4007 tanturn
783 3936 889 4008 initio
905 3937 1107 4028 praeparari
1121 3939 1210 4021 lide,
1236 3959 1303 4028 po·
1355 3925 1649 4019 etCeremoniae,
1682 3949 1783 4004 erant
1803 3935 1904 4005 nervi
1926 3930 2032 4006 huius
2052 3938 2195 4028 politiae
2219 3937 2341 4026 lsrael,

312 4061 387 4116 stea
401 4067 485 4112 vero
500 4042 632 4109 iustum
648 4060 721 4108 esse
739 4039 883 4129 propria
900 4039 1111 4124 dilectione,
1141 4062 1304 4126 seupro-
1356 4031 1534 4106 interituri
1556 4059 1636 4106 cum
1657 4037 1732 4128 ipsa
1758 4035 1893 4125 politia.
1932 4037 2003 4112 Sed
2021 4042 2066 4110 de
2080 4041 2241 4112 omnium
2257 4063 2342 4134 par-

313 4147 402 4239 priis
417 4143 630 4224 virtutibus,
648 4153 688 4210 ut
705 4165 786 4210 cum
801 4142 970 4214 dicimus:
996 4137 1120 4212 Motus
1135 4141 1302 4218 calefacit,
1355 4135 1445 4205 tium
1468 4161 1534 4208 usu
1560 4133 1645 4210 haec
1672 4139 1867 4230 propositio
1891 4163 1971 4211 vera
1996 4156 2065 4214 est:
2103 4139 2210 4214 Nulla
2230 4165 2341 4236 opera

314 4248 439 4319 Motus
455 4242 674 4336 praeparatio
688 4255 759 4324 est,
785 4255 904 4335 postea
920 4244 1037 4313 calore
1050 4266 1171 4314 sumtu
1184 4242 1304 4313 calidi.
1355 4235 1460 4329 legis,
1495 4265 1609 4336 neque
1639 4239 1807 4326 moralia,
1845 4262 1961 4334 neque
1984 4244 2073 4329 alia,
2111 4245 2340 4317 merebantur

314 4351 386 4423 Sed
408 4370 554 4439 persona
573 4346 641 4414 lide
654 4361 791 4435 recepta
810 4345 976 4437 deinceps
999 4345 1105 4414 etiam
1125 4357 1177 4414 est
1198 4344 1303 4426 iusta,
1355 4340 1597 4412 remissionem
1613 4355 1857 4434 peccatorum,
1882 4365 1948 4414 nec
1966 4358 2069 4416 erant
2091 4345 2152 4414 illa
2168 4367 2241 4431 res,
2267 4368 2338 4438 qna

315 4456 354 4523 id
371 4466 442 4536 est,
471 4463 610 4547 accepta
626 4442 703 4516 Deo
719 4449 763 4516 ad
781 4447 891 4517 vitam
907 4461 1105 4528 aeternam,
1130 4471 1206 4518 non
1219 4469 1302 4535 pro·
1354 4437 1488 4526 David,
1523 4441 1708 4529 ieremias,
1739 4443 1885 4528 Daniel,
1918 4458 1952 4515 et
1974 4445 2108 4516 similes
2129 4461 2229 4520 erant
2251 4447 2338 4518 iusti

314 4571 395 4646 pter
410 4552 570 4646 proprias
587 4550 751 4630 virtutes,
776 4548 861 4640 qrria
877 4550 1029 4621 multum
1045 4545 1162 4619 adbuc
1183 4561 1302 4618 manet
1354 4565 1473 4613 curam
1490 4543 1586 4634 Deo,
1607 4547 1667 4616 sed
1690 4561 1788 4616 erant
1804 4546 2013 4636 disciplina,
2039 4568 2108 4640 qua
2127 4569 2201 4618 non
2219 4547 2341 4620 renati

312 4659 355 4727 iu
376 4657 480 4725 nobis
501 4653 681 4734 sordium,
720 4653 779 4718 sed
804 4663 947 4742 propter
968 4650 1198 4720 mediatorem
1226 4651 1302 4719 sola
1353 4644 1604 4732 iterabantur,
1628 4662 1662 4719 et
1678 4647 1861 4730 exercitia,
1887 4647 2069 4741 inquibus
2085 4647 2200 4720 renati
2218 4648 2337 4720 decla·

311 4762 404 4842 fide,
430 4783 499 4852 qua
521 4770 555 4827 et
579 4753 744 4839 deinceps
765 4746 935 4822 babemus
956 4751 1202 4824 remissionem
1219 4773 1302 4842 pec·
1354 4748 1481 4821 rabant
1497 4773 1596 4820 anam
1612 4748 1849 4819 obedientiam
1872 4761 1906 4820 et
1923 4749 2188 4824 confessionem.
2225 4748 2335 4822 Prsa-

311 4876 494 4945 catorum,
537 4871 571 4927 et
592 4857 763 4946 imputata
787 4854 926 4926 iusticia
957 4853 1161 4924 mediatoris
1185 4853 1302 4924 restiti
1354 4862 1447 4921 terea
1466 4851 1556 4922 ritus
1577 4864 1679 4921 erant
1695 4849 1795 4938 signa
1811 4851 2048 4922 discernentia
2067 4847 2159 4922 hanc
2173 4851 2335 4944 politiam
2410 4855 2416 4868 '

310 4985 450 5034 sumus.
502 4958 621 5030 Placet
642 4973 758 5028 autem
779 4981 873 5027 nova
890 4956 1091 5027 obedientia
1114 4956 1154 5024 in
1175 4979 1300 5024 recon·
1353 4952 1399 5022 ab
1420 4952 1520 5037 aliis,
1544 4952 1626 5047 quia
1653 4951 1764 5022 volarit
1789 4949 1885 5024 Deus
1906 4966 2031 5024 notiam
2051 4975 2126 5024 esse
2149 4954 2335 5046 populum,

311 5055 466 5147 tiliato,
495 5058 560 5132 bac
581 5062 658 5152 ipsa
682 5059 902 5130 consessione
926 5061 1174 5148 praecedente,
1204 5057 1300 5150 qarod
1355 5079 1395 5122 cr
1419 5079 1490 5144 qrro
1513 5068 1715 5123 nasceretur
1739 5056 1935 5144 redemtor,
1955 5079 2103 5148 eamque
2125 5057 2173 5125 ob
2194 5077 2334 5128 causam

311 5167 435 5238 adbuc
465 5165 596 5234 maritae
622 5183 767 5251 magnae
788 5161 909 5230 sordes
931 5161 970 5228 in
993 5161 1098 5228 nobis
1123 5155 1302 5235 haereant,
1355 5155 1468 5225 volriit
1500 5167 1585 5226 tunc
1617 5169 1747 5225 certam
1770 5179 1847 5224 esse
1878 5155 2058 5228 Ecclesiae
2086 5178 2168 5228 suae
2204 5159 2334 5228 sedem.

310 5271 413 5340 iuxta
448 5269 556 5336 illud:
594 5263 678 5335 Nun
712 5263 921 5334 iustificetur
951 5262 991 5330 in
1024 5275 1214 5350 conspectu
1238 5273 1301 5330 tuo
1326 5258 1328 5269 '
1354 5255 1432 5326 lloc
1454 5256 1606 5326 consilio
1628 5256 1787 5345 politiam
1816 5258 1913 5328 illam
1937 5259 1984 5328 ita
2005 5259 2229 5329 constitutam
2252 5279 2336 5340 ease,

310 5373 435 5444 omnig
456 5371 589 5437 vivens,
630 5365 699 5436 Sed
726 5366 838 5454 placet
859 5379 977 5434 tamen
1001 5375 1034 5432 et
1055 5359 1142 5433 haee
1164 5362 1302 5432 incoata
1326 5434 1329 5445 Ι
1352 5375 1385 5426 et
1403 5359 1639 5446 peculiaribus
1655 5359 1996 5430 rlllbutdlsllnciam
2009 5360 2055 5433 ab
2067 5359 2146 5430 allia
2162 5359 2337 5450 ssenllbtlfl,

1531 1238 1645 1315 Bona
1672 1255 1725 1317 est
1754 1240 1842 1321 Lex
1865 1246 2027 1347 legitime
2050 1259 2178 1338 utenti.

310 5472 520 5546 obedientia
547 5482 689 5560 propter
713 5467 940 5538 mediatorem
963 5467 1042 5534 tue.
1146 5515 1151 5526 .
1325 5450 1433 5533 isciri
1460 5483 1597 5528 necesse
1622 5473 1683 5533 est.

421 5573 517 5644 llaec
533 5594 634 5658 saepe
652 5569 738 5636 alibi
761 5569 939 5657 copiosius
959 5567 1171 5647 recitantur,
1207 5561 1330 5696 undep
1456 5561 1525 5633 Sed
1551 5561 1622 5628 iarn
1650 5561 1808 5632 dicamus
1831 5561 1876 5630 de
1895 5556 2091 5650 Decalogo,
2123 5559 2251 5640 idest,
2291 5556 2336 5625 de

315 5692 483 5748 sumatur
504 5672 691 5762 explicatio
716 5673 864 5760 longior.
897 5670 1001 5740 Naanc
1025 5680 1163 5738 tantum
1185 5665 1304 5736 breri-
1327 5722 1330 5745 ,
1355 5663 1509 5732 naturali
1535 5676 1569 5732 et
1590 5677 1757 5754 perpetua
1786 5663 1880 5751 lege,
1923 5661 2063 5732 omissis
2084 5657 2229 5730 caeteris
2249 5655 2338 5746 legi-

316 5797 378 5850 ter
400 5775 485 5848 baec
508 5773 687 5856 recensui,
736 5786 775 5843 ut
798 5775 956 5842 iuniores
986 5768 1160 5840 admoniti
1191 5766 1305 5836 sciant
1327 5825 1331 5839 .
1356 5767 1436 5835 bus.
1487 5763 1577 5834 Nam
1604 5765 1648 5832 de
1669 5759 1736 5832 hac
1760 5764 1834 5854 ipsa
1859 5775 1976 5855 parte,
2009 5760 2172 5832 videlicet
2190 5764 2235 5832 de
2262 5757 2339 5846 lege

316 5881 474 5954 Paulum
498 5879 608 5974 loqari,
622 5870 750 5970 debas
774 5877 848 5968 ipsa
873 5875 962 5962 lide,
986 5875 1031 5944 de
1046 5893 1118 5965 qna
1137 5867 1227 5942 alibi
1246 5868 1304 5937 in·
1327 5850 1332 5936 ἷ
1361 5893 1383 5934 ιι
1398 5865 1508 5948 orali,
1521 5862 1640 5958 inquit
1654 5862 1803 6004 Paulus:
1825 5863 1902 5938 Les
1921 5878 1973 5936 est
1991 5861 2104 5958 posita
2120 5860 2283 5944 iniustis,
2304 5855 2343 5926 id
