5825 6950
326 693 405 765 seo
731 687 813 762 xtt.
863 682 1165 765 uuanaavvo
1193 686 1245 761 tu
1270 680 1455 759 avano.
1490 674 1704 759 toannts.
1754 682 1862 760 cae.
1889 684 1970 763 xv.
2297 692 2371 763 sao
2431 631 2437 646 ’

327 884 397 957 qua
421 862 588 954 palmites
610 882 751 933 succum
777 854 944 947 trabunt,
976 858 1012 931 id
1036 873 1106 945 est,
1139 843 1350 931 audiamus‘
1379 858 1434 927 vis
1448 857 1616 949 periculis
1638 870 1829 929 exercetur.
1883 850 1952 930 Sed
1976 853 2042 931 bae
2061 858 2271 933 afflictiones
2292 865 2369 934 sine

327 963 568 1053 Evangelium
584 975 619 1033 et
634 964 902 1055 amplectamur,
935 983 999 1052 per
1022 965 1119 1057 quod
1134 958 1232 1032 Deus
1252 974 1325 1030 tra·
1377 960 1680 1031 consolationibus
1713 975 1828 1032 essent
1850 961 2007 1032 exitiales
2030 962 2132 1052 ipsis,
2173 964 2256 1033 ideo
2278 989 2366 1056 pur-

328 1065 381 1138 bit
394 1080 431 1137 et
448 1080 570 1137 mos-et
594 1068 701 1136 corda
725 1080 865 1137 nostra:
900 1064 993 1135 Moti
1018 1088 1102 1133 vero
1122 1088 1195 1134 nou
1217 1087 1324 1155 repu-
1375 1063 1470 1152 gatio
1488 1061 1733 1154 complectitur
1748 1064 1854 1133 etiam
1871 1064 2180 1139 consolationem..
2210 1062 2287 1137 Etsi
2303 1092 2368 1139 au-

326 1170 553 1260 gncmuseetl
577 1168 883 1260 obtemperemus,
912 1190 977 1236 nec
1003 1167 1170 1237 voluntas
1191 1180 1243 1236 est
1268 1189 1323 1235 sa-
1376 1177 1446 1234 tem
1467 1166 1555 1233 aliae
1575 1165 1785 1235 afflictiones
1809 1164 1896 1235 alias
1917 1188 2037 1235 causas
2062 1161 2213 1254 habent,
2248 1182 2366 1239 tamen

324 1294 430 1349 xum,
460 1284 527 1339 aut
538 1285 706 1360 truncus,
734 1272 794 1339 sed
812 1283 927 1360 potest
939 1289 1138 1359 repugnare
1161 1290 1222 1337 sua
1247 1292 1323 1335 ma·
1375 1288 1499 1335 omnes
1513 1268 1703 1335 admonent
1718 1292 1782 1336 uos
1798 1270 1842 1337 de
1862 1291 1963 1338 causa
1986 1270 2130 1351 mortis,
2163 1272 2207 1338 tle
2230 1272 2280 1340 ira
2296 1270 2366 1341 Dei

322 1374 421 1450 litia,
465 1371 561 1442 sicut
579 1369 697 1442 David
729 1373 851 1440 volens
881 1372 1031 1441 excussit
1050 1362 1323 1460 gubernatorem
1374 1370 1543 1437 adversus
1558 1383 1736 1459 peccatum
1760 1370 1944 1441 nobiscum
1969 1393 2134 1450 nascens,
2169 1373 2214 1441 de
2235 1373 2366 1443 fiducia

324 1476 506 1566 Spiritum
519 1486 691 1543 sanctum.
742 1470 900 1545 Ecoutra
925 1497 1027 1557 vero,
1061 1496 1140 1541 cum
1164 1473 1233 1541 iam
1260 1496 1323 1539 vo-
1374 1471 1486 1540 nostri
1504 1472 1730 1558 corrigenda,
1762 1474 1807 1541 de
1823 1473 2025 1566 quaerendo
2042 1470 2111 1542 Dei
2137 1474 2287 1554 auxilio,
2321 1478 2366 1545 de

327 1580 446 1649 luntas
476 1576 623 1647 iuvetur
652 1574 792 1667 Spiritu
821 1590 960 1659 sancto,
1007 1574 1159 1644 retinere
1185 1576 1321 1643 donttm
1375 1571 1564 1667 tyrannide
1583 1586 1618 1643 et
1631 1572 1770 1643 insidiis
1787 1574 1941 1653 diaboli,
1958 1588 1991 1645 et
2007 1576 2111 1645 multi
2129 1590 2274 1669 propter
2287 1600 2365 1646 cer-

331 1678 396 1747 Dei
410 1690 540 1768 potest.
592 1676 636 1747 Et
653 1673 712 1747 hie
723 1678 848 1765 ingens
862 1677 956 1747 locta
975 1689 1010 1747 et
1032 1677 1221 1746 difficultas
1244 1698 1322 1745 ma·
1374 1688 1429 1744 tos
1442 1676 1562 1766 lapsus
1579 1674 1792 1764 plectuntur.
1819 1674 1925 1745 Tunc
1939 1676 2047 1765 igitur
2059 1698 2265 1767 purgamur,
2280 1703 2363 1749 cum

330 1781 456 1851 nileste
486 1791 658 1864 testatur,
697 1780 915 1850 voluntatem
948 1802 1022 1849 non
1054 1800 1128 1847 esse
1159 1778 1322 1859 otiosam,
1374 1772 1461 1846 baec
1478 1777 1717 1866 agnoscimus,
1751 1801 1816 1847 nec
1840 1778 2024 1847 sremimus
2046 1780 2214 1849 adversus
2238 1777 2366 1864 Deum,

329 1908 390 1953 nec
404 1882 555 1951 inanem
571 1905 644 1951 esse
667 1882 908 1971 diligentiam,
940 1893 981 1950 ut
1002 1876 1129 1971 loseph
1148 1902 1223 1949 non
1244 1880 1321 1949 sine
1373 1880 1433 1949 sed
1450 1877 1644 1949 retinemus
1659 1879 1773 1949 lucem
1790 1880 1892 1965 fidei,
1919 1894 1953 1953 et
1971 1893 2210 1950 sustentamur
2225 1880 2364 1973 Spiritu

324 1987 418 2055 lucta
452 1984 585 2053 retinet
608 1980 675 2052 Dei
704 1986 849 2058 donum.
909 1982 1015 2072 Quod
1044 1982 1075 2051 si
1098 1983 1263 2053 voluntas
1284 2004 1321 2050 se
1372 1994 1514 2065 sancto,
1547 2005 1593 2051 ne
1621 1980 1867 2073 opprimamur
1895 1982 2021 2054 dolore
2044 1994 2080 2051 et
2107 1983 2365 2074 desperatione,

320 2084 474 2157 liaberet
492 2100 691 2165 utrarum,
716 2108 756 2157 ac
770 2098 909 2157 tantum
927 2098 1106 2176 pateretur
1119 2084 1321 2174 impressio·
1372 2096 1407 2151 et
1421 2083 1623 2174 experimur
1638 2084 1913 2174 mitigationem,
1932 2108 2003 2163 ,scu
2021 2084 2231 2155 levationem
2258 2086 2364 2155 terri·

321 2214 407 2258 nem
435 2211 554 2257 novae
575 2186 736 2272 virtutis,
770 2189 870 2255 nulla
892 2187 986 2257 lucta
1006 2200 1096 2258 esset
1117 2187 1321 2257 retinendae
1372 2185 1500 2256 bilium
1530 2186 1727 2271 malorum,
1769 2188 1901 2279 quibus
1935 2187 2190 2259 excruciemur.
2257 2184 2361 2257 Hanc

323 2291 428 2372 lidei,
462 2312 527 2358 sen
557 2290 707 2358 aliarum
733 2288 927 2373 virtutum,
961 2302 1026 2359 etc.
1089 2287 1174 2359 ldeo
1203 2287 1322 2381 inquit
1372 2288 1662 2379 propagationem
1681 2287 2028 2360 describuntPsalmi
2047 2288 2266 2381 passim,nt:
2284 2286 2360 2359 Do-

325 2385 690 2465 eamozcortnth.
707 2392 761 2464 6.:
788 2389 1004 2471 Hortamur,
1032 2393 1317 2481 nefrustragra·
1370 2382 1795 2461 mineneinfuroretuo
1813 2413 1939 2480 arguas
1962 2415 2031 2465 me.
2084 2388 2189 2461 Item:
2214 2388 2362 2461 Bonum

334 2496 418 2563 tiam
432 2494 651 2583 acceperitis,
677 2495 768 2563 etad
787 2490 919 2591 Philip.
934 2498 986 2567 2.:
1023 2493 1112 2566 (ium
1136 2495 1263 2563 timore
1288 2506 1321 2562 et
1342 2545 1346 2585 ξ
1369 2487 1462 2561 mihi
1477 2492 1572 2585 quod
1590 2485 1786 2563 humiliasti
1801 2516 1875 2579 mc,
1900 2508 1939 2565 ut
1956 2494 2126 2563 discerem
2143 2492 2362 2563 iustificatio-

334 2608 481 2665 tremore
500 2609 651 2665 vestram
667 2596 815 2664 salntem
837 2595 1053 2689 operemini,
1080 2611 1114 2666 et
1128 2595 1245 2666 Lucae
1260 2596 1317 2670 10.
1370 2616 1434 2664 nes
1456 2607 1545 2665 tuas.
1596 2592 1642 2664 Et
1665 2590 1830 2665 Ieremias
1854 2596 1973 2689 inquit
1994 2595 2107 2687 capite
2129 2596 2211 2668 bb:
2244 2590 2362 2665 Casti-

327 2698 478 2769 elicitur:
508 2694 653 2784 Quanto
677 2699 789 2787 magis
814 2714 914 2786 pater
935 2699 1093 2769 coelestis
1117 2700 1216 2767 dabit
1234 2698 1315 2789 Spi-
1370 2696 1460 2785 gasti
1476 2716 1530 2765 mc
1544 2692 1720 2797 Domine,
1753 2698 2074 2783 eteruditussum,
2109 2696 2210 2789 quasi
2235 2694 2361 2767 iuven-

323 2800 436 2869 ritum
464 2814 626 2867 sanctum
656 2801 871 2889 petentibus,
896 2802 957 2869 ubi
978 2826 1057 2871 cum
1077 2802 1220 2871 additur
1237 2825 1317 2891 par·
1370 2800 1472 2869 culus
1488 2798 1696 2874 indomitus.

324 2902 433 2972 ticula
469 2898 692 2997 petentibus,
742 2900 826 2971 satis
866 2903 1079 2993 intelligitur
1119 2928 1191 2974 non
1232 2929 1317 2971 con-

329 3002 462 3072 irmari
507 3004 683 3093 ignaviam
725 3019 757 3074 et
804 3018 1031 3081 contemtum.
1097 3004 1166 3075 Sed
1206 3029 1315 3096 agno·

330 3130 467 3174 scamus
503 3104 782 3174 imbecillitatem
817 3123 992 3198 nostram,
1039 3107 1247 3178 obiiciamus
1279 3131 1317 3175 ea
1472 3104 1576 3176 Prior
1592 3106 1783 3197 descriptio
1799 3104 1946 3178 illustris
1966 3107 2103 3197 pictura
2126 3106 2195 3175 suit
2217 3107 2261 3175 de
2284 3106 2360 3177 clli-

331 3208 481 3291 delicta,
521 3231 611 3300 quae
640 3209 841 3298 impediunt
871 3210 1149 3293 invocationem,
1182 3225 1217 3281 et
1241 3210 1319 3298 pol·
1371 3208 1464 3279 cacia
1483 3222 1518 3279 et
1532 3208 1726 3307 praesentia
1744 3201 1881 3280 Christi
1902 3208 1940 3277 in
1955 3202 2126 3281 Ecclesia.
2178 3205 2281 3279 Nunc
2304 3220 2360 3278 se*-

330 3312 433 3379 luunt
474 3310 745 3394 conscientiam,
804 3335 1041 3402 repugnemus
1083 3311 1317 3381 imbecillitati
1371 3324 1532 3403 quuntur
1544 3312 1634 3381 duae
1649 3310 1843 3383 sententiae
1859 3310 1961 3380 valde
1977 3308 2243 3389 memorabiles,
2270 3333 2361 3402 quae

329 3428 490 3496 nostrae,
536 3426 569 3482 ct
596 3435 678 3482 vere
707 3436 748 3481 ac
779 3414 871 3483 serio
898 3428 1059 3512 petamus
1089 3415 1259 3484 sterilium
1286 3429 1315 3484 et
1371 3415 1657 3493 decentiorem,
1685 3408 2151 3506 ubietquaesitEcclesia,
2184 3424 2219 3482 et
2235 3412 2297 3506 qui
2312 3412 2359 3486 sit

329 3512 622 3604 gubernationem
640 3516 810 3584 divinam.
850 3515 1317 3608 Maximaparsbominum‚
1370 3516 1581 3609 praecipuus
1598 3514 1725 3588 cultus.
1770 3509 2359 3605 Coniungunturautemcumhoc

329 3619 432 3686 etiam
451 3641 595 3700 eorum,
622 3618 683 3711 qui
702 3617 827 3687 vivunt
845 3619 921 3688 sine
937 3619 1105 3705 reinone,
1118 3645 1215 3689 inore
1238 3619 1315 3710 pbi-
1371 3619 1465 3690 dicto
1482 3618 1613 3689 multae
1627 3616 1821 3688 sententiae
1836 3639 1943 3710 supra
1959 3615 2125 3688 recitatae
2143 3639 2289 3709 prorsus
2310 3616 2361 3685 si-

330 3714 535 3810 losopbico,
551 3721 770 3790 arbitrantur
787 3743 828 3789 se
846 3744 966 3809 regere
982 3745 1082 3812 posse
1095 3748 1178 3792 suos
1194 3748 1318 3806 mores,
1371 3721 1493 3802 miles,
1518 3742 1608 3814 quac
1626 3719 1721 3788 idem
1738 3719 1883 3800 docent,
1909 3715 2101 3790 Ecclesiam
2125 3741 2198 3789 esse
2220 3731 2360 3788 coetum

334 3845 390 3890 sua
411 3820 553 3910 negotia
581 3835 614 3891 et
637 3823 812 3913 pericula,
850 3845 914 3894 sua
937 3823 1101 3895 rationali
1123 3825 1319 3914 diligentia,
1369 3822 1656 3915 amplectentium
1671 3817 1926 3910 Evangelium,
1950 3843 2016 3890 nec
2039 3819 2220 3910 pingimus
2241 3818 2359 3889 ideam

330 3939 360 3992 ct
390 3927 508 3992 donec
540 3923 779 4017 tranquillitas
801 3938 870 4011 est,
901 3927 1014 3997 securi
1038 3922 1129 3996 hanc
1152 3929 1316 3996 fiduciam
1370 3924 1609 4004 Platonicam,
1648 3923 1710 3994 sed
1739 3923 1922 4017 loquimur
1950 3923 1994 3992 de
2023 3921 2157 3991 visibili
2189 3916 2360 3997 Ecclesia.

328 4049 409 4095 suae
440 4025 637 4115 sapientiae
661 4039 695 4096 et
716 4027 921 4118 diligentiae
945 4029 1220 4111 circumierunt,
1254 4054 1318 4097 uec
1372 4026 1471 4098 Nulli
1486 4040 1569 4098 sunt
1585 4023 1687 4098 electi
1700 4025 1746 4096 ad
1771 4025 1880 4096 vitam
1899 4036 2098 4108 aeternam,
2131 4021 2202 4092 nisi
2226 4023 2264 4092 in
2289 4017 2359 4093 boc

327 4127 564 4219 experiuntur
593 4128 679 4222 quid
706 4129 751 4199 sit
771 4153 854 4200 vera
877 4131 1074 4214 invocatio,
1107 4154 1167 4200 seu
1195 4133 1318 4222 petitio
1371 4129 1446 4218 ipso
1464 4126 1598 4200 visibili
1613 4140 1736 4212 coeto,
1761 4127 1824 4220 qui
1840 4126 2025 4219 profitetur
2037 4121 2270 4216 Evangelium
2281 4120 2361 4208 Dei,

326 4229 453 4298 anxilii
470 4230 599 4302 divini.
649 4231 720 4302 Sed
743 4255 924 4326 nunquam
949 4234 1105 4323 pericula
1129 4235 1316 4303 inextrica-
1369 4229 1757 4323 sicutPaulusinquit:
1784 4227 1887 4319 Quos
1908 4228 2030 4320 elegit,
2063 4222 2130 4298 hos
2153 4241 2187 4298 et
2209 4225 2361 4308 vocavit,

326 4333 417 4401 bilia
432 4336 564 4402 desunt
587 4331 648 4418 iis,
677 4333 739 4426 qui
762 4349 845 4404 suut
868 4335 1030 4423 impliciti
1053 4336 1316 4426 gubernationi,
1370 4346 1404 4402 et
1418 4333 1457 4401 iu
1475 4329 1616 4402 Psalmo
1633 4331 1780 4402 dicitur:
1807 4327 1849 4400 ln
1865 4355 2006 4402 omnem
2023 4342 2153 4402 terram
2171 4326 2279 4398 exivit
2302 4350 2360 4397 so-

325 4449 358 4504 et
377 4433 516 4521 singuli
533 4433 692 4504 miserias
708 4451 845 4506 nostras
864 4437 1072 4525 diligentins
1095 4439 1318 4508 considerare
1369 4457 1589 4506 noseorum.
1642 4431 1730 4504 Vult
1745 4429 1841 4504 Deus
1858 4435 1951 4502 recte
1970 4431 2112 4522 agnosci
2135 4444 2169 4501 ει
2189 4428 2360 4512 invocari,

324 4539 559 4619 deberemus,
594 4538 692 4628 quod
719 4537 748 4606 si
770 4539 886 4620 lieret,
925 4541 1174 4610 accenderetur
1193 4563 1318 4610 verum
1370 4539 1568 4607 vultsuum
1582 4531 1816 4625 Evangelium
1833 4533 1991 4604 exaudiri
2016 4533 2055 4602 in
2080 4545 2154 4603 toto
2179 4531 2266 4601 orbe
2288 4543 2361 4598 ter·

323 4638 489 4708 studium
523 4637 665 4728 petendi
702 4640 835 4710 auxilii.
894 4639 1069 4712 Proficere
1098 4655 1191 4712 certe
1210 4639 1318 4712 Chri·
1369 4663 1490 4708 rarum
1522 4651 1557 4708 ει
1587 4636 1720 4730 ubique
1749 4635 1945 4729 propagari.
2009 4631 2130 4722 Quare
2159 4653 2234 4700 uon
2260 4630 2362 4699 abdit

325 4742 465 4810 stianos
490 4735 546 4812 bis
571 4739 746 4811 exercitiis
767 4758 997 4827 necessust,
1030 4743 1184 4829 scilicet,
1218 4745 1318 4832 agni·
1370 4737 1563 4811 Ecclesiam
1582 4761 1681 4809 suam
1697 4737 1736 4808 in
1756 4737 1925 4821 latebras,
1958 4737 2018 4804 sed
2044 4732 2120 4803 vult
2139 4754 2214 4802 eam
2237 4744 2359 4802 notam

325 4845 427 4914 tione
449 4842 617 4934 propriae
636 4841 910 4930 imbecillitatis,
947 4845 1021 4918 irae
1043 4846 1133 4932 Dei,
1166 4847 1316 4937 promis-
1371 4867 1465 4926 esse,
1490 4855 1523 4912 ει
1541 4863 1662 4910 vocem
1684 4839 1760 4911 eius
1780 4839 1909 4912 audiri.
1960 4833 2051 4908 Cum
2075 4833 2186 4925 igitur
2209 4833 2360 4924 legimus

323 4947 471 5016 sionum
494 4958 528 5016 et
549 4947 766 5037 praesentiae
781 4944 860 5021 Dei.
1371 4939 1434 5014 bas
1478 4943 1699 5014 dulcissimas
1738 4942 1997 5012 consolationes
2036 4931 2143 5008 buius
2176 4935 2360 5008 concionis

428 5045 516 5118 ldco
546 5060 583 5118 et
608 5047 648 5115 in
677 5061 775 5119 terto
797 5051 945 5120 dicitur:
980 5045 1101 5121 Omne
1123 5051 1220 5143 quod
1239 5051 1316 5121 fm-
1370 5042 1523 5126 Christi,
1550 5059 1584 5118 et
1599 5043 1791 5129 similium,
1809 5067 1883 5114 non
1902 5038 2102 5111 reiiciamus
2117 5059 2173 5109 eas
2191 5039 2234 5107 ad
2251 5035 2385 5146 aliam·

326 5159 424 5220 ctum
449 5147 583 5240 gignit,
614 5150 765 5240 purgat,
793 5165 833 5222 ut
855 5153 1011 5224 fructum
1034 5153 1235 5223 uberiorem
1258 5154 1319 5241 gi·
1370 5143 1566 5220 Ecclesiam
1583 5145 1687 5216 nobis
1704 5145 1880 5236 ignotam,
1907 5144 1967 5214 sed
1983 5138 2289 5212 accommodemus
2312 5139 2359 5206 ad

323 5265 424 5340 gnat.
476 5249 558 5321 Non
576 5251 653 5320 sine
664 5254 766 5342 gravi
779 5278 881 5325 causa
897 5255 937 5324 lit
952 5255 1087 5324 mentio
1103 5254 1212 5324 huius
1228 5278 1315 5352 pur-
1368 5245 1463 5320 banc
1487 5249 1664 5319 visibilem
1681 5243 1894 5334 Ecclesiam,
1927 5257 1961 5315 ct
1983 5243 2059 5314 eius
2082 5239 2258 5324 membra,
2289 5233 2360 5308 hoc

326 5352 503 5442 gationis,
545 5375 610 5424 nec
633 5353 709 5424 leve
732 5356 938 5426 exercitium
963 5352 1121 5428 cethaee
1144 5356 1319 5445 purgatio.
1370 5366 1442 5435 est,
1468 5351 1511 5420 ad
1528 5350 1717 5443 nosipsos.
1769 5348 1827 5420 Aa
1842 5372 1907 5420 nos
1932 5345 2040 5436 igitur
2060 5337 2147 5414 haec
2170 5339 2359 5434 promissio

326 5455 724 5546 complectiturontem
748 5471 783 5528 et
803 5482 943 5530 crucem
967 5470 1005 5529 ει
1028 5459 1318 5542 consolationem,
1369 5453 1541 5544 pertinet:
1581 5448 1765 5548 Quicquid
1794 5449 1997 5530 volueritis,
2045 5445 2190 5540 petetis,
2238 5454 2274 5513 et
2302 5441 2362 5512 fiet

326 5550 462 5647 lorepb
492 5579 573 5627 cum
606 5555 645 5627 in
673 5581 848 5630 carcerem
884 5561 1093 5643 abducitur,
1135 5572 1317 5654 purgatur.
1368 5554 1483 5627 vobis.
2331 5641 2342 5661 ·

324 5657 446 5732 David
462 5679 544 5729 cum
557 5658 704 5750 pellitur
718 5661 757 5729 in
773 5661 939 5732 erilium:
962 5658 1130 5733 Ezechias
1150 5687 1230 5735 cum
1251 5663 1319 5733 ob-
1473 5653 1692 5728 Discrimina
1719 5654 1834 5729 multa
1856 5665 1941 5726 sunt
1969 5649 2064 5724 inter
2085 5643 2244 5722 ethnicas
2268 5642 2362 5716 relt-

325 5763 469 5834 sidetue
482 5761 607 5832 civitas
615 5760 862 5858 Hierosolyma
877 5759 1164 5837 aSeunecherib:
1189 5765 1319 5838 Daniel
1370 5759 1511 5851 giones,
1537 5770 1695 5830 etonem
1710 5779 1832 5830 veram
1855 5752 2054 5829 doctrinam
2081 5754 2125 5822 de
2142 5747 2240 5834 Deo,
2272 5768 2362 5839 quae

327 5888 413 5936 cum
439 5862 611 5938 obiicitur
634 5864 814 5940 leonibus:
840 5863 975 5940 Paulus
994 5889 1076 5940 cum
1099 5864 1228 5960 passim
1250 5891 1318 5938 no-
1371 5862 1524 5935 sonatio
1539 5858 1696 5934 Eccletia
1713 5857 1790 5937 Dei.
1842 5853 1977 5934 Errant
1991 5854 2086 5926 enim
2100 5846 2261 5927 ethnicae
2275 5846 2363 5941 opi-

1420 2966 1467 3040 Si
1482 2966 1695 3041 manseritis
1713 2970 1752 3040 in
1771 2993 1845 3058 mc,
1870 2978 1903 3041 cl
1919 2966 2026 3041 verba
2042 2991 2122 3039 maa
2139 2966 2178 3039 in
2197 2966 2309 3046 vobis.
2385 3052 2388 3061 ,
