5825 6950
535 650 612 733 41⁵
1069 739 1076 751 Ι
1121 634 1253 716 rurs.
1276 634 1396 715 nnn.
1423 632 1635 744 scnrrra
1658 626 1962 733 senonum
2013 670 2036 683 -·
2113 588 2186 679 -Ῐ
2496 651 2574 729 ns

541 831 658 929 posita
681 836 777 898 sunt.
828 814 1009 893 Contritio
1034 827 1087 887 est
1105 814 1238 905 agnitio
1258 811 1410 906 peceati,
1435 812 1533 908 quod
1648 813 1871 889 --Postrenro
1887 828 1920 901 ot
1935 828 2076 891 esterna
2093 817 2313 912 bonoopera
2334 813 2463 910 habet,
2488 846 2580 897 con-
2656 892 2657 897 ,

540 938 592 1008 ait
610 934 701 1005 latro
723 950 760 997 se
776 925 868 996 iuste
885 920 1029 1014 puniri,
1052 931 1087 988 et
1110 918 1207 988 dolet
1228 938 1265 986 se
1282 912 1399 986 Deum
1419 914 1535 985 offen·
1584 916 1775 989 sessionem
1798 918 1933 1010 peccati
1952 920 2027 1007 sui,
2060 934 2096 1008 et
2118 922 2201 1003 iusti
2219 923 2342 997 iudicii
2357 922 2445 1011 Dei,
2468 928 2580 999 invo-

531 1034 656 1119 '.disse,
681 1042 715 1103 et
729 1027 837 1099 sentit
852 1024 943 1094 ham
958 1020 1045 1104 Dei,
1070 1015 1137 1089 hac
1154 1019 1228 1111 ipsa
1245 1042 1358 1110 poena
1375 1042 1534 1088 commo·
1587 1020 1760 1092 sationem
1788 1015 1943 1106 Christi,
1985 1035 2028 1093 et.
2052 1024 2336 1114 obiurgationem
2366 1030 2580 1105 adversarii.

543 1136 724 1218 nefastus,
762 1144 797 1201 et
828 1126 974 1221 quidem
1010 1122 1151 1216 publice
1184 1122 1315 1191 latetur
1353 1132 1534 1213 peceatum
1586 1120 1678 1195 Nam
1706 1123 1861 1195 refutare
1893 1124 2141 1197 maledicentes
2156 1122 2379 1219 Evangelio,
2410 1144 2463 1203 est
2484 1156 2583 1223 opus

544 1241 736 1322 suum,'et
768 1228 952 1324 praedicat
983 1224 1156 1295 iudicium
1182 1222 1251 1294 Dei
1281 1222 1414 1293 iustum
1449 1242 1534 1293 esse.
1586 1236 1811 1319 praeceptum
1838 1224 1877 1293 iu
1902 1221 1958 1295 his
1982 1229 2182 1314 sententiis,
2216 1228 2333 1302 Lucae
2354 1230 2407 1303 9.=
2457 1231 2583 1321 Quem

543 1340 643 1413 Haec
667 1329 993 1425 omnia'pertiuent
1014 1328 1060 1395 ad
1083 1324 1355 1409 contritionem,
1389 1338 1429 1396 ut
1451 1324 1535 1393 illae
1587 1328 1656 1397 mei
1671 1327 1821 1418 pudebit
1837 1340 1871 1397 et
1884 1351 2044 1400 meorum
2066 1352 2287 1417 sermonum,
2312 1328 2409 1410 hunc
2424 1337 2586 1409 coufun-
2647 1395 2648 1404 ,

542 1464 647 1515 voces
668 1434 830 1509 Danielis
854 1432 906 1505 9.:
940 1428 1026 1499 Tibi
1049 1428 1208 1499 Domine
1239 1426 1401 1516 iusticia,
1430 1424 1535 1497 nobis
1588 1431 1648 1500 det
1663 1430 1757 1499 filius
1773 1422 1941 1503 hominis.
1993 1426 2042 1506 Et
2055 1430 2184 1504 Psalm.
2204 1435 2305 1525 1180
2331 1433 2379 1507 Et
2400 1436 2586 1530 loquebar
2644 1409 2648 1440 ¹

545 1558 665 1617 autem
681 1536 842 1611 confusio
859 1531 973 1603 faciei.
1589 1532 1633 1602 de
1656 1530 1866 1603 testimoniis
1889 1530 1960 1601 tuis
1980 1532 2020 1601 iu
2045 1548 2235 1627 conspectu
2265 1559 2406 1625 regum,
2443 1554 2477 1609 et
2505 1566 2583 1613 non

1589 1634 1847 1706 confundebar.
1872 1630 2032 1723 Pertinet
2044 1650 2161 1707 autem
2176 1638 2377 1731 exemplum
2392 1641 2436 1711 ad
2454 1665 2585 1714 ornnes

541 1730 549 1739 ⁴
648 1743 774 1817 Fidem
796 1735 872 1809 eius
892 1733 1086 1807 clarissime
1102 1732 1257 1805 ostendit
1279 1729 1419 1826 petitio:
1454 1728 1536 1803 Me·
1589 1730 1771 1821 homines,
1795 1748 1836 1807 ut
1850 1735 1988 1807 discant
2008 1759 2097 1827 opus
2118 1742 2352 1810 necessarium
2377 1764 2452 1813 esse
2467 1746 2584 1834 proli-

546 1862 668 1923 mento
692 1842 764 1915 mei
786 1837 959 1923 Domine,
1001 1838 1144 1931 quando
1167 1836 1288 1905 venies
1318 1836 1357 1905 in
1386 1857 1536 1925 reguum
1589 1838 1657 1912 teri
1673 1837 1797 1923 fidem,
1824 1850 1860 1911 et
1882 1860 1958 1909 eam
1980 1838 2158 1911 declarare
2181 1842 2393 1915 refutatione
2409 1842 2583 1938 blasphe-

546 1970 662 2028 tuum.
714 1944 808 2014 Vere
831 1941 926 2011 enim
942 1938 1111 2029 intelligit
1128 1932 1225 2009 hunc
1245 1936 1381 2009 socium
1399 1936 1537 2030 suppli·
1589 1940 1754 2013 mierum.

474 2130 478 2139 ¹
541 2046 613 2138 eii,
638 2068 843 2145 quanquam
866 2044 937 2113 iam
959 2042 1192 2126 moriturum,
1216 2053 1335 2111 tamen
1351 2063 1425 2111 esse
1439 2038 1538 2110 Mes—
1689 2040 1767 2115 Etsi
1783 2039 1892 2133 igitur
1912 2036 2077 2124 homines
2100 2043 2240 2135 profani
2265 2042 2300 2117 'et
2318 2062 2478 2139 potentes
2498 2052 2583 2121 tali·

546 2156 636 2228 siam
650 2151 833 2235 tollentem
850 2158 989 2237 peecata
1008 2157 1042 2216 et
1057 2157 1227 2234 mortem,
1254 2156 1288 2214 et
1302 2142 1537 2214 redimentem
1589 2146 1657 2217 bus
1687 2145 1961 2217 refutationibus
1990 2146 2242 2238 offenduntur,
2282 2163 2401 2222 tamen
2425 2152 2583 2225 sciamus

546 2279 660 2351 genus
685 2248 881 2322 humanum
906 2241 972 2318 hac
997 2242 1219 2332 sua‘morre,
1253 2245 1344 2315 sieut
1367 2267 1411 2313 ex
1431 2238 1537 2315 Esaia
1589 2243 1659 2319 hoc
1687 2244 1843 2317 officium
1876 2246 2112 2319 necessarium
2143 2272 2237 2332 esse,
2275 2265 2310 2323 et
2333 2277 2415 2324 vere
2440 2255 2585 2347 placere

546 2356 669 2459 potuit
683 2353 804 2446 aliqua
828 2350 921 2420 dicta
946 2347 1164 2419 meminisse:
1191 2347 1278 2439 petit
1299 2345 1409 2436 igitur
1430 2345 1476 2416 ab
1496 2368 1536 2416 eo
1591 2352 1691 2435 Deo,
1718 2361 1752 2419 et
1766 2343 1857 2420 hanc
1872 2350 2151 2426 consolationem
2163 2376 2229 2423 nos
2248 2351 2287 2421 in
2302 2350 2434 2429 scholis
2451 2358 2583 2427 memi-

546 2456 793 2533 remissionem
810 2462 1032 2543 peccatorum
1057 2462 1094 2522 et
1115 2448 1225 2520 vitam
1249 2462 1439 2522 aeternam.
1490 2442 1539 2519 Et
1590 2452 1769 2534 nerimus,
1801 2472 1891 2543 quae
1912 2452 2109 2544 plurimum
2128 2454 2318 2529 incurrunt
2346 2457 2386 2526 in
2411 2459 2491 2531 odia
2512 2485 2582 2553 po-

548 2577 593 2635 ut
614 2561 701 2631 lides
723 2556 799 2626 eius
820 2553 1066 2637 confirmetur,
1090 2553 1192 2623 audit
1212 2550 1453 2622 dulcissimam
1475 2551 1539 2621 ab·
1590 2570 1748 2639 tentum,
1773 2566 1919 2645 propter
1934 2552 2023 2625 tales
2039 2554 2281 2629 refutationes.

550 2662 785 2735 solutionem:
812 2652 931 2724 Hodie
946 2677 1085 2723 meeum
1102 2652 1171 2723 eris
1188 2654 1227 2722 in
1250 2652 1423 2747 paradiso.
1463 2648 1538 2725 lam
1693 2655 1841 2744 Sextus,
1873 2670 2053 2746 ,postrema
2073 2680 2155 2747 pars
2177 2670 2229 2729 est
2251 2658 2394 2749 epitasis
2414 2659 2574 2731 omnium

549 2766 634 2836 vide
650 2764 689 2832 in
706 2784 748 2831 eo
765 2758 943 2827 incoatam
959 2754 1210 2827 obedientiam.
1243 2753 1426 2826 luerudite
1441 2754 1539 2825 enim
1591 2757 1744 2829 maxime
1758 2756 1940 2829 terribilis.
1991 2756 2061 2829 Hic
2078 2759 2146 2828 iam
2162 2760 2349 2841 obscurato
2358 2762 2437 2835 Sole
2448 2776 2580 2833 contra

550 2866 685 2939 dicitur
706 2859 806 2934 nulla
821 2856 929 2928 luisse
943 2858 1036 2927 bona
1053 2880 1159 2949 opera
1174 2852 1281 2927 huius
1296 2857 1445 2928 latronis
1461 2869 1541 2948 post
1592 2873 1739 2931 naturae
1768 2858 1952 2949 ordinem,
1983 2873 2020 2932 et
2045 2861 2134 2929 dura
2158 2884 2239 2931 saxa
2264 2864 2342 2933 siue
2365 2864 2440 2935 ulla
2455 2864 2491 2932 ri
2505 2858 2580 2935 hu-
2656 2930 2657 2937 ,

551 2962 841 3046 conversionem,
865 2982 989 3031 verum
1016 2972 1088 3045 est,
1117 2983 1191 3030 non
1208 2972 1321 3051 potest
1341 2972 1461 3053 petere
1482 2982 1540 3029 re·
1592 2985 1696 3034 mana
1711 2973 1938 3053 rumpuntur,
1965 2973 2001 3032 et
2014 2962 2147 3033 mortui
2160 2962 2332 3037 divinitus
2349 2965 2422 3039 vita
2440 2980 2580 3058 recepta
2656 2954 2657 2987 ³

550 3068 758 3143 missionem
779 3075 1004 3156 peccatorum
1035 3076 1181 3155 propter
1203 3061 1281 3161 ¹ulla
1305 3061 1399 3133 hona
1423 3084 1542 3155 opera,
1592 3065 1792 3157 prodeunt,
1817 3062 1911 3132 lilius
1925 3058 1993 3132 Dei
2015 3063 2108 3133 inter
2130 3063 2301 3135 clamores
2316 3080 2350 3143 et
2368 3088 2490 3155 preces
2504 3092 2580 3139 mo-
2656 3056 2657 3093 ³

551 3175 727 3265 ideoquae
742 3163 956 3257 proponitur
969 3163 1093 3245 uobis,
1120 3176 1160 3235 ut
1175 3165 1299 3236 doceat
1314 3186 1379 3233 nos
1397 3166 1441 3234 de
1459 3186 1541 3255 gra·
1591 3167 1701 3237 ritus:
1726 3187 1806 3234 curn
1824 3176 1896 3236 tota
1912 3186 2030 3233 rerum
2055 3176 2182 3235 natura
2203 3181 2408 3253 moveatur,
2443 3172 2579 3241 coelum
2656 3190 2657 3195 ’

546 3271 643 3347 'tuita
671 3266 979 3349 reconciliatione,
1020 3268 1082 3337 sed
1111 3268 1182 3337 iam
1212 3288 1403 3338 conversus
1433 3260 1541 3336 habet
1593 3280 1627 3341 et
1643 3281 1755 3351 terra,
1786 3260 1982 3335 dolendum
2006 3280 2057 3337 est
2081 3288 2147 3337 nos
2174 3270 2263 3341 adeo
2286 3270 2395 3341 duros
2422 3294 2520 3357 esse,
2545 3285 2581 3343 ut
2656 3262 2657 3297 ³

550 3397 697 3466 magnas
714 3372 875 3441 virtutes.
926 3364 1104 3439 Contritio
1121 3370 1196 3461 ipsa
1219 3383 1254 3439 et
1274 3370 1380 3439 dolor
1395 3380 1542 3459 propter
1592 3382 1712 3442 tantae
1730 3367 1784 3437 rei
1801 3367 2013 3457 cogitatione
2027 3390 2100 3438 uon
2116 3369 2440 3448 contremiscamus.
2491 3370 2583 3444 Ore-
2656 3367 2657 3403 ³

554 3490 765 3572 peccatum,
807 3485 843 3542 et
866 3469 1038 3540 confessio
1063 3470 1224 3543 tribuens
1245 3469 1326 3543 Deo
1352 3470 1542 3552 iusticiam,
1594 3495 1674 3543 mus
1690 3470 1799 3560 igitur
1815 3466 1949 3556 Deum,
1966 3483 2007 3542 ut
2022 3487 2162 3544 nostras
2179 3487 2313 3544 mentes
2330 3478 2522 3557 accendat,
2545 3487 2583 3546 ut

554 3592 639 3652 sunt
653 3580 750 3647 bona
765 3594 892 3665 opera,
918 3585 952 3640 et
966 3573 1168 3643 testimonia
1181 3568 1346 3644 acceusae
1360 3573 1400 3641 in
1419 3595 1462 3641 eo
1485 3572 1542 3641 di·
1595 3573 1839 3668 aliquomodo
1861 3572 2081 3645 voluntatem
2100 3570 2187 3659 Dei,
2220 3577 2316 3669 quod
2340 3576 2458 3648 lilium
2481 3579 2582 3649 victi·
2656 3605 2657 3608 ¹

552 3679 717 3753 lectionis
732 3675 812 3748 Dei.
862 3669 1002 3744 Deinde
1017 3673 1102 3745 fides
1123 3676 1200 3766 ipsa
1221 3676 1357 3745 bonum
1374 3696 1465 3765 opus
1480 3687 1543 3755 est,
1594 3699 1688 3746 marn
1704 3673 1780 3743 lieri
1796 3672 1921 3759 voluit,
1949 3687 1983 3745 et
1999 3669 2068 3744 hoc
2083 3676 2292 3747 sacrificium
2306 3681 2471 3750 omnium
2488 3703 2584 3750 sum-

553 3807 636 3855 cum
658 3801 731 3874 quo
757 3795 898 3847 necesse
926 3787 978 3845 est
1002 3773 1228 3849 dilectionem
1248 3773 1336 3856 Dei,
1369 3788 1406 3847 et
1429 3775 1542 3848 multa
1594 3801 1693 3847 mum
1714 3775 1998 3855 consideremus,
2036 3789 2070 3846 et
2091 3777 2332 3867 intelligamus
2355 3781 2394 3849 in
2420 3776 2488 3852 hac
2510 3783 2582 3872 ipsa

552 3887 650 3957 bona
665 3901 771 3972 opera
787 3877 977 3968 coniuncta
992 3898 1077 3948 esse.
1127 3875 1275 3950 Accedit
1294 3893 1327 3950 et
1342 3876 1543 3963 intellectus
1595 3892 1665 3950 tam
1682 3876 1774 3951 tristi
1786 3899 1899 3968 poena
1913 3877 2053 3947 ostendi
2069 3877 2157 3947 iram
2174 3876 2252 3964 Dei,
2276 3881 2445 3954 adversus
2462 3896 2581 3953 nostra
2656 3911 2657 3920 ¹

550 3985 737 4058 doetmnae
758 3983 805 4051 de
828 4000 931 4050 eruce
957 3991 991 4049 et
1013 3979 1205 4070 patientia,
1238 3981 1304 4051 seit
1329 3981 1401 4049 ism
1432 4001 1543 4067 genus
1593 3992 1753 4072 peccata,
1779 3991 1810 4048 et
1827 3999 1951 4049 rursus
1970 3979 2123 4069 proponi
2142 3980 2433 4062 misericordiam.
2489 3984 2583 4074 Quia
2656 4013 2657 4023 ¹

553 4085 752 4160 humanum
766 4092 1105 4174 propterpeccatum
1122 4082 1162 4151 in
1181 4094 1329 4152 mortem
1346 4094 1382 4153 et
1397 4081 1543 4152 calami·
1595 4079 1682 4152 haec
1702 4103 1799 4150 mors
1813 4091 1866 4152 est
1889 4075 2098 4171 propiciatio
2121 4105 2187 4180 pro
2210 4083 2326 4160 nobis.
2379 4083 2422 4155 ln
2441 4081 2582 4156 hacco·
2656 4085 2657 4123 ³

555 4203 645 4262 tates
666 4207 820 4255 mersum
843 4203 937 4268 esse,
964 4205 1030 4253 nec
1052 4197 1170 4254 tamen
1193 4196 1339 4276 propter
1361 4183 1543 4254 calamita·
1594 4185 1766 4275 gitatione
1795 4205 1878 4251 vere
1909 4204 2175 4272 expavescamus
2202 4184 2384 4276 agnitione
2406 4189 2484 4258 irae
2506 4185 2582 4274 liei,

553 4306 609 4365 tes
622 4287 722 4359 reiici
737 4280 921 4369 homines,
945 4286 1007 4355 sed
1022 4281 1140 4356 Deum
1156 4288 1335 4378 postulare
1347 4281 1439 4356 hanc
1456 4286 1543 4355 obe·
1596 4300 1630 4356 et
1643 4305 1767 4356 rursus
1789 4283 1828 4352 iu
1852 4283 2044 4373 pavoribus
2066 4285 2244 4376 erigamur
2269 4287 2356 4372 lide,
2381 4302 2415 4361 et
2437 4311 2580 4378 agamus
2656 4308 2657 4329 ³

557 4393 752 4476 dientiam,
790 4398 825 4457 et
854 4385 1010 4478 recipere
1042 4389 1304 4480 confugientes,
1337 4402 1373 4458 et
1404 4385 1543 4478 Spiritu
1595 4387 1744 4478 gratias,
1766 4379 2133 4480 quodhocsacsilicio
2150 4385 2581 4480 filiiDeusplacatusnos
2656 4395 2657 4432 ³

555 4508 678 4566 sancto
700 4500 906 4563 sustentare.
962 4487 1103 4560 Etiam
1127 4489 1544 4584 inipsaconsolatione,
1595 4488 1737 4580 recepit.
1794 4483 1891 4557 Haec
1920 4509 2026 4577 supra
2057 4487 2245 4581 aliquoties
2267 4489 2360 4565 dicta
2383 4505 2488 4578 suut,
2525 4493 2580 4563 sed
2656 4499 2657 4528 ³

557 4621 640 4668 cum
654 4585 717 4666 eor
735 4593 804 4662 lide
821 4590 1035 4680 erigeretur,
1061 4592 1147 4662 dicit
1163 4588 1255 4663 hanc
1270 4594 1384 4683 ipsam
1400 4604 1544 4662 sentem
1595 4590 1746 4660 nuncin
1762 4601 1918 4658 extremo
1934 4609 2045 4678 agone
2060 4585 2195 4661 Christi
2215 4593 2366 4663 maxime
2390 4595 2580 4686 repetenda
2656 4601 2657 4606 ’

555 4700 663 4778 tiam,
687 4704 851 4788 quaeest
876 4693 970 4782 apud
986 4687 1128 4762 Esaiam
1152 4695 1263 4786 capite
1278 4694 1426 4774 ultimo,
1453 4714 1544 4786 quae
1595 4703 1698 4777 sunt,
1729 4691 1792 4784 qui
1812 4690 1882 4781 legi
1905 4702 1939 4761 et
1958 4689 2104 4779 cogitari
2120 4715 2138 4762 a
2154 4691 2223 4784 piis
2239 4694 2316 4765 sine
2329 4694 2449 4790 aliqua
2472 4695 2580 4767 animi

556 4800 710 4872 affirmat
731 4792 847 4867 Deum
869 4787 1030 4862 babitare
1053 4819 1132 4864 cum
1160 4795 1333 4871 contritis.
1407 4791 1545 4867 Didicit
1596 4791 1879 4864 consternatione
1893 4814 1967 4860 non
1985 4803 2112 4884 potest.

556 4901 667 4993 igitur
681 4893 773 4967 hanc
788 4892 974 4984 Evangelii
988 4895 1196 4987 sapientiam
1213 4922 1289 4969 non
1311 4907 1542 4968 monstratam
1698 4891 1751 4964 De
1774 4887 1838 4963 hac
1853 4889 1988 4984 Eclipsi
2011 4892 2107 4965 Solis
2131 4907 2256 4971 notum
2281 4910 2332 4969 est
2354 4919 2432 4968 eam
2455 4897 2579 4970 factam

556 5006 596 5074 iu
614 5001 708 5092 lege,
734 5010 768 5067 et
782 4997 887 5086 longe
903 4996 1051 5087 positam
1076 5022 1181 5094 supra
1207 5012 1242 5070 et
1261 5014 1358 5071 ertra
1382 4992 1544 5089 philoso-
1597 5017 1669 5066 esse
1692 5008 1851 5085 tempore
1883 4994 2119 5085 oppositionis
2141 4994 2266 5068 Lunae
2288 5010 2322 5070 et
2345 4997 2460 5084 Solis,
2503 4999 2580 5094 quia

556 5099 679 5201 phiam
701 5113 736 5170 et
756 5110 897 5189 captum
921 5093 1097 5172 humanae
1119 5101 1289 5186 rationis,
1315 5115 1350 5172 et
1376 5099 1446 5169 iam
1464 5123 1544 5170 cor·
1597 5096 1749 5188 populus
1764 5095 1929 5166 Iudaicus
1944 5095 2097 5168 celebrat
2111 5093 2245 5170 Pascha
2271 5099 2310 5168 in
2328 5100 2447 5170 medio
2465 5123 2580 5172 mense

558 5229 646 5300 pore
667 5201 828 5296 pendens
848 5199 887 5268 iu
918 5222 1020 5270 eruce
1041 5227 1082 5273 ac
1103 5203 1279 5286 moriens,
1320 5215 1440 5270 tamen
1462 5223 1543 5272 vere
1574 5198 1727 5288 ¹inmari.
1784 5193 1876 5268 Cum
1909 5210 2026 5290 autem
2060 5211 2196 5270 eertum
2228 5200 2273 5273 sit
2301 5201 2430 5274 usitato
2454 5205 2579 5274 ordine

556 5308 648 5378 vivit
662 5306 734 5376 sita
750 5316 908 5386 aeterna,
941 5301 1092 5375 laetatur
1112 5306 1294 5396 agnitione
1308 5296 1377 5372 Dei
1397 5313 1432 5372 et
1443 5300 1544 5372 Mes-
1596 5313 1744 5372 naturae
1761 5299 1906 5388 eclipses
1923 5297 2020 5370 Solis
2036 5313 2174 5370 tantum
2190 5301 2228 5374 in
2242 5303 2497 5374 coniunctione
2512 5304 2580 5376 Lu·

558 5411 649 5495 siae,
675 5418 710 5477 et
725 5415 882 5499 praestat
894 5401 971 5476 Deo
986 5399 1079 5476 hanc
1096 5405 1337 5478 obedientiam
1354 5425 1437 5474 vera
1453 5403 1544 5474 tole·
1596 5423 1662 5471 nae
1677 5413 1711 5470 et
1723 5397 1817 5472 Solis
1831 5397 1917 5483 fieri,
1940 5400 2166 5471 manifestum
2181 5416 2233 5474 est
2247 5397 2341 5475 hanc
2358 5405 2507 5498 eclipsin
2518 5403 2578 5478 So·
2651 5448 2655 5465 ·

556 5509 697 5594 rantia,
735 5520 769 5578 et
798 5516 956 5596 expectat
981 5527 1115 5577 novum
1146 5505 1298 5578 Messias
1327 5527 1478 5595 regnum
1505 5504 1544 5577 in
1596 5503 1641 5572 lis
1663 5520 1806 5593 prorsus
1833 5513 1956 5571 contra
1979 5515 2127 5574 naturae
2152 5504 2316 5576 ordinem
2344 5507 2474 5578 iactam
2498 5529 2578 5578 esse·
2651 5502 2655 5513 '

554 5611 733 5705 paradiso.
808 5603 931 5695 Longe
973 5605 1082 5696 igitur
1122 5622 1264 5702 superet
1297 5606 1470 5702 sapientia
1511 5618 1545 5677 et
1597 5601 1680 5676 Fuit
1695 5601 1803 5691 igitur
1816 5602 2058 5672 testimonium
2067 5600 2135 5673 Dei
2151 5605 2382 5696 significantis
2396 5628 2433 5678 se
2448 5622 2578 5700 specta·

556 5712 767 5790 virtutibus,
806 5731 880 5780 nnn
921 5707 1038 5780 solum
1070 5704 1303 5793 Pharisaeos,
1340 5711 1402 5784 sed
1436 5707 1543 5780 etiam
1596 5719 1709 5778 torem
1726 5697 1921 5774 essehuins
1942 5706 2056 5790 necis,
2082 5718 2170 5786 etse
2185 5707 2364 5783 vindicem
2385 5709 2472 5780 fore.
2525 5706 2577 5780 si-

557 5810 759 5907 Apostolos.
1468 5899 1474 5909 ·
1595 5804 1798 5901 gnificatum
1816 5819 1869 5878 est
1885 5806 1992 5879 etiam
2012 5806 2178 5880 omnihus
2200 5803 2363 5884 hostibus
2378 5803 2514 5884 Christi
2526 5807 2577 5881 ln·
