5825 6950
300 694 408 775 snos
576 693 1090 779 nannetensem
1115 698 1273 777 urtsr.
1299 649 1446 777 nsum
1473 696 1542 775 sn
1567 697 1829 776 nouenos.
1885 699 1990 777 cae.
2017 697 2102 777 ιιι.
2250 700 2349 775 roos

405 866 534 944 Cultus
551 870 617 943 Dei
632 886 685 945 ιιι
697 896 820 964 opusa
837 874 917 947 Deo
932 874 1151 953 mandatum,
1168 874 1300 943 iactum
1355 876 1486 959 nitate,
1513 889 1549 947 et
1565 872 1718 946 vicissim
1734 874 1812 947 vuit
1824 870 1922 945 Deus
1935 872 2107 946 celebrari
2120 871 2159 945 iu
2175 866 2243 945 ltsc
2259 874 2344 962 vita,

311 978 448 1043 insere
473 974 656 1064 agnitione
679 990 714 1047 et
737 976 866 1047 timore
891 974 982 1056 Dei,
1007 989 1041 1047 et
1067 1000 1147 1047 vera
1172 975 1300 1046 fiducia
1354 991 1387 1049 ιι
1405 993 1482 1069 post
1502 972 1595 1047 hanc
1610 978 1738 1052 vitam:
1763 978 1845 1047 ideo
1859 998 2000 1047 necesse
2021 990 2073 1046 est
2094 977 2253 1048 actiones
2272 975 2341 1045 ati-

310 1074 388 1157 filii,
416 1068 485 1145 hoc
509 1076 597 1158 fine,
623 1091 664 1149 ut
688 1076 765 1149 lieo
790 1091 990 1167 praestetur
1012 1078 1234 1162 ohedientia,
1265 1090 1300 1148 ιι
1351 1102 1440 1172 quas
1464 1100 1561 1163 esse,
1593 1102 1746 1172 quarum
1773 1078 1935 1149 omnium
1963 1075 2048 1149 fluis
2077 1078 2124 1149 sit
2148 1077 2340 1149 celebratio

309 1172 437 1259 honos,
461 1178 575 1261 idest,
597 1170 841 1271 isthocopere
858 1193 1035 1265 testemur,
1061 1174 1157 1249 hunc
1172 1201 1295 1248 verum
1352 1180 1430 1252 Dei.
1482 1179 1560 1251 Hae
1581 1204 1707 1251 omnes
1728 1182 1767 1251 in
1790 1176 1946 1251 haesita
1962 1193 1996 1251 et
2013 1192 2093 1270 post
2116 1175 2208 1249 hanc
2228 1179 2338 1249 vitam

307 1274 419 1347 Deum
442 1300 535 1360 esse,
559 1304 665 1372 quem
687 1282 739 1353 sic
762 1281 930 1367 colimus,
952 1293 993 1353 ut
1015 1282 1154 1351 castitas
1172 1276 1297 1371 loseph
1352 1298 1434 1353 sunt
1449 1283 1563 1372 reipsa
1580 1282 1751 1355 sacrificia
1767 1282 1895 1370 landis,
1920 1304 1982 1354 seo
1997 1274 2247 1377 ιῦχιιιστικὰ,
2271 1276 2337 1353 καὶ

306 1390 351 1447 ιιι
377 1378 497 1449 cultus
519 1380 604 1461 Dei,
639 1383 722 1477 qnia
745 1383 783 1452 in
807 1398 924 1455 mente
948 1378 1078 1473 loseph
1102 1397 1185 1454 sunt
1212 1407 1293 1453 vera
1347 1380 1476 1483 λιγικὴ
1497 1381 1658 1479 λατρεία.

305 1479 439 1569 agnitio
456 1481 545 1566 Dei,
570 1482 679 1555 timor
696 1498 732 1557 ιι
749 1485 878 1557 fiducia
894 1485 1118 1569 mediatoris,
1145 1498 1181 1555 et
1205 1507 1294 1575 opus
1450 1484 1623 1558 Osisndri
1644 1485 1790 1579 partitio
1818 1485 1886 1555 tris
1908 1484 2067 1553 membra
2089 1482 2192 1555 facit:
2220 1480 2334 1578 Typi·

306 1582 457 1653 refertur
484 1585 529 1653 ad
561 1578 658 1657 hunc
680 1586 806 1670 linem,
840 1588 879 1657 ιιι
901 1588 1063 1657 ostendat
1091 1582 1194 1656 hunc
1212 1610 1294 1655 vere
1346 1610 1445 1674 cnm,
1471 1588 1761 1681 propiciatorium
1777 1600 1814 1657 ιι
1827 1578 2074 1681 θρεπτήριον,
2101 1610 2173 1677 qno
2188 1585 2335 1680 aleban-

303 1682 420 1753 ileum
446 1706 521 1755 esse
543 1710 651 1778 quem
672 1688 723 1759 tic
744 1688 917 1774 colimus,
943 1702 983 1769 et
1003 1690 1182 1781 quomodo
1208 1688 1293 1757 velit
1346 1703 1404 1761 tur
1421 1692 1632 1762 sacerdotes.
1679 1688 1776 1759 llaec
1789 1689 1993 1759 distributio
2013 1683 2101 1755 milti
2120 1710 2192 1757 non
2208 1688 2335 1775 displi-

302 1785 382 1859 coli.
448 1780 600 1858 Castitas
621 1789 661 1857 in
680 1787 848 1881 Scipione
872 1803 924 1860 est
954 1790 1031 1859 sine
1058 1789 1137 1859 luce
1158 1784 1227 1858 Dei
1258 1802 1292 1859 et
1344 1804 1416 1874 cet,
1442 1794 1502 1862 sed
1527 1792 1749 1862 commodius
1774 1804 1823 1859 est
1852 1791 2038 1859 nominare
2062 1784 2331 1882 ιύχαρισιικὸν,
2463 1828 2470 1841 ·

301 1885 483 1977 agnitione
497 1890 722 1977 mediatoris,
746 1891 827 1961 iden
842 1914 916 1961 non
932 1903 983 1963 est
997 1890 1113 1963 cultus
1127 1886 1207 1966 Dei.
1344 1907 1384 1963 ut
1408 1878 1758 1986 comprehendantur
1779 1894 1899 1964 omnia
1924 1891 2094 1962 sacrificia
2110 1890 2272 1982 spiritus,
2297 1904 2332 1961 ιι

404 1986 563 2076 Quaerat
584 2004 704 2063 autem
727 1992 874 2085 aliquis:
900 1990 992 2065 Cum
1014 1990 1114 2063 Deus
1139 1992 1291 2083 postulet
1343 1997 1574 2066 ceremoniae.
2081 2069 2086 2080 ,

303 2090 401 2161 ιίιιι
423 2084 576 2172 hostias,
609 2106 646 2165 et
669 2107 878 2186 perpetuum
908 2096 1042 2167 cultum
1065 2094 1212 2179 mentis,
1243 2094 1290 2163 ad
1444 2095 1520 2166 Has
1536 2098 1783 2168 distinctiones
1804 2118 1945 2166 necesse
1967 2109 2018 2165 ιιι
2034 2087 2171 2177 calare,
2198 2106 2238 2163 ut
2254 2092 2330 2163 dis·

303 2216 407 2284 quem
439 2214 545 2265 usum
573 2194 730 2267 instituit
765 2197 992 2267 mactationes
1028 2198 1223 2287 pecudum,
1255 2208 1291 2266 et
1342 2215 1532 2270 cernantur
1559 2200 1768 2270 sacrificium
1797 2196 1864 2269 filii
1882 2196 1949 2267 Dei
1979 2198 2026 2267 ab
2052 2196 2214 2265 omnium
2230 2194 2330 2265 alin-

302 2294 639 2367 aliasceremouias?
657 2294 893 2388 Respondent
913 2294 960 2369 Ut
975 2312 1204 2368 conservetur
1220 2296 1287 2363 mi-
1342 2324 1422 2369 rum
1448 2298 1633 2372 hominum
1658 2301 1850 2370 sacrificiis.
1905 2296 1998 2370 Nam
2028 2310 2165 2368 caetera
2193 2320 2329 2390 nequa-

303 2394 490 2467 uisterium
506 2397 660 2469 docendi
676 2402 823 2469 verbum
839 2397 926 2482 Dei,
949 2403 994 2469 ad
1017 2401 1113 2493 quod
1133 2419 1222 2490 opus
1238 2412 1287 2467 ιιι
1341 2428 1447 2495 qnam
1480 2417 1563 2473 sunt
1592 2396 1781 2485 ἱλασιικὰ,
1814 2424 1875 2471 ιιι
1899 2398 2171 2491 propitiatoris,
2202 2398 2240 2467 id
2264 2410 2328 2482 ιιι,

304 2498 439 2567 duabus
457 2498 580 2571 rebus:
606 2501 817 2573 docentibus
830 2514 866 2572 et
879 2500 1161 2591 congregatione.
1196 2496 1289 2571 Sunt
1340 2530 1412 2573 mm
1454 2518 1636 2575 enecentur
1671 2504 1917 2573 remissionem
1948 2515 2170 2593 peccatorum
2207 2512 2243 2571 et
2271 2523 2328 2568 ιιι

307 2620 382 2687 ergo
406 2598 569 2672 instituta
593 2602 711 2693 signa,
754 2624 845 2696 quse
866 2617 902 2675 et
931 2600 1289 2675 commonefactioncs
1340 2607 1643 2676 conciliationem:
1683 2629 1723 2675 sc
1752 2605 1857 2675 multi
1888 2624 2025 2673 errores
2049 2602 2268 2687 irrepserunt
2288 2602 2327 2669 in

312 2711 413 2770 ιιιιιιι
427 2701 570 2773 additae
586 2704 789 2794 doctrinae,
817 2717 851 2775 ιι
876 2704 978 2776 nervi
994 2704 1286 2795 congregationis,
1340 2705 1553 2793 Ecclesiam,
1579 2732 1653 2777 non
1674 2722 1768 2777 recte
1793 2705 1972 2777 intellecto
1992 2703 2164 2773 vocabulo
2185 2700 2328 2771 Sacrifi-

307 2816 337 2871 et
361 2801 495 2872 multae
526 2806 747 2877 ceremoniae
781 2806 963 2879 institutae
982 2809 1095 2887 suut,
1136 2820 1176 2877 ut
1203 2805 1287 2874 inde
1339 2810 1396 2882 cii.
1463 2808 1583 2898 Quare
1605 2830 1746 2879 necesse
1772 2822 1825 2880 ιιι
1847 2808 2005 2877 iuniores
2032 2808 2076 2877 de
2101 2799 2167 2901 hac
2195 2804 2326 2874 distin·

304 2904 462 2973 doctores
482 2904 679 2993 alerentur,
712 2922 752 2979 ut
773 2908 907 2979 oblatio
932 2908 1191 2999 primitiarum,
1223 2908 1284 2975 de-
1337 2912 1453 2980 ctione
1471 2901 1665 2985 admoneri.

302 3006 472 3075 rimarum
489 3020 524 3077 et
537 3010 726 3099 pecudum.
778 3006 856 3080 Hos
870 3011 957 3083 lines
973 3009 1123 3098 intelligi
1143 3021 1284 3101 oportet
1439 3010 1601 3104 Cognitis
1611 3008 1665 3105 his
1679 3010 1920 3081 fundamentis
1933 3005 2088 3095 intelligi
2100 3016 2225 3097 potest,
2238 3004 2325 3096 quid

303 3106 336 3175 iu
369 3106 526 3178 cultibus
558 3133 621 3181 seu
652 3110 832 3181 sacrificiis
861 3111 1168 3182 ceremonialibus.
1224 3104 1284 3193 ,Ut
1339 3113 1472 3185 Patrius
1503 3114 1665 3184 nominet
1696 3106 1848 3209 λογικὴν
1871 3103 2072 3204 λατρείαν,
2104 3118 2138 3176 ιι
2162 3100 2247 3173 haec
2273 3118 2324 3175 est

301 3223 414 3278 sutem
431 3209 567 3281 cultum
583 3211 820 3300 definivimus,
846 3214 894 3285 ita
912 3215 1036 3285 eodem
1051 3214 1159 3283 modo
1176 3210 1285 3281 sacri·
1339 3230 1479 3299 sancta,
1505 3216 1540 3283 id
1557 3227 1625 3298 est,
1650 3239 1732 3284 vere
1746 3216 1900 3284 didicata
1916 3213 2015 3291 Deo,
2037 3229 2111 3278 nou
2128 3200 2323 3297 prophana,

301 3310 415 3381 ficium
433 3310 472 3379 in
488 3334 615 3403 genere
630 3314 773 3385 deliniri
788 3327 911 3407 potest.
1339 3332 1379 3389 ut
1397 3318 1546 3387 virtutes
1561 3318 1600 3385 in
1614 3310 1797 3395 Ethnicis,
1822 3314 2007 3408 inquibus
2030 3333 2105 3379 non
2126 3307 2219 3379 lucet
2241 3330 2322 3376 vera

400 3410 620 3486 Sacrificium
637 3429 689 3490 est
708 3440 816 3508 opus,
842 3417 1049 3488 mandatum
1072 3436 1091 3484 ι
1109 3408 1207 3498 Deo,
1231 3411 1285 3482 fa·
1339 3420 1474 3510 agnitio
1492 3418 1558 3489 Dei
1584 3433 1617 3490 ιι
1636 3416 1858 3488 mediatoris:
1880 3429 1934 3486 ιιι
1953 3427 1987 3485 ιι
2006 3411 2082 3484 Deo
2097 3409 2257 3500 placens,
2283 3422 2322 3478 ut

302 3525 395 3585 ctum
419 3515 459 3584 in
485 3539 566 3588 vera
589 3519 791 3608 agnitione,
813 3520 941 3592 timore
956 3515 1023 3590 Dei
1046 3531 1079 3586 et
1101 3515 1191 3599 fide,
1217 3507 1285 3581 hoc
1340 3524 1594 3611 supradictum
1614 3534 1685 3610 est,
1711 3522 1891 3613 quomodo
1907 3519 2012 3586 bona
2034 3537 2140 3604 opera
2163 3511 2323 3602 placeant

300 3615 389 3700 line,
413 3629 456 3688 nt
470 3619 550 3690 Deo
568 3634 765 3711 praestetur
785 3621 1005 3704 obedientia,
1030 3631 1065 3688 et
1088 3612 1155 3687 hoc
1180 3636 1286 3705 opere
1340 3621 1436 3709 Deo,
1461 3625 1594 3694 ,sititet
1610 3623 1776 3692 mandata
1791 3646 1810 3688 a
1827 3617 1905 3714 Deo
1927 3621 2067 3689 attacta
2088 3616 2127 3683 in
2141 3614 2322 3704 agnitione

301 3719 509 3792 ostendatur
522 3722 783 3808 testimonium,
807 3725 902 3817 quod
920 3720 977 3792 hic
998 3721 1040 3790 sit
1059 3741 1164 3792 verus
1178 3714 1286 3802 Deus,
1339 3727 1545 3799 mediatoris
1561 3739 1595 3795 es
1610 3724 1740 3794 fiducia
1754 3723 1831 3796 filii,

301 3821 356 3890 cui
382 3836 579 3911 praestetur
603 3820 688 3894 haec
712 3827 927 3896 obedientia.
989 3823 1113 3905 Adde,
1139 3842 1219 3891 eum
1243 3824 1286 3888 de
1569 3889 1577 3908 ,
1623 3891 1631 3908 ‚
1709 3889 1717 3907 ‚
1749 3887 1758 3906 ,
1972 3885 1979 3902 ,
2163 3878 2171 3895 ,

301 3920 479 3995 sacrificiis
498 3919 685 3996 hominurn
701 3926 903 4019 loquimur,
924 3927 1055 3997 lactum
1068 3921 1196 3992 fiducia
1213 3945 1285 3990 ιιι-
1481 3887 1544 3964 Ni
1560 3901 1755 3965 ‘mmmm‘
1766 3897 1892 3986 8³³¹&
1908 3880 2022 3956 ’ΨΜ
2038 3873 2178 3953 ''md'‘

299 4023 457 4102 ditiori&
1439 4027 1490 4100 Ut
1512 4042 1614 4100 antea
1636 4027 1790 4097 instituit
1817 4023 2017 4114 generalem
2048 4015 2324 4111 propositionem

401 4125 498 4200 Sunt
514 4140 630 4200 antem
647 4130 809 4202 sacrificii
828 4128 959 4222 species
976 4127 1072 4200 iuxta
1088 4124 1290 4216 generalem
1339 4133 1384 4200 de
1400 4131 1602 4201 obedientis
1619 4132 1813 4200 secundnm
1828 4125 1950 4197 omnia
1966 4133 2165 4214 praecepta:
2187 4111 2326 4186 Offerte

304 4227 545 4302 definitionem
584 4233 698 4302 desae:
735 4231 1032 4324 propiciatorium
1064 4242 1099 4300 et
1140 4223 1286 4320 εὔχαρι·
1341 4229 1491 4330 λογικὴν
1506 4227 1699 4327 λατρείαν,
1723 4232 1770 4300 ἰιι
1787 4252 1882 4298 ιιιιι
1898 4251 1975 4296 ιιιι
1991 4221 2117 4313 repetit
2132 4219 2228 4289 iusta
2244 4241 2323 4286 om·

304 4323 442 4404 ortxdv.
754 4354 757 4362 ⁴
1341 4337 1400 4403 nia
1419 4349 1622 4426 praecepta:
1647 4332 1702 4402 Ne
1719 4329 1889 4402 habemns
1906 4329 2053 4398 affectus
2070 4320 2203 4392 similes
2218 4340 2321 4386 ursun-

404 4432 702 4531 Propieiatorium
733 4451 784 4507 est
809 4457 945 4520 uuum,
983 4430 1145 4502 videlicet
1178 4428 1289 4498 solius
1340 4439 1539 4520 danorum,
1579 4437 1640 4504 ,aa
1675 4457 1787 4502 novos
1819 4432 1966 4502 affectus
1997 4423 2074 4496 Deo
2112 4420 2323 4534 conformes.

303 4533 436 4610 Christi
459 4535 684 4622 obedientia,
709 4561 800 4630 quae
822 4548 978 4605 meretur
1003 4533 1082 4603 aliis
1108 4531 1287 4600 remissio·
1340 4538 1429 4608 Nam
1455 4561 1534 4607 cum
1558 4549 1651 4606 vetat
1676 4535 1807 4604 imitari
1828 4549 1944 4622 gestus
1966 4525 2110 4608 mnndi,
2136 4545 2211 4592 nou
2228 4532 2322 4588 vrtu-

303 4654 620 4729 nempeccatorum
639 4655 671 4709 et
689 4638 1025 4708 reconciliationem.
1071 4633 1164 4703 Nam
1181 4629 1287 4702 Levi·
1340 4655 1437 4731 perat
1462 4661 1537 4718 m,
1576 4659 1727 4730 quarum
1758 4657 1861 4705 usum
1886 4629 1984 4702 Dassa
2009 4623 2215 4700 ordinavit,
2248 4642 2324 4738 uon

302 4743 387 4826 tica,
419 4763 510 4834 quae
538 4741 818 4810 nominabantur
845 4737 1135 4831 propiciationes,
1167 4747 1201 4802 et
1222 4758 1286 4825 pro
1341 4756 1435 4812 vetat
1456 4763 1558 4809 nsum
1580 4739 1761 4832 ciborum,
1789 4735 1964 4822 coniugii,
1988 4727 2240 4839 imperiorum,
2266 4743 2324 4790 ru·

304 4854 466 4936 Ρθίῑθῑῡι
507 4855 609 4911 θῐιῦῑ
631 4855 768 4913 [nulum
794 4843 888 4937 typi,
920 4861 1143 4935 nequaquam
1172 4858 1286 4904 mere·
1340 4845 1534 4924 diciorum,
1559 4853 1816 4919 contractuum,
1840 4850 1873 4906 ιι
1888 4835 2039 4902 aliarum
2056 4827 2323 4940 ordinationum

302 4949 435 5016 ιιιιιιι
455 4943 697 5014 remissionem
722 4957 953 5034 peccatorum.
1009 4939 1093 5012 ideo
1116 4937 1285 5027 scriptum
1341 4937 1428 5029 Dei,
1455 4945 1514 5014 sed
1542 4937 1707 5031 prohihet
1731 4938 1879 5008 vitiosos
1900 4935 2065 5016 affectus,
2089 4929 2171 4998 ideo
2187 4925 2323 5041 inquit:

303 5061 375 5118 esi:
418 5027 643 5138 lmpossdiiiile
674 5046 742 5116 lull
775 5045 946 5135 Sanguine
983 5059 1167 5116 lautorum
1212 5038 1287 5108 lolli
1343 5046 1493 5130 Gustus,
1521 5044 1558 5112 id
1575 5055 1644 5126 est,
1670 5055 1787 5110 motug
1808 5040 2010 5109 animorum
2033 5055 2108 5102 non
2130 5027 2203 5097 sint
2223 5027 2323 5096 pimp-

302 5160 454 5241 pemitt-
1341 5150 1392 5217 les
1413 5144 1623 5225 mundanis,
1648 5157 1685 5214 ut
1710 5157 1833 5212 contra
1851 5124 2197 5210 ordinationem-Dei
2213 5129 2323 5245 adpe-

403 5245 550 5318 Caetera
564 5247 707 5339 omniu,
733 5271 813 5316 cum
831 5259 924 5316 recte
939 5245 1047 5328 liunt,
1071 5259 1153 5313 suut
1179 5238 1288 5334 ιύχα·
1342 5265 1420 5318 ιιιιι
1437 5249 1538 5338 impii
1557 5245 1770 5336 voluptates,
1789 5252 1965 5336 quaerunt
1981 5257 2066 5327 opes
2081 5248 2112 5303 et
2128 5244 2324 5348 potentiam

303 5342 471 5446 ptortxd,
496 5347 657 5420 siverint
675 5347 866 5432 censoriae,
890 5347 965 5415 sive
979 5347 1048 5415 alia
1063 5347 1155 5416 bona
1171 5369 1290 5436 opera,
1341 5351 1483 5418 iniustis
1499 5348 1631 5429 modis,
1656 5359 1790 5414 certant
1807 5342 2021 5417 ambitione.
2046 5337 2170 5406 ardent
2185 5332 2327 5444 iniustis

304 5457 393 5526 sicut
418 5449 565 5520 dicitur:
592 5449 810 5520 Sacrificium
834 5446 910 5519 Deo
935 5448 1082 5538 spiritus
1105 5449 1288 5516 contribu·
1341 5451 1448 5531 odiis,
1476 5453 1622 5522 turbant
1647 5446 1839 5516 Ecclesiam
1863 5461 1897 5516 et
1912 5440 2051 5535 politiae
2066 5434 2212 5528 privatis
2228 5453 2328 5520 cupi·

305 5559 415 5638 latus,
441 5573 502 5622 eor
518 5553 709 5622 contritum
727 5566 760 5620 ιι
778 5549 1004 5620 humiliatum
1021 5545 1117 5618 Deus
1130 5573 1203 5616 non
1227 5551 1288 5615 de-
1341 5555 1522 5622 ditatihus.
1556 5549 1651 5616 Haec
1667 5548 1753 5617 vitia
1768 5546 1968 5635 regnantia
1982 5538 2134 5609 maxima
2152 5547 2250 5626 parte
2268 5552 2327 5618 ge·

304 5655 442 5752 tpicies.
493 5649 575 5722 Non
590 5667 641 5724 est
657 5654 798 5724 condita
814 5647 898 5720 haee
915 5665 1058 5730 natura,
1081 5665 1121 5720 ut
1135 5651 1178 5720 sit
1196 5651 1287 5720 otio·
1343 5655 1436 5722 saeris
1455 5649 1622 5734 hannani,
1647 5652 1691 5718 de
1706 5673 1774 5742 qua
1790 5663 1887 5739 parte
1909 5643 2047 5736 generis
2066 5634 2213 5710 hannani
2240 5655 2327 5700 con·

304 5785 357 5844 sa,
384 5756 447 5827 sed
470 5765 511 5822 ut
532 5753 627 5824 Deus
654 5753 888 5822 communicet
912 5753 1016 5822 uobis
1038 5775 1136 5821 stram
1162 5751 1288 5830 lacem,
1342 5755 1446 5822 traria
1462 5753 1640 5824 conversis
1655 5753 1698 5818 ad
1717 5749 1848 5832 Deum,
1873 5771 1976 5836 saepe
2000 5755 2192 5832 usurpatur
2206 5733 2328 5825 adpel-

304 5857 533 5954 sapicntism,
571 5856 744 5928 iusticiam
768 5867 801 5926 ct
825 5853 995 5926 laetitiam
1019 5853 1059 5924 in
1080 5865 1152 5924 tota
1176 5867 1285 5924 aeter·
1341 5857 1423 5927 tatio
1448 5854 1595 5938 mundi,
1627 5865 1669 5924 ut
1693 5853 1726 5925 1.
1742 5846 1984 5922 iohannis2.:
2011 5843 2133 5916 Omne
2155 5839 2250 5933 quod
2278 5849 2330 5906 est
