5825 6950
603 698 678 773 243
1184 684 1308 758 PHlL.
1339 618 1453 759 MCL.
1483 679 1693 757 SCRIPTA
1720 678 2019 758 utEGutha.
2133 796 2141 813 ι
2552 691 2604 761 ill

607 898 645 942 ac
670 878 874 960 sequentes,
918 864 1049 945 idest,
1083 860 1351 950 amplectentes,
1389 870 1424 929 et
1444 857 1599 927 vicissim
1652 856 1972 929 ettamenservari
1998 878 2093 941 eam,
2125 856 2282 944 restitui,
2308 872 2343 929 et
2357 860 2443 950 erigi
2459 843 2611 952 divinitus,

608 977 673 1045 ait:
716 969 811 1041 Huic
836 964 1012 1037 Ecclesiae
1034 986 1070 1033 se
1092 962 1176 1031 dare
1199 963 1307 1033 vitam
1331 974 1532 1045 aeternam,
1567 972 1601 1029 et
1653 961 1701 1030 ita
1718 960 1892 1029 discamus
1909 958 2100 1030 sententias
2116 955 2224 1030 huius
2239 962 2308 1031 loci
2323 966 2368 1032 ad
2385 988 2488 1033 usum
2504 959 2611 1030 accon-⁴¹

609 1077 709 1147 addit
723 1070 1003 1142 consolationem
1020 1068 1064 1136 de
1080 1065 1269 1135 stabilitate
1285 1060 1473 1148 Ecclesiae,
1499 1062 1602 1157 qnasi
1653 1063 1808 1161 mpdare.
1860 1058 1963 1131 Hanc
1980 1063 2355 1135 commonefactionem
2369 1067 2502 1143 adieci,
2529 1041 2611 1133 intui

610 1182 719 1249 dicat:
752 1174 936 1263 Sapientes
959 1172 996 1238 iu
1019 1183 1114 1240 tanta
1137 1158 1345 1237 confusione
1367 1167 1600 1260 imperiorum
1656 1166 1889 1257 pretationem
1926 1166 2057 1235 addere
2099 1165 2219 1235 verbis
2257 1169 2407 1239 maxime
2437 1139 2611 1296 perspicuis}

611 1281 810 1353 existimant
828 1298 1012 1366 nunquam
1030 1270 1218 1360 religiones
1234 1270 1271 1338 in
1288 1272 1411 1339 eodem
1427 1284 1519 1339 statu
1537 1269 1602 1337 diu
1654 1292 1728 1338 non
1742 1289 1831 1358 opus
1845 1278 1918 1342 est.x
2609 1335 2611 1362 Ι

610 1404 836 1477 permanere,
876 1379 936 1447 sed
961 1375 1111 1445 subinde
1132 1373 1219 1461 alias
1242 1374 1417 1461 extingui,
1460 1386 1493 1441 et
1516 1370 1604 1441 oriri
1758 1369 1942 1441 Postremo
1966 1370 2057 1440 illud
2080 1371 2214 1442 dictum
2246 1374 2469 1443 observetur:
2511 1369 2611 1458 Egon]

611 1488 708 1555 alias.
761 1480 851 1552 Cum
877 1490 1036 1549 tenerent
1052 1470 1219 1546 Chaldaei
1243 1476 1430 1566 imperinm
1447 1472 1604 1568 Babylo·
1656 1484 1755 1564 pater
1776 1496 1890 1542 unum
1913 1496 2048 1543 sumus.
2101 1473 2179 1544 Hoc
2203 1476 2282 1546 loco
2305 1490 2398 1547 certe
2421 1476 2464 1543 de
2487 1473 2611 1564 potenti

616 1591 755 1668 ruerem,
803 1584 985 1653 colebatur
1021 1578 1072 1647 ibi
1100 1574 1204 1663 Baal,
1257 1594 1376 1668 postea
1408 1575 1605 1646 Alexandri
1655 1575 1832 1667 loquitur,
1858 1576 1983 1645 tribuit
1998 1576 2111 1666 patri,
2137 1592 2171 1646 et
2186 1579 2255 1647 sihi
2271 1578 2420 1647 eandem
2438 1575 2611 1668 potentian]

615 1690 762 1760 victoria
795 1684 914 1755 lovem
939 1679 1150 1775 Olympium
1186 1680 1340 1765 invexit,
1379 1695 1412 1750 et
1444 1703 1499 1749 res
1528 1680 1604 1768 ipsa
1656 1678 1736 1746 idco
1763 1672 1830 1745 hoc
1852 1678 1984 1749 dictum
2010 1693 2103 1750 recte
2127 1682 2418 1751 accommodatur
2447 1682 2491 1747 ad
2517 1675 2611 1772 contii

614 1790 788 1874 ostendit,
826 1788 948 1856 ruinas
972 1807 1162 1873 regnorum
1186 1806 1302 1852 secum
1328 1779 1467 1853 trahere
1487 1798 1605 1852 muta·
1658 1780 1825 1847 mandam
1850 1781 2071 1864 doctrinam,
2105 1786 2201 1874 quod
2223 1784 2263 1852 in
2285 1778 2429 1854 Christo
2453 1783 2611 1872 sistrum]

617 1891 997 1979 tionesreligionnm,
1039 1900 1077 1955 ut
1102 1886 1138 1952 in
1161 1885 1245 1953 Asia
1281 1898 1315 1955 et
1339 1881 1461 1955 Africa
1492 1886 1604 1955 deleta
1657 1882 1799 1966 divina,
1824 1883 2062 1973 omnipotens.
2102 1884 2173 1955 Sed
2195 1884 2322 1955 Ariani
2345 1884 2534 1955 eludebant
2554 1881 2598 1950 lto

613 1992 746 2067 Christi
765 1992 948 2071 doctrina,
982 2002 1186 2079 grassantur
1208 1990 1345 2057 furores
1359 1982 1606 2057 Mahometici.
1658 1984 1901 2071 cavillatione,
1920 1987 2092 2057 dicebant
2108 1988 2332 2059 voluntatum
2348 1988 2521 2058 unitatem
2538 1989 2606 2074 sign

614 2098 681 2167 His
697 2096 868 2187 exemplis
886 2105 1075 2165 moventur
1089 2090 1205 2170 multi,
1233 2105 1274 2162 ut
1290 2092 1491 2161 existiment
1507 2090 1605 2159 simi·
1658 2086 1771 2155 ficari:
1796 2082 1873 2177 Ego
1890 2102 1923 2166 et
1939 2103 2038 2179 paler
2052 2115 2165 2183 uupm
2180 2115 2322 2170 snmus,
2350 2092 2387 2159 id
2403 2104 2474 2173 est,
2501 2098 2611 2158 cottana·

614 2204 683 2271 lem
702 2223 774 2270 esse
786 2194 919 2269 Christi
934 2194 1145 2277 doctrinam,
1174 2208 1207 2263 et
1223 2194 1371 2264 interire
1390 2207 1428 2263 ut
1446 2194 1604 2282 gentium
1659 2192 1740 2271 des,
1772 2190 1867 2258 idem
1891 2192 2068 2279 volentes,
2102 2194 2191 2265 sicut
2213 2196 2308 2263 inira
2330 2194 2462 2262 dicitur
2487 2219 2555 2282 cap.
2579 2194 2611 2259 11·

615 2304 752 2373 deliria.
804 2296 852 2371 Et
879 2292 1152 2367 videtChristus
1168 2297 1336 2365 acerrime
1356 2319 1513 2387 pugnare
1531 2296 1608 2365 dia·
1659 2295 1703 2361 de
1722 2292 1890 2360 membris
1907 2291 2103 2379 Ecclesiae,
2138 2310 2179 2367 ut
2207 2321 2320 2366 unum
2347 2298 2440 2382 sint,
2471 2296 2552 2364 sicut
2577 2307 2611 2360 ns

615 2407 758 2488 bolum,
784 2418 818 2473 et
839 2402 980 2471 turbare
1005 2398 1171 2489 imperia,
1205 2394 1399 2478 Ecclesiae,
1433 2401 1608 2485 dogmata,
1660 2419 1772 2465 unum
1796 2417 1936 2479 sumus,
1969 2396 2101 2483 idest,
2133 2412 2173 2472 ut
2197 2399 2270 2471 sint
2295 2401 2498 2471 concordes.
2556 2397 2606 2463 list

615 2509 802 2602 praecipue
820 2500 887 2575 hoc
905 2501 1073 2584 consilio,
1100 2516 1140 2571 ut
1155 2502 1271 2573 deleat
1287 2515 1396 2572 totam
1413 2498 1614 2571 Ecclesiam.
1652 2522 1763 2583 sane,
1789 2499 1978 2569 conveniat
1993 2525 2034 2569 eo
2052 2502 2130 2570 locu
2145 2502 2390 2595 interpretatio
2413 2502 2458 2570 de
2482 2485 2611 2594 volunt)

616 2610 694 2679 Dei.
746 2606 840 2677 Huic
857 2620 954 2677 tanto
973 2604 1130 2695 periculo
1155 2604 1303 2695 opponit
1329 2599 1423 2673 hanc
1446 2605 1608 2674 consola·
1661 2616 1737 2671 tum
1753 2601 1961 2682 concordia,
1987 2616 2022 2674 et
2044 2630 2124 2673 cnm
2151 2605 2220 2675 alia
2245 2601 2437 2673 habeamus
2456 2604 2611 2671 illustrior·

616 2716 767 2783 tionem:
809 2708 922 2779 Nemo
945 2709 1059 2797 rapiet
1083 2730 1140 2774 eas
1168 2709 1211 2775 de
1233 2730 1343 2775 manu
1377 2731 1476 2798 mea,
1518 2708 1610 2779 sicut
1661 2718 1696 2775 et
1719 2703 1876 2773 firmiora
1904 2705 2126 2796 testimonia,
2164 2731 2255 2801 quae
2277 2708 2371 2777 clere
2391 2708 2508 2775 docent
2522 2705 2611 2773 Dent·

616 2818 702 2885 alias
719 2812 821 2883 dicit:
848 2808 894 2882 Et
912 2823 1031 2903 portae
1054 2808 1250 2878 inferorum
1266 2834 1339 2877 uon
1356 2810 1610 2900 praevalebunt
1661 2820 1844 2879 aeteruum
1860 2807 2022 2896 genuisse
2045 2820 2267 2881 coaeternam
2289 2808 2493 2898 imaginem,
2517 2799 2611 2873 lilino

616 2920 785 2987 adversus
802 2938 890 2987 eam.
942 2910 1048 2981 Item:
1088 2906 1164 3000 Ego
1189 2912 1371 2981 vobiscum
1395 2936 1474 2981 snm
1496 2936 1609 3006 nsque
1661 2923 1696 2980 et
1727 2904 1826 2979 hunc
1861 2925 1982 3001 postea
2018 2913 2218 2983 assumsisse
2255 2908 2448 2982 humanam
2475 2905 2611 2979 naturae

616 3024 660 3089 ad
690 3015 1034 3090 consummationem
1062 3014 1183 3088 seculi,
1228 3014 1320 3085 ·Hae
1352 3016 1548 3085 sententiae
1575 3029 1610 3087 et
1662 3011 1945 3083 contentisimus
1969 3013 2041 3084 illis
2064 3014 2295 3101 testimoniis,
2328 3028 2363 3085 et
2385 3013 2486 3083 firmo
2509 3015 2611 3103 pecto²

616 3126 654 3191 in
678 3119 743 3192 hac
766 3120 837 3190 vita
861 3140 1063 3187 mansuram
1098 3139 1171 3186 esse
1194 3115 1385 3187 Ecclesiam
1419 3115 1610 3209 affirmant,
1662 3138 1702 3191 ea
1719 3128 1911 3186 teneamus.
1963 3115 2057 3189 Satis
2076 3132 2239 3206 argutum
2263 3132 2332 3199 est,
2365 3116 2611 3214 quodAngust·

615 3240 648 3295 et
667 3227 710 3293 de
728 3222 823 3292 exitu
842 3246 883 3291 ex
901 3216 968 3291 hac
986 3220 1055 3289 vita
1072 3220 1220 3305 docent,
1254 3243 1319 3290 uos
1341 3220 1451 3290 atilio
1468 3218 1537 3291 Dei
1552 3245 1610 3292 re·
1662 3240 1731 3288 nus
1747 3217 1850 3289 dicit:
1887 3218 2001 3309 Quia,
2026 3220 2164 3315 inquit,
2196 3244 2260 3313 ego
2286 3232 2323 3290 et
2345 3233 2445 3312 pater
2461 3243 2560 3289 unum
2577 3243 2598 3282 st

615 3327 703 3419 cipi,
731 3322 1122 3395 etadversnsdiabolos
1139 3323 1291 3393 delendi.
1661 3344 1759 3408 mus,
1803 3323 1891 3392 duas
1923 3322 2089 3415 exprimit
2120 3345 2308 3415 personas,
2352 3337 2388 3393 et
2415 3324 2511 3415 quod
2538 3322 2611 3387 atltl÷

716 3426 820 3498 Hanc
836 3426 946 3517 igitur
966 3425 1245 3496 consolationem
1263 3426 1609 3516 inligamusanimis,
1662 3448 1795 3506 unum,
1821 3447 1897 3495 nun
1912 3449 2026 3512 unus,
2051 3426 2224 3498 unitatem
2242 3425 2416 3518 significat
2431 3423 2611 3494 essentiae.¹

615 3547 649 3604 et
664 3535 733 3601 iam
752 3553 827 3599 eam
843 3530 881 3598 in
900 3529 1141 3619 praesentibus
1156 3529 1324 3620 periculis
1347 3531 1452 3600 nobis
1478 3555 1610 3622 propo·
1764 3524 1859 3597 lllud
1885 3529 1991 3599 eliam
2014 3530 2253 3599 adiiciendum
2276 3542 2345 3615 est,
2390 3527 2562 3626 disputari
2590 3521 2611 3592 l=

614 3655 761 3717 namus,
787 3631 949 3700 videmus
971 3629 1109 3700 Turcos
1133 3631 1295 3722 quotidie
1317 3631 1422 3700 latius
1448 3634 1611 3721 grassari,
1662 3628 1773 3699 multa
1788 3632 1833 3700 de
1849 3631 2021 3702 electione
2039 3646 2183 3724 propter
2199 3626 2334 3703 Christi
2352 3631 2509 3701 dictum:
2539 3629 2596 3696 Nn

614 3741 776 3806 videmus
798 3733 887 3804 oriri
909 3723 1083 3803 tumuitus
1105 3733 1306 3824 principum
1323 3729 1521 3804 Christiani
1543 3759 1611 3804 no·
1662 3731 1777 3824 rapiet
1791 3755 1849 3801 eas
1866 3736 1912 3803 de
1927 3757 2037 3804 manu
2052 3760 2150 3820 mea,
2173 3760 2239 3806 nec
2254 3733 2415 3827 displicet
2429 3729 2524 3800 mihi
2541 3730 2591 3799 hic
2609 3750 2611 3781 ³

615 3841 723 3909 mirus
737 3840 832 3909 inter
848 3859 942 3921 sese,
974 3833 1394 3927 perniciososEcclesiis,
1428 3851 1464 3908 et
1488 3839 1610 3907 desen·
1662 3834 1845 3905 electionis
1867 3830 2033 3907 firmitdte
2056 3835 2149 3921 dici,
2188 3839 2249 3908 sed
2272 3839 2320 3908 ita
2342 3831 2428 3906 baec
2451 3849 2591 3904 tracten·

614 3967 710 4012 sores
725 3940 905 4010 idolorum
921 3937 1187 4031 pontificiorum
1213 3938 1341 4008 ardent
1373 3941 1610 4010 acerbissimis
1664 3961 1737 4007 non
1755 3950 1796 4007 ut
1810 3939 2000 4009 misceatur
2023 3941 2171 4010 stoicum
2188 3936 2322 4026 fatum,
2346 3939 2405 4008 sed
2430 3953 2471 4009 ut
2488 3965 2583 4008 accen

614 4046 707 4116 odiis
723 4045 891 4114 adversus
908 4040 1005 4132 pios,
1032 4053 1152 4112 vetant
1169 4039 1610 4134 propagariEvangelinm,
1662 4055 1722 4112 tur
1737 4041 1776 4108 in
1792 4042 1897 4112 nobis
1920 4042 2017 4112 fides.
2067 4040 2185 4113 Simul
2210 4039 2295 4113 haec
2318 4043 2497 4112 sententia
2522 4057 2594 4109 ιιι·

612 4162 647 4219 et
663 4147 793 4218 multos
809 4140 976 4216 honestos
993 4137 1157 4213 homines
1172 4145 1364 4215 crudeliter
1380 4145 1608 4218 interficiunt.
1661 4143 1842 4214 ctrina'de
1863 4144 2052 4226 electione,
2083 4161 2118 4217 et
2138 4146 2327 4235 promissio
2349 4146 2611 4216 oosconfir11=:··

613 4251 711 4341 Quid
738 4249 775 4317 in
795 4243 853 4319 his
877 4245 1085 4338 spectaculis
1106 4243 1204 4317 aliud
1228 4237 1381 4338 cogitare
1404 4262 1518 4340 potest
1540 4244 1610 4320 hu·
1661 4242 1715 4317 De
1729 4245 1902 4318 electione
1917 4249 2041 4332 docet,
2072 4269 2147 4318 esse
2171 4251 2350 4343 quandam
2374 4247 2572 4317 electorum
2591 4248 2605 4312 l

610 4377 715 4422 mana
738 4349 854 4421 ratio?
888 4348 956 4418 nisi
979 4350 1087 4440 paulo
1110 4363 1189 4440 post
1211 4373 1330 4419 veram
1353 4351 1552 4421 doctrinam
1575 4367 1610 4424 et
1661 4349 1825 4433 clesiam,
1867 4376 1974 4444 qnam
1997 4347 2094 4420 Dens
2117 4375 2191 4419 non
2217 4351 2310 4422 sinet
2332 4375 2351 4418 a
2373 4375 2410 4420 se
2433 4353 2566 4428 avelli,
2600 4382 2607 4397 =

610 4458 727 4527 studia
760 4449 869 4524 huius
899 4453 1083 4523 doctrinae
1113 4452 1276 4523 funditus
1306 4453 1494 4524 interitura
1524 4479 1608 4526 esse.
1662 4447 1748 4521 haec
1772 4454 1935 4524 omnium
1958 4468 2027 4539 est,
2066 4455 2128 4547 qui
2158 4477 2242 4524 vere
2272 4455 2422 4524 credunt
2447 4450 2611 4540 Evaogt‘·

611 4559 681 4630 Sed
698 4571 822 4630 contra
848 4550 939 4626 hanc
964 4551 1156 4625 humanam
1177 4554 1488 4626 ratiocinationem
1512 4559 1608 4649 cogi·
1660 4567 1723 4624 aot
1753 4555 1841 4646 lapsi
1867 4568 2278 4627 rursus-convertuntur
2300 4557 2345 4624 ad
2368 4553 2509 4640 Deum,
2547 4570 2579 4621 et
2609 4582 2611 4593 ·

611 4674 725 4731 temus
750 4656 842 4729 hanc
865 4681 1028 4730 vocemz·
1053 4655 1168 4727 Nemo
1199 4657 1315 4750 rapiet
1344 4681 1402 4730 eas
1425 4661 1469 4730 de
1497 4684 1606 4730 manu
1660 4659 1829 4728 deuotad
1845 4657 2102 4748 Evangelium‚
2135 4658 2184 4728 sic
2209 4659 2305 4727 enim
2319 4679 2385 4726 nos
2404 4682 2446 4727 ex
2464 4659 2580 4726 verbo
2601 4657 2611 4725 l

610 4786 697 4836 mea.
749 4759 952 4852 Cogitemus
971 4760 1055 4830 item
1074 4758 1267 4830 Ecclesiam
1285 4783 1423 4854 semper
1437 4763 1607 4833 adversus
1660 4759 1994 4854 iudicareoportet,
2017 4759 2460 4837 omnibnsuniversaliter
2485 4763 2603 4851 pracc'

610 4865 743 4935 similes
765 4864 893 4931 mnndi
915 4865 1055 4934 sorores
1077 4863 1291 4934 mirabiliter
1315 4865 1495 4934 defensam
1519 4888 1605 4949 esse,
1659 4876 1735 4943 tur,
1762 4863 2096 4934 utaudiantfilium
2112 4860 2191 4933 Dei.
2241 4859 2307 4936 Est
2321 4852 2569 4953 etprnmissio
2587 4856 2611 4948 pt

608 4980 649 5038 nt
664 4991 744 5038 cum
763 4964 802 5032 in
817 4959 976 5058 Aegypto
992 4968 1146 5037 edictum
1169 4987 1287 5054 arege
1312 4966 1534 5060 propositum
1551 4991 1605 5036 es·
1658 4964 1728 5035 tiae
1746 4967 1978 5052 universalis,
2002 4979 2037 5036 et
2053 4965 2272 5058 praecipitur
2286 4965 2478 5048 omnibus,
2519 4984 2560 5034 ut
2589 4984 2611 5051 ιι

608 5085 678 5154 set,
710 5081 750 5138 ut
775 5089 900 5136 recens
924 5067 1011 5137 editi
1032 5069 1148 5137 suctus
1172 5082 1402 5149 necarentur,
1436 5082 1471 5140 et
1491 5081 1604 5140 tenta·
1657 5067 1844 5162 accipiant,
1895 5066 1993 5139 Haec
2016 5082 2100 5139 sunt
2121 5093 2203 5139 vera
2227 5069 2396 5139 etfirma:
2430 5065 2591 5138 Certum

607 5187 733 5244 rentur
754 5191 879 5239 omncs
900 5167 976 5237 viae
1000 5171 1184 5259 premendi
1204 5171 1604 5270 etdelendipopulils-
1657 5165 1902 5257 Pharaonem,
1925 5172 2090 5260 Saulem,
2126 5169 2270 5257 ludam,
2304 5196 2367 5242 sna
2390 5170 2588 5242 voluntate

607 5275 681 5345 rael
707 5272 811 5342 anuis
836 5270 919 5340 totis
940 5270 1138 5361 octoginta,
1171 5285 1292 5344 tamen
1308 5272 1604 5345 Deusmirabili·
1656 5295 1815 5364 pugnare
1829 5274 1973 5345 vocanti
1995 5270 2091 5359 Deo,
2126 5275 2188 5371 qni
2211 5275 2316 5345 toties
2330 5295 2398 5362 ‚ens
2420 5275 2603 5343 summm

607 5391 659 5449 ter
675 5400 752 5446 earu
768 5387 906 5464 geptem
925 5373 1096 5458 servavit,
1124 5389 1158 5446 et
1173 5378 1289 5461 atrait,
1316 5377 1475 5448 defendit
1489 5393 1522 5450 et
1539 5402 1605 5467 po·
1657 5391 1921 5452 convertantur.
1973 5374 2064 5447 Cum
2088 5375 2197 5467 igitur
2213 5379 2375 5447 volentes
2396 5377 2586 5465 repellant

606 5497 679 5554 sten
702 5479 742 5548 iu
765 5478 923 5562 deserto,
955 5477 1040 5546 item
1067 5475 1105 5545 in
1128 5478 1233 5548 exilio
1247 5476 1481 5574 Babylonico.
1535 5480 1605 5550 De·
1656 5491 1794 5550 cantem
1808 5474 1944 5563 Deum,
1969 5479 2293 5550 tandemruuntin
2320 5493 2489 5549 aeternas
2519 5507 2603 5570 pom

605 5584 713 5676 nique
731 5593 803 5652 tola
819 5574 967 5649 historia
984 5575 1162 5649 Ecclesiae
1186 5581 1269 5649 inde
1294 5607 1406 5676 usque
1431 5584 1476 5652 ab
1497 5583 1603 5653 initio
1655 5581 1740 5651 Non
1757 5581 1867 5671 igitur
1882 5582 2060 5674 pertinent
2081 5583 2126 5651 ad
2150 5582 2342 5652 electorum
2367 5604 2602 5661 numerum,

565 5687 568 5696 '
604 5685 731 5754 mundi
759 5683 917 5753 continet
948 5677 1056 5752 huius
1078 5682 1216 5770 generis
1246 5687 1404 5777 exempla
1436 5687 1603 5778 plurima,
1655 5685 1875 5754 causaexitii
1898 5685 2030 5774 totatin
2056 5683 2143 5775 ipsis
2166 5699 2226 5756 est.
2281 5679 2331 5755 At
2345 5683 2490 5768 David,
2524 5685 2611 5805 Pettp

601 5813 691 5881 qnae
704 5787 897 5858 ostendunt
914 5779 1108 5856 Ecclesiam
1126 5784 1266 5855 assidue
1282 5788 1416 5857 versari
1441 5789 1481 5857 in
1504 5788 1601 5881 peri·
1634 5783 2066 5868 ·Paulus,ioeanti1)eo
2090 5811 2165 5857 non
2188 5799 2406 5879 repugnant,
2440 5789 2518 5857 sed
2546 5812 2611 5865 aest

600 5890 708 6006 culis,
736 5912 826 5985 quae
841 5881 1011 5960 humanis
1027 5886 1186 5958 consiliis
1202 5889 1330 5960 discuti
1346 5913 1421 5960 non
1437 5904 1600 5983 possunt,
1654 5888 1815 5977 tinotor,
1845 5913 1886 5962 ac
1901 5889 2059 5962 moventi
2075 5886 2228 5984 Spiritui
2245 5903 2366 5962 sancto
2385 5870 2611 5982 obtempersi
