5825 6950
551 700 625 775 ess
922 724 931 737 ·
1056 728 1061 737 -
1141 684 1270 763 auto.
1295 686 1414 762 nar.
1439 666 1650 761 scotera
1676 666 1978 765 nxuourtot.
2190 664 2201 678 '
2388 694 2392 699 ·
2512 690 2586 764 esa

560 870 698 943 Concio
739 883 791 943 est
824 868 870 939 de
910 863 1101 937 dilectione
1142 863 1236 932 inter
1271 864 1397 932 iratres
1432 870 1554 930 tuente
1601 861 1678 931 niat
1694 884 1790 933 mors
1804 882 1911 954 super
1925 863 2026 944 illos,
2060 877 2095 934 et
2111 864 2325 937 descendant
2349 862 2388 934 in
2411 862 2590 934 infernum

559 973 808 1058 concordiam,
841 972 886 1041 ad
915 969 1011 1063 quod
1038 967 1192 1036 osticium
1214 964 1337 1034 multis
1360 963 1552 1032 virtutibus
1602 964 1775 1038 viventes.
1802 964 1898 1035 Haec
1914 966 2071 1036 breviter
2086 968 2131 1036 de
2143 966 2473 1058 insigniversiculo,
2489 988 2590 1059 quem

473 1089 476 1096 “
560 1099 662 1169 opus¹
687 1087 755 1162 est,
797 1070 1089 1153 mansuetudine,
1135 1066 1326 1159 patientia,
1366 1065 1553 1159 aequitate.
1603 1067 1686 1137 citat
1706 1061 1889 1154 Christus,
1923 1067 2019 1153 dixi,
2055 1083 2097 1140 ut
2128 1064 2215 1140 haec
2246 1069 2395 1141 vulnera
2416 1066 2591 1139 Ecclesiae

562 1176 761 1250 Ardentius
787 1187 906 1248 autem
936 1172 1160 1244 commendat
1190 1170 1263 1239 suis
1286 1168 1444 1239 studium
1467 1191 1554 1236 con·
1603 1168 1885 1257 consideremus,
1929 1184 1964 1241 et
1989 1170 2128 1241 animos
2155 1172 2404 1243 confirmemus
2430 1168 2591 1263 exemplo

552 1281 726 1367 cordiae,
749 1280 819 1349 iarn
842 1302 884 1348 ex
907 1270 977 1346 hoc
993 1275 1128 1345 mundo
1145 1271 1384 1350 discessurus,
1409 1283 1450 1340 ut
1468 1264 1555 1339 haec
1602 1264 1757 1358 Christi,
1783 1294 1862 1341 cum
1881 1272 2044 1364 perfidias
2060 1274 2256 1345 amicorum
2273 1275 2488 1367 experimur.

562 1383 690 1455 ultima
718 1382 885 1453 mandata
916 1377 1027 1466 magis
1057 1387 1223 1443 moveant
1246 1373 1395 1446 animos.
1461 1369 1554 1441 Nam

563 1482 652 1557 haee
675 1485 748 1556 duo
765 1482 953 1576 praecipue
967 1478 1149 1549 efficienda
1166 1489 1249 1547 sunt
1265 1478 1361 1547 bono
1377 1476 1555 1566 guberna-

564 1588 654 1672 tori,
677 1601 719 1660 ut
739 1598 833 1658 recte
855 1586 980 1654 doceat
994 1578 1253 1669 Evangelium,
1275 1592 1310 1649 et
1328 1579 1446 1647 foveat
1469 1598 1555 1645 con·
1706 1572 1820 1653 Addit
1847 1575 2012 1653 Christus
2046 1584 2241 1672 rationem,
2283 1608 2347 1667 cur
2373 1582 2592 1675 proditorem
2641 1604 2642 1613 ι

564 1688 742 1770 cordiam,
774 1710 841 1757 nec
867 1685 987 1755 turbet
1017 1706 1094 1752 eam
1118 1679 1326 1762 ambitione,
1360 1678 1556 1761 iracundia,
1604 1702 1703 1751 nunc
1720 1683 1944 1755 antefactum
1967 1684 2119 1771 indicet,
2152 1686 2317 1757 videlicet
2336 1701 2377 1757 ut
2398 1684 2592 1778 praedictio
2642 1699 2643 1783 t

565 1792 771 1883 asperitate,
795 1800 835 1859 ιιι
850 1785 1053 1878 saepissime
1068 1784 1108 1855 fit
1121 1784 1159 1853 in
1173 1785 1273 1851 omni
1286 1780 1556 1872 gubernatione.
1605 1783 1652 1852 sit
1665 1784 1907 1855 testimonium
1925 1790 2144 1878 praesentiae
2158 1786 2226 1859 Dei
2241 1790 2279 1859 in
2293 1784 2450 1863 Christo.
2503 1786 2592 1857 Nam
2642 1822 2643 1831 2

565 1890 614 1965 Et
635 1906 676 1964 ιιι
697 1888 756 1962 hic
768 1894 828 1960 dat
844 1901 1047 1981 praecepta,
1072 1886 1121 1956 ita
1137 1899 1258 1977 postea
1273 1885 1360 1976 petit
1375 1896 1557 1974 utrunque
1605 1901 1890 1976 praemonstrare
1905 1888 2045 1972 interra,
2070 1902 2104 1959 et
2121 1890 2241 1961 videre
2257 1892 2419 1962 cordium
2435 1888 2595 1975 consilia,

566 1992 690 2080 aDeo,
713 2007 755 2064 nt
768 2004 867 2081 regat
882 1992 1062 2080 doctores,
1088 2002 1129 2059 ιιι
1146 2011 1227 2056 vera
1243 1988 1411 2072 doceant,
1436 1997 1471 2054 et
1486 1984 1559 2054 sint
1606 1988 1791 2078 proprium
1807 1986 1883 2059 Deo
1900 2005 1961 2061 est.
2013 1990 2151 2062 Deinde
2166 1992 2252 2063 haec
2268 1978 2464 2086 praedictio
2490 1992 2593 2061 etiam
2643 2048 2644 2075 ,

567 2098 771 2170 concordes.
820 2090 918 2163 Haec
946 2092 1090 2183 politica
1116 2090 1280 2161 doctrina
1308 2112 1384 2159 non
1415 2100 1467 2157 est
1489 2086 1558 2156 ob·
1607 2088 1781 2176 significat
1801 2086 1983 2163 Christum
2010 2115 2073 2163 sua
2100 2110 2226 2187 sponte
2251 2096 2372 2166 subire
2396 2094 2594 2187 passionem
2643 2076 2644 2151 l

566 2223 689 2285 seura,
713 2199 775 2268 sed
799 2194 912 2266 animi
933 2207 1054 2265 motus
1070 2194 1234 2264 ardentes
1248 2190 1460 2274 ambitione,
1486 2189 1559 2257 ira-
1606 2214 1673 2281 pro
1687 2192 1800 2281 salute
1814 2195 1952 2283 generis
1968 2190 2136 2282 humani,
2159 2220 2234 2268 non
2256 2198 2332 2289 rapi
2357 2197 2513 2268 inscium
2538 2210 2595 2267 aut

568 2302 719 2386 cundia,
753 2298 946 2390 cupiditate
974 2296 1173 2387 vindictae,
1206 2307 1240 2364 et
1261 2292 1440 2364 similibus
1461 2312 1558 2361 mor·
1607 2291 1762 2363 insitum
1781 2296 1824 2364 ad
1847 2296 2035 2389 supplicia.
2092 2296 2231 2370 Deinde
2254 2302 2376 2372 attexit
2398 2322 2502 2390 saepe
2526 2312 2595 2369 tra-

567 2404 642 2491 bis,
666 2404 807 2475 frenare
820 2399 965 2472 difficile
978 2412 1040 2474 est.
1609 2394 1720 2465 ditam
1742 2400 1971 2484 sententiam,
2016 2424 2085 2491 qua
2112 2404 2337 2472 commendat
2359 2400 2465 2483 nobis
2489 2401 2595 2469 mini-

746 2570 828 2675 ιω·
848 2564 1051 2676 conducat
1072 2594 1209 2643 mecvm
1229 2590 1379 2669 ranem·
1608 2493 2058 2693 ttalttt‘ttadt
2068 2518 2594 2696 ,ttittattttitttftt

671 2708 792 2782 Verba
812 2722 926 2792 sumta
941 2720 1026 2779 sunt
1041 2731 1082 2778 ex
1098 2705 1229 2778 Psalm.
1244 2705 1323 2775 tt:
1349 2701 1482 2773 Beatus
1497 2696 1560 2791 qui
1609 2701 1804 2773 nistrorum
1822 2705 1942 2775 futura
1959 2728 2044 2777 esse.
2096 2704 2277 2779 Promittit
2298 2708 2409 2797 igitur
2431 2704 2593 2776 beneficis
2645 2754 2646 2759 κ

570 2814 742 2903 intelligit
761 2836 869 2906 super
892 2834 1042 2902 egenum
1064 2822 1099 2879 et
1119 2830 1331 2900 pauperem,
1354 2805 1418 2878 ubi
1437 2826 1561 2875 recen·
1609 2825 1691 2892 erga
1706 2805 1899 2896 Apostolos
1921 2820 1956 2877 et
1977 2808 2057 2899 pios
2080 2809 2242 2882 doctores
2264 2810 2442 2904 praemia,
2471 2822 2505 2879 et
2525 2806 2593 2877 mi.

572 2933 670 2989 setur
690 2910 891 2987 antithesis.
938 2912 1064 3005 Aliqui
1081 2911 1183 3001 pauci
1201 2908 1405 2979 alliciuntur
1421 2904 1561 2977 miseri·
1611 2920 1717 2977 natur
1732 2901 1895 2979 hostibus
1909 2932 2050 3003 poenas.

572 3018 693 3091 cordia
707 3038 939 3090 aerumnosae
951 3010 1148 3098 Ecclesiae,
1174 3035 1238 3103 pro
1254 3006 1323 3080 hoc
1336 3006 1560 3079 officioDeus
2186 3080 2194 3100 ι
2227 3078 2234 3099 .

572 3122 614 3191 in
636 3145 678 3193 eo
693 3119 837 3192 Psalmo
858 3116 1013 3210 praemia
1035 3113 1249 3188 dulcissimis
1272 3113 1391 3182 verbis
1414 3111 1562 3203 pollice—
1899 3071 2160 3178 ῙίιεΙΜΥθΝΜι
2177 3090 2306 3178 'W'-
2361 3102 2366 3109 ’

572 3237 643 3297 tur.
693 3218 742 3293 Et
763 3224 809 3291 de
823 3219 989 3314 praemiis
1005 3218 1239 3290 concionatur
1253 3210 1417 3288 Christus
1429 3204 1560 3284 Matth.
1712 3212 1833 3305 imago
1849 3230 1900 3289 est
1914 3216 2074 3308 piorum,
2098 3208 2161 3313 qui
2176 3219 2295 3291 andita
2320 3216 2504 3289 mentione
2528 3240 2596 3288 502.

572 3322 654 3403 25.:
688 3323 818 3395 Venite
840 3320 1039 3406 benedicti,
1070 3334 1136 3397 etc.
1199 3314 1249 3388 Et
1271 3318 1428 3409 exempla
1451 3315 1562 3385 rnulta
1612 3318 1696 3389 leris
1715 3317 1917 3390 alicuiusin
1935 3342 1998 3390 suo
2021 3322 2179 3411 agmine,
2214 3335 2452 3413 expavescunt
2477 3335 2512 3391 et
2537 3324 2597 3391 do·

574 3442 677 3519 sunt,
703 3451 794 3521 quae
815 3427 1009 3499 ostendunt
1026 3425 1064 3493 in
1079 3418 1147 3494 hac
1161 3420 1232 3492 vita
1251 3420 1403 3512 gloriose
1418 3429 1563 3492 ornatos
1614 3422 1700 3495 lent.
1750 3418 1931 3503 Primum,
1959 3436 2123 3494 metuunt
2139 3427 2321 3518 propriam
2343 3422 2598 3510 infirmitatem,

574 3555 648 3602 esse
668 3530 801 3601 amicos
818 3524 1013 3611 Ecclesiae,
1038 3539 1077 3597 ut
1099 3524 1298 3616 exemplum
1317 3522 1445 3592 viduae
1460 3521 1565 3596 Sare·
1614 3549 1653 3594 ac
1670 3523 1797 3594 timent
1812 3523 1931 3614 lapsus
1945 3525 2105 3618 aliquos,
2139 3541 2173 3598 et
2187 3527 2283 3597 anxii
2302 3541 2425 3613 orant,
2458 3541 2499 3598 ut
2519 3551 2601 3597 ton.

553 3626 713 3726 ptanae,
763 3629 905 3702 Rursus
927 3627 1007 3715 alii,
1032 3627 1231 3721 etquidem
1253 3619 1564 3716 multietpraeci-
1614 3626 1801 3696 firmentur
1816 3639 1852 3696 et
1873 3643 2052 3717 regantur.
2110 3624 2250 3700 Deinde
2275 3643 2307 3702 et
2331 3631 2501 3700 scandalo
2526 3653 2601 3698 mo-

574 3736 637 3828 pui
669 3733 774 3806 amici
799 3729 995 3804 Ecclesiam
1025 3730 1066 3800 in
1095 3727 1354 3800 calamitatibus
1386 3727 1566 3808 deserunt,
1613 3741 1754 3802 ventur.
1814 3725 2020 3799 Adversarii
2044 3731 2317 3814 confirmantur,
2350 3755 2430 3801 cum
2455 3733 2515 3800 illi
2539 3730 2603 3823 ipsi

575 3851 638 3908 aut
663 3837 767 3909 etiam
791 3845 1016 3926 oppugnant,
1048 3844 1089 3902 ut
1109 3827 1200 3902 Cain
1221 3829 1365 3900 fratrem
1389 3825 1565 3898 interficit.
1615 3831 1804 3917 deficiunt,
1832 3831 1893 3923 qui
1915 3845 2017 3902 antea
2032 3827 2268 3926 Evangelium
2284 3834 2414 3903 acriter
2429 3833 2599 3905 desende-

573 3937 671 4010 Esau
700 3937 891 4008 insidiatur
919 3936 1012 4006 vitae
1040 3929 1164 4002 lacob:
1198 3925 1327 4022 loseph
1354 3929 1564 4000 venditura
1616 3946 1707 4003 rant.
1749 3929 1865 4002 Totus
1878 3933 1985 4004 etiarn
2000 3948 2121 4005 coctus
2137 3937 2280 4008 ducitur
2295 3959 2367 4006 csse
2384 3936 2500 4006 levior
2521 3960 2603 4030 pro-

574 4042 756 4112 fratribus.
797 4036 997 4108 'Adversus
1024 4033 1199 4106 Davidem
1230 4033 1323 4106 filius
1353 4032 1564 4103 seditionem
1616 4047 1696 4127 pter
1710 4033 1861 4104 aliorum
1882 4035 2173 4110 inconstantiam:
2190 4039 2257 4109 His
2272 4037 2446 4108 scandalis
2461 4039 2524 4108 uri
2541 4041 2601 4108 bo.

574 4142 699 4213 movit.
758 4139 856 4211 Haec
885 4137 1076 4210 domestica
1099 4137 1248 4206 vulnera
1269 4136 1374 4225 longe
1394 4135 1564 4204 maiorem
1617 4158 1680 4206 nas
1699 4151 1833 4208 mentes
1855 4140 2079 4210 manifestum
2105 4154 2174 4225 est,
2214 4139 2305 4212 sicut
2326 4156 2361 4211 et
2383 4137 2522 4210 Paulus
2548 4143 2601 4209 in.

576 4237 737 4316 dolorem
759 4242 915 4327 faciunt,
940 4262 1045 4334 quam
1062 4238 1260 4309 alienorum
1278 4234 1464 4307 hominum
1485 4258 1566 4304 cru-
1616 4240 1694 4333 quit
1708 4241 1742 4309 2.
1759 4235 1924 4316 Corinth.
1946 4243 2020 4316 tt:
2050 4240 2142 4331 Quis
2159 4245 2301 4333 languet
2325 4243 2389 4326 ita,
2423 4265 2470 4313 ne
2493 4243 2602 4312 simul

577 4347 716 4422 delitas.
783 4343 869 4416 ldeo
893 4341 1104 4415 nominatim
1127 4340 1256 4410 citatur
1278 4335 1337 4408 hic
1359 4337 1566 4420 versiculus,
1616 4355 1650 4412 et
1667 4342 1740 4433 ipse
1756 4342 1961 4432 langueam,
1995 4345 2075 4437 quis
2091 4359 2256 4417 movetur
2281 4344 2449 4416 scandalo
2465 4345 2602 4440 aliquo,

577 4461 618 4520 ut
651 4470 900 4541 praeparemus
929 4444 1066 4516 animos
1096 4445 1140 4545 ad
1168 4441 1369 4512 tolerandas
1398 4439 1566 4534 perfidias
1617 4444 1663 4514 ita
1682 4467 1727 4512 ne
1744 4444 1817 4534 ipse
1832 4445 1938 4517 simul
1954 4447 2061 4517 urar?
2086 4445 2167 4520 Non
2183 4459 2298 4542 potest
2315 4445 2412 4528 lieri,
2434 4449 2528 4543 quin
2546 4471 2603 4521 ea.

577 4549 787 4623 amicorum:
823 4547 898 4638 Qui
928 4570 1065 4621 mecum
1090 4546 1327 4616 manducabat
1349 4567 1495 4637 panem,
1528 4540 1564 4609 id
1617 4545 1756 4617 lamitas
1770 4547 1883 4616 nostri
1900 4550 2059 4639 corporis
2075 4563 2109 4620 et
2131 4553 2371 4622 membrorum
2393 4565 2601 4623 nostrorum

578 4669 651 4740 est,
677 4653 741 4749 qui
755 4648 844 4722 mibi
860 4649 1117 4734 familiaritate,
1142 4646 1403 4728 benevolentia,
1429 4642 1566 4730 officiis,
1616 4649 1777 4719 dolorem
1799 4649 1904 4721 nobis
1928 4651 2070 4738 afferat,
2108 4667 2149 4725 ut
2171 4655 2354 4726 manifesta
2382 4654 2603 4746 experientia

575 4757 743 4843 societate
770 4753 1000 4849 professionis
1021 4750 1331 4822 coniunctissimus
1352 4749 1438 4836 tuit,
1468 4771 1565 4818 nuno
1616 4764 1774 4825 testatur.
1834 4749 2020 4826 Recitator
2043 4777 2126 4847 ergo
2150 4753 2318 4828 hocloco
2342 4749 2602 4847 Apostolorum

576 4859 777 4951 opprimere
799 4872 833 4929 et
853 4857 970 4927 delere
995 4866 1158 4930 conatur.
1222 4852 1314 4924 Sunt
1337 4866 1453 4924 autem
1476 4852 1565 4922 aliae
1616 4854 1803 4926 solicitudo
1820 4868 1855 4925 et
1871 4859 2120 4933 consternatio.

574 4961 723 5032 usitatae
739 4961 832 5029 inter
845 4954 1009 5028 homines
1023 4955 1128 5026 etiarn
1144 4956 1181 5024 in
1196 4955 1295 5026 civiti
1308 4955 1565 5026 consuetudine
1716 4955 1784 5028 Sed
1803 4952 1862 5027 hic
1876 4961 2060 5031 considera
2079 4959 2187 5032 ludar
2202 4961 2381 5034 duritiem.
2433 4958 2505 5032 Hic
2523 4986 2602 5033 mo-

573 5063 668 5134 vitae
704 5063 901 5134 amicorum
939 5057 1109 5151 perfidiae
1142 5070 1177 5129 et
1214 5057 1478 5143 distractiones,
1524 5071 1565 5128 ut
1615 5059 1712 5131 nitus
1734 5072 1768 5131 et
1792 5063 1978 5153 castigatus
1999 5065 2135 5158 aliquot
2160 5067 2263 5136 dictis
2287 5059 2445 5147 Christi,
2480 5081 2600 5134 tamen

572 5167 679 5255 polita
700 5163 919 5236 exclamarit:
953 5159 1136 5253 Nusquam
1160 5173 1235 5231 tuta
1256 5160 1354 5229 fides.
1405 5159 1477 5232 Sed
1493 5157 1564 5230 Ec·
1616 5186 1690 5232 non
1706 5159 1778 5252 agit
1791 5166 2066 5254 poenitentiam,
2100 5191 2174 5236 non
2198 5167 2352 5239 flectitur
2375 5167 2421 5254 ad
2440 5167 2600 5254 cogitan-

572 5269 675 5338 clesia
714 5263 823 5338 habet
855 5264 1012 5355 exempla
1048 5261 1202 5334 tristiora
1233 5276 1266 5333 et
1296 5262 1563 5355 perniciosiora,
1614 5265 1701 5334 dana
1717 5266 1999 5355 magnitudinem
2021 5271 2154 5358 peccati
2177 5269 2231 5339 sui
2255 5286 2289 5343 et
2312 5263 2488 5349 iraeDci,
2520 5265 2602 5334 talis

571 5371 654 5462 quia
678 5371 717 5440 in
737 5367 893 5439 dissidiis
907 5363 1084 5438 Ecclesiae
1098 5365 1269 5436 factiones
1285 5366 1436 5454 gignunt
1450 5389 1563 5436 novos
1613 5367 1734 5451 furor,
1761 5380 1794 5438 et
1807 5369 1919 5438 ferrea
1936 5369 2086 5440 durities
2105 5372 2284 5466 sequitur,
2315 5379 2501 5460 postquam
2526 5369 2599 5435 ini-

570 5495 725 5559 errores,
748 5486 782 5543 et
806 5493 969 5560 magnam
994 5481 1127 5559 partem
1144 5467 1269 5560 populi
1286 5462 1433 5538 trahunt
1447 5467 1486 5536 in
1503 5492 1562 5537 ex·
1612 5468 1672 5539 tiis
1695 5471 1931 5540 tentationum
1959 5495 2032 5540 non
2056 5488 2287 5563 repugnatum
2310 5481 2382 5551 est,
2415 5481 2474 5550 ιιι,
2513 5469 2600 5563 quia

568 5588 720 5645 tremum
739 5575 906 5664 esitium,
932 5574 1014 5641 ideo
1029 5583 1064 5640 et
1080 5570 1124 5639 de
1143 5570 1267 5661 poenis
1287 5591 1410 5640 eorum
1431 5571 1560 5661 passim
1612 5564 1772 5652 Pharao,
1799 5569 1904 5658 Saul,
1930 5570 2145 5665 Achitophel
2162 5567 2293 5663 primas
2307 5572 2469 5642 flammas
2495 5571 2598 5641 odio-

566 5676 998 5756 multaesuntconciones,
1012 5667 1560 5744 utMatth.25.:ltematedtctt
1611 5695 1691 5741 rurn
1716 5695 1790 5740 non
1815 5677 2059 5756 extinxerunt,
2098 5677 2157 5744 sed
2183 5675 2366 5756 aluerunt,
2399 5687 2518 5763 postea
2539 5675 2598 5741 in-

566 5779 602 5846 io
619 5779 736 5869 ignem
752 5794 947 5863 aeternum,
973 5789 1040 5849 etc.
1089 5768 1368 5848 Etmanes:
1397 5772 1559 5846 Tuvero
1612 5773 1776 5842 cendiurn
1801 5777 2064 5846 maiuslactum
2091 5792 2158 5862 est,
2201 5801 2307 5870 quam
2329 5789 2367 5846 ut
2393 5774 2599 5865 extinguere

563 5876 670 5951 horno
688 5882 887 5962 unanimis,
915 5883 988 5952 dux
1004 5898 1124 5964 meus,
1150 5888 1183 5948 et
1201 5887 1433 5948 notusmeus.
1487 5875 1556 5948 Ve·
1612 5887 1768 5968 possent.
1821 5874 1955 5950 Moniti
1972 5877 2081 5968 igitur
2095 5881 2166 5949 illis
2183 5879 2393 5951 tristissimis
2417 5877 2598 5970 exemplis,

1779 1436 1881 1514 Dico
1898 1439 1999 1513 vobis
2015 1450 2214 1542 antequam
2223 1438 2300 1538 fiat
2309 1500 2320 1532 ,
2346 1452 2410 1521 etc.
