5825 6950
353 658 434 733 ibi
587 692 591 705 ·
629 656 734 739 xtlt.
784 662 818 735 3.
846 656 1147 739 ENARRATIO
1172 648 1506 740 uetsrsst‘tttJm
1531 655 1601 733 AD
1625 654 1891 743 nonullos,
1941 662 2050 743 CAP.
2073 666 2144 747 111.
2322 676 2398 752 066

461 830 699 929 Quanquam,
732 849 773 909 ut
797 850 898 909 antra
933 834 1029 923 dixi,
1070 834 1282 909 concinnius
1306 844 1357 905 est
1378 840 1385 883 ²
1407 828 1610 907 testimonia
1635 834 1680 903 de
1701 826 1767 905 bae
1791 833 1950 921 iusticia,
1996 865 2101 937 quam
2120 845 2274 922 adducar
2298 847 2397 923 Mer.

361 939 588 1028 interpretari
619 938 792 1011 iusticiam
824 939 1079 1033 sempiternam
1112 942 1159 1011 de
1186 963 1357 1011 consum·
1403 933 1483 1003 sies·

357 1031 454 1110 mato
472 1040 666 1125 beneficio,
692 1064 764 1136 quo
789 1036 1143 1135 comprehenduntur
1171 1056 1207 1114 ct
1230 1040 1355 1113 remis·
1506 1034 1578 1107 Sed
1601 1062 1665 1109 cur
1689 1040 1795 1110 dicit:
1821 1038 1866 1111 ln
1884 1043 1985 1135 lege?
2017 1039 2198 1122 Osiander
2220 1078 2294 1141 non
2318 1057 2396 1131 vult

355 1143 430 1223 sio,
455 1143 580 1215 etrite
596 1156 747 1213 aeterna.
799 1142 846 1217 Et
869 1144 1013 1237 quidem
1028 1144 1158 1217 Daniel
1180 1140 1354 1241 simulibi
1401 1134 1554 1230 intelligi
1584 1140 1717 1209 librum
1748 1141 1857 1213 Moisi
1897 1160 1931 1219 et
1963 1147 2092 1241 scripta
2118 1149 2392 1247 Prophetarum,

355 1265 519 1335 expresse
532 1245 698 1316 nominat
713 1246 957 1319 remissionem
975 1262 1198 1338 peccatorum
1207 1241 1354 1317 bisveo-
1401 1240 1462 1309 θεά
1479 1241 1625 1339 proprie
1640 1243 1773 1333 legem:
1799 1245 1845 1317 sit
1857 1246 1906 1320 ita
1921 1270 2017 1322 sane.
2069 1248 2161 1323 Nam
2177 1268 2213 1328 et
2229 1258 2393 1332 victimae

352 1346 425 1417 big:
453 1342 717 1419 pravaricatio
740 1347 885 1421 finietur
893 1402 904 1434 ‚
935 1362 1118 1441 pactarum
1147 1346 1352 1439 obsignabi.
1399 1340 1439 1409 in
1456 1341 1534 1433 lege
1550 1344 1798 1433 significabant
1814 1348 1993 1421 victimam
2010 1352 2123 1424 fllium
2141 1354 2229 1443 Dei,
2247 1373 2284 1431 et
2296 1359 2392 1431 Pau-

351 1464 431 1537 tur,
462 1447 599 1533 idest,
633 1450 839 1531 claudetur,
873 1474 920 1523 ne
941 1474 1006 1521 nos
1032 1466 1189 1533 accuset,
1215 1468 1250 1521 et
1267 1476 1350 1543 pro·
1398 1442 1604 1538 lusinquit:
1632 1446 1732 1517 linis
1752 1448 1840 1540 legis
1861 1447 2106 1541 esthristus,
2130 1460 2226 1551 (111οδ
2250 1484 2325 1533 non
2345 1466 2391 1535 tle

350 1548 502 1641 piciatio
524 1550 582 1629 liet
608 1575 676 1643 pro
697 1552 897 1643 iniquitate.
958 1548 1350 1647 Ardeindesequitur‘:
1399 1548 1612 1618 ceremoniis
1643 1563 1781 1621 tentum
1805 1551 1956 1640 dicitur,
1995 1559 2057 1627 sed
2085 1560 2131 1628 de
2159 1562 2236 1653 lege
2256 1568 2387 1639 morali
2423 1567 2433 1579 ’

348 1653 570 1723 Αάᾶιιιειιιι
585 1653 722 1727 iusticia
739 1640 972 1745 sempiterna,
998 1680 1089 1749 quae
1106 1654 1279 1747 significat
1293 1679 1350 1725 re·
1398 1672 1551 1743 qnoque·
1603 1647 1687 1721 ΝΞΟ
1704 1653 1759 1722 l0¹
1771 1656 1917 1725 m⁰r³il⁸
1931 1660 2153 1749 Pfflmuidffl
2179 1678 2253 1748 ²⁸1,
2277 1682 2318 1737 ul
2333 1693 2391 1739 ar·

346 1753 584 1837 missionem,
626 1756 671 1825 de
695 1780 764 1849 qua
789 1758 889 1849 prius
917 1756 1071 1843 dixerat,
1099 1782 1185 1829 -non
1210 1771 1349 1831 tantum
1397 1764 1481 1841 guas
1503 1765 1703 1841 peccatum,
1733 1768 1769 1827 et
1790 1760 1956 1830 ostendat
1975 1780 2101 1834 omnes
2121 1758 2284 1837 homines
2309 1794 2388 1842 reos

343 1878 419 1925 esse
436 1856 636 1947 praesentis
654 1856 746 1929 vitae
762 1859 921 1945 bonum,
946 1862 1007 1931 sed
1034 1860 1178 1933 initium
1197 1882 1271 1930 esse
1288 1883 1349 1929 ae-
1397 1874 1491 1933 etses
1517 1866 1558 1925 ul
1573 1852 1707 1927 Paulus
1721 1858 1858 1952 inquit:
1886 1857 2072 1935 Conclusit
2086 1889 2210 1938 ornnes
2226 1872 2294 1942 sub
2308 1896 2391 1963 pec·

343 1970 475 2028 ternae
499 1959 624 2031 salutis
646 1973 679 2031 et
703 1959 807 2033 vitae.
873 1959 1053 2055 Loquitur
1083 1986 1167 2053 ergo
1192 1964 1237 2035 de
1261 1986 1349 2033 con·
1396 1968 1524 2027 cetum.
1584 1952 1650 2027 Est
1680 1957 1790 2047 igitur
1811 1960 1868 2031 lex
1892 1965 2157 2053 testimouium,
2192 1975 2290 2063 quod
2314 2000 2389 2043 uon

343 2074 532 2135 summoto
553 2061 738 2135 beneficio.
790 2061 844 2135 Ac
868 2064 1094 2137 uraniicstnm
1119 2078 1189 2150 est,
1216 2086 1348 2135 nomen
1396 2056 1508 2128 simus
1528 2057 1612 2128 iusti
1636 2060 1718 2150 legi.
1777 2060 1899 2151 Quare
1914 2088 2055 2135 neeesse
2078 2082 2131 2140 est
2155 2094 2230 2143 esse
2252 2077 2390 2146 media·

343 2176 517 2233 aeternae
542 2162 702 2237 iusticiee
724 2165 859 2259 opponi
885 2166 1049 2238 iusticiae
1064 2190 1233 2261 operum,
1256 2190 1348 2263 quae
1396 2171 1509 2231 torem
1533 2175 1570 2229 et
1592 2162 1882 2253 propiciatorem,
1915 2181 2058 2260 propter
2082 2194 2187 2263 quem
2210 2177 2317 2247 detur
2332 2204 2390 2249 re-

344 2264 483 2339 dainit
498 2288 580 2339 eum
597 2260 664 2338 hae
687 2268 866 2360 corporali
883 2271 968 2343 vira,
1045 2313 1049 2322 .
1395 2261 1518 2333 missio
1548 2280 1793 2353 peccatorum,
1826 2263 1872 2341 Et
1903 2292 1983 2338 cum
2010 2270 2066 2341 lex
2088 2296 2162 2343 non
2186 2276 2232 2347 sit
2255 2278 2388 2352 frustra

514 2433 522 2452 ,
616 2431 625 2452 ,
883 2433 891 2453 ,
1253 2434 1261 2454 ,
1393 2363 1482 2450 lata,
1499 2386 1638 2435 necesse
1654 2379 1706 2437 est
1722 2368 1860 2439 restitui
1876 2385 2059 2455 naturam,
2077 2390 2118 2447 ut
2134 2376 2195 2450 fiat
2213 2379 2280 2452 les.
2333 2384 2387 2453 lta

409 2428 685 2537 T‘iiim‘mmm
708 2427 851 2507 habim
874 2460 914 2507 Μ
931 2432 1009 2533 ΙΨ
1032 2444 1065 2507 ⁶²
1081 2426 1289 2537 PmPh‘m·
1393 2461 1558 2538 Christus
1579 2480 1631 2539 est
1650 2468 1732 2539 bnis
1753 2470 1860 2560 legis,
1884 2472 2037 2559 scilicet,
2063 2478 2154 2547 dans
2177 2484 2387 2553 reconcilia-

462 2569 629 2643 Diximus
651 2572 826 2645 iusticiam
848 2572 916 2645 Dei
946 2566 1015 2645 boc
1045 2573 1125 2644 loco
1149 2572 1346 2645 necessario
1393 2570 1549 2653 tionem,
1581 2584 1767 2665 postquam
1793 2572 1849 2650 lex
1869 2573 2147 2665 iramostendit,
2182 2582 2267 2675 quia
2290 2582 2387 2657 Dans

349 2672 504 2764 intelligi
535 2676 744 2767 promissam
774 2689 920 2768 propter
958 2676 1204 2750 mediatorem:
1253 2670 1346 2747 hanc
1391 2692 1468 2739 non
1484 2672 1643 2742 vultnos
1663 2674 1702 2741 in
1719 2687 1833 2745 morte
1850 2700 2012 2763 manere,
2029 2679 2125 2751 iuxta
2140 2683 2298 2759 dictum:
2326 2687 2389 2757 ii.

349 2776 397 2848 ait
412 2776 567 2850 nuncin
583 2772 780 2867 Evangelio
803 2778 989 2851 manifeste
1004 2778 1214 2870 praedicari.
1391 2796 1437 2843 vo
1452 2795 1538 2863 ego,
1565 2773 1655 2846 dicit
1668 2772 1866 2860 Dominum
1896 2779 1982 2847 ¹¹⁰l⁰
2004 2780 2154 2853 mortem
2182 2790 2387 2876 peccatoris.

452 2876 525 2951 Sed
540 2879 795 2969 praescrutanti:
822 2876 914 2952 Cum
935 2904 1074 2973 semper
1098 2881 1204 2953 fuerit
1219 2878 1344 2952 Eccle.
1389 2869 1455 2949 Est
1470 2888 1506 2947 et
1521 2876 1705 2948 restitutor
1713 2876 1800 2966 legis
1807 2874 1985 2965 Christus,
2000 2905 2081 2953 cum
2094 2889 2276 2962 resuscitat
2285 2905 2318 2961 et
2328 2895 2389 2965 dat

349 2982 408 3060 sia,
424 3002 570 3073 necesse
586 2994 639 3052 est
654 2975 747 3051 banc
770 2981 944 3053 iusticiam
968 2998 1001 3053 et
1017 2982 1182 3055 Patribus
1199 3000 1232 3055 et
1251 2982 1343 3053 Pro·
1388 2976 1498 3049 vitam
1508 2992 1696 3064 ttiefflims
1710 2978 1748 3049 in
1766 3004 1836 3071 (111ι
1844 2979 1941 3053 ⁰0⁰⁸
1955 2984 2021 3055 etii
2029 2986 2149 3059 omnia
2157 2987 2194 3056 in
2204 2993 2384 3065 omnibus.

350 3080 467 3173 pbetis
484 3096 605 3155 notem
620 3083 744 3154 fuisse:
778 3086 947 3175 ctregul'a
966 3108 1048 3157 vera
1074 3098 1146 3173 est,
1180 3083 1342 3157 Primum
1490 3079 1610 3153 simul
1633 3093 1751 3152 sutem
1773 3082 1903 3153 refutat
1924 3082 2058 3155 Paulus
2079 3090 2227 3160 stultum
2251 3108 2286 3163 et
2304 3118 2386 3183 prr·

349 3188 518 3281 quodque
534 3184 755 3257 verissimum
779 3201 842 3261 est.
1387 3182 1562 3254 niciosum
1578 3206 1737 3254 errorem
1752 3182 1920 3267 illorum,
1946 3188 2009 3279 qui
2027 3189 2223 3277 finxerunt,
2252 3197 2381 3271 ordine

448 3286 547 3359 Huic
576 3287 786 3373 obiectioni,
826 3301 868 3360 ιιι
895 3299 1076 3371 occurrat.
1109 3288 1167 3359 vel
1191 3312 1342 3381 occupa·
1387 3285 1426 3355 in
1450 3308 1578 3376 genere
1599 3281 1758 3357 humano
1777 3298 1849 3357 tres
1869 3287 1981 3367 foisse
1996 3289 2108 3379 leges,
2133 3292 2262 3384 Legem
2278 3312 2383 3372 nasu..

350 3390 458 3472 tioui,
501 3390 626 3461 inserit
657 3385 743 3461 baec
764 3390 891 3471 verbu,
927 3390 1059 3484 quibus
1080 3390 1244 3463 adfirmat
1266 3416 1340 3462 non
1388 3412 1466 3474 rae,
1491 3385 1686 3459 Mosaicam
1713 3401 1749 3459 et
1769 3389 2020 3480 evangelicam.
2072 3388 2118 3462 tn
2136 3388 2386 3470 bousinessal·

351 3495 463 3565 solum
496 3506 618 3565 notam
650 3493 758 3564 luisse
796 3488 889 3563 banc
923 3493 1099 3564 iusticiam
1131 3494 1339 3587 promissam
1388 3505 1488 3564 vatos
1513 3513 1587 3561 esse
1609 3490 1771 3585 quolibet
1798 3495 2162 3586 tempore‘operibus
2187 3499 2303 3591 legum
2326 3505 2384 3584 sui
2492 3493 2496 3502 ’

348 3611 494 3689 propter
518 3596 769 3678 mediatorem,
805 3597 867 3666 sed
893 3595 973 3664 ideo
992 3590 1190 3689 Prophetas
1216 3619 1340 3668 omnes
1387 3591 1571 3686 temporis.

282 3738 283 3751 ι
348 3699 472 3770 missos
505 3721 599 3783 esse,
638 3714 672 3769 et
697 3697 939 3769 confirmatam
969 3720 1093 3768 eorum
1119 3699 1340 3770 vocationem
1489 3691 1570 3766 Hae
1587 3695 1718 3768 stultae
1745 3694 2020 3787 imaginationes
2048 3697 2135 3769 inde
2164 3718 2263 3776 ortae
2288 3722 2385 3794 sunt,

280 3859 281 3886 ,
350 3800 549 3872 illustribus
573 3799 772 3882 miraculis,
805 3813 845 3872 ut
868 3801 912 3868 de
938 3793 1003 3870 bac
1029 3801 1265 3890 promissione
1287 3817 1338 3874 te·
1386 3798 1486 3891 quod
1511 3798 1704 3868 discrimen
1729 3798 1815 3888 legis
1840 3813 1874 3868 et
1901 3795 2087 3890 Evangelii
2119 3803 2279 3894 ignotum
2302 3810 2383 3882 tuit
2473 3873 2478 3880 .

280 3891 281 3894 ¹
351 3917 414 3974 stes
427 3915 564 3984 esseut,
589 3902 680 3972 sicut
694 3901 819 3972 Petrus
836 3899 967 3994 inquit:
993 3897 1088 3973 Huic
1110 3926 1233 3973 omnes
1249 3901 1338 3974 Pro·
1372 3897 1533 3976 Necesse
1553 3899 1748 3990 arrigitur,
1774 3900 1994 3970 notissimam
2020 3927 2094 3974 esse
2120 3931 2241 3978 vocem
2267 3908 2383 4000 Pauli,

353 4000 472 4095 phetae
497 4002 740 4076 testimonium
765 3999 962 4098 perbibent.
1022 3999 1215 4096 Empbasis
1230 4005 1339 4096 igitur
1387 4001 1528 4074 lustiria
1549 3997 1637 4087 Dei,
1663 4002 1828 4074 videlicet
1851 4005 2022 4094 promissa
2043 4021 2187 4101 propter
2203 4013 2378 4083 mediato-

355 4109 387 4176 in
410 4101 479 4178 boc
511 4107 589 4176 loco
614 4105 651 4178 in
669 4106 840 4178 vocabulo
866 4107 1061 4178 testimonii
1083 4107 1339 4194 consideretur,
1386 4128 1480 4186 rem,
1506 4105 1585 4174 sine
1603 4105 1679 4195 lege
1694 4105 1916 4177 manifestata
1932 4111 2077 4191 est‚sed
2095 4113 2295 4184 testimonia
2314 4111 2381 4186 ba·
2424 4137 2430 4142 ·

355 4223 384 4280 et
406 4211 490 4280 inde
516 4229 627 4302 usquc
652 4209 698 4278 ab
723 4209 828 4278 initio
850 4205 997 4279 Petrum
1021 4221 1054 4280 et
1077 4205 1336 4303 Prophetarum
1385 4207 1446 4278 bet
1482 4201 1688 4300 prophetica
1719 4207 1885 4277 omnibus
1918 4211 2157 4298 temporibus,
2215 4216 2380 4287 videlicet

354 4312 547 4385 doctrinam
568 4309 769 4380 vocationes
784 4326 819 4382 et
835 4310 1004 4380 miracula
1020 4311 1234 4383 intueamur.
1385 4309 1423 4379 in
1444 4309 1681 4402 promissione
1703 4309 1854 4399 gratiae,
1881 4311 2011 4382 tradita
2028 4310 2127 4381 Adae
2149 4329 2183 4386 et
2200 4313 2380 4394 Abrabae.

447 4411 612 4484 Primum
638 4413 683 4484 ad
707 4408 823 4482 aldam
848 4413 941 4482 edita
965 4425 1017 4484 est
1039 4416 1243 4503 promissio:
1270 4416 1336 4486 Se·
1385 4409 1487 4483 Sicut
1502 4425 1620 4481 autem
1635 4435 1707 4483 una
1723 4425 1758 4482 et
1772 4415 1893 4481 eadem
1904 4426 1956 4484 est
1968 4413 2144 4505 sapientia
2162 4414 2285 4488 inliso
2303 4421 2386 4490 dis-

355 4541 428 4588 men
452 4514 613 4586 mulieris
645 4514 867 4588 conculcabit
892 4526 997 4606 caput
1024 4517 1208 4606 serpentis.
1266 4513 1338 4586 Po·
1385 4534 1534 4585 cernens
1558 4528 1672 4595 recta,
1704 4526 1828 4586 etnon
1844 4526 1950 4586 recta.
2003 4512 2064 4585 Sic
2091 4515 2129 4584 iu
2151 4522 2378 4592 omniaeter-

355 4637 417 4690 stra
447 4617 492 4688 ad
521 4612 722 4688 Abrabam}
766 4613 808 4686 lu
833 4614 967 4688 semine
997 4631 1058 4690 tuo
1081 4618 1338 4690 benedicentur
1385 4618 1498 4688 nitate
1527 4617 1650 4685 eadem
1675 4629 1726 4684 est
1747 4614 1802 4685 lex
1833 4614 1999 4698 moralis,
2031 4621 2194 4706 quaein
2217 4615 2377 4694 Ecclesia

356 4745 469 4792 omnes
494 4731 626 4809 genter.
677 4713 725 4790 Ει
752 4715 860 4790 lacob
881 4717 1018 4811 inquit:
1051 4717 1133 4790 Nou
1155 4721 1337 4792 auferetur
1384 4717 1553 4790 omnibus
1577 4717 1797 4808 temporibus
1818 4717 1964 4808 repetita
1989 4728 2060 4800 est,
2092 4741 2165 4788 nou
2191 4734 2277 4793 tune
2302 4727 2377 4815 pri-

357 4840 524 4918 sceptrum
549 4843 568 4890 a
593 4815 700 4906 luda,
743 4821 857 4890 donec
892 4820 1031 4890 venerit
1061 4817 1184 4907 suot,
1224 4835 1260 4894 et
1291 4823 1336 4891 ad
1384 4843 1483 4890 muro
1504 4818 1625 4890 doceri
1653 4819 1788 4909 coepit,
1819 4841 1900 4887 curn
1929 4817 1968 4886 in
2002 4834 2122 4890 monte
2149 4820 2251 4894 Sinai
2283 4825 2377 4899 iuter

355 4923 443 4998 bunc
456 4935 576 5016 gentes
591 4923 912 5012 congregabuntur.
952 4915 1000 4992 Ει
1017 4921 1123 4995 Dent.
1145 4924 1220 4998 idm
1245 4921 1337 4996 Pro·
1383 4943 1512 5013 magna
1528 4921 1701 4992 miracula
1724 4921 1866 4991 recitata
1882 4934 1947 4991 est.

356 5027 487 5122 phetam
517 5023 694 5098 suscitabo
726 5025 778 5097 eis
803 5048 846 5095 es
875 5021 1047 5108 iratribus
1078 5026 1184 5113 meis,
1233 5025 1335 5096 simi·
1483 5019 1626 5096 Rursus
1642 5021 1746 5094 etiam
1761 5021 1945 5092 sciendum
1961 5035 2023 5106 est,
2037 5023 2180 5094 unicam
2200 5049 2274 5098 esse
2291 5054 2374 5121 pro-

358 5134 417 5204 lem
440 5129 505 5204 tui.
792 5157 797 5165 ·
1382 5126 1588 5198 missionem
1619 5123 1771 5215 gratiae,
1805 5148 1895 5216 quae
1918 5125 2058 5202 statim,
2092 5151 2171 5195 rum
2195 5131 2374 5226 Adamas

447 5231 588 5305 Deinde
622 5229 660 5299 in
690 5224 844 5298 Psalmis
874 5236 908 5297 et
944 5226 1105 5300 omnium
1136 5223 1334 5320 Propheta·
1384 5225 1461 5298 Eva
1475 5230 1737 5321 reciperentur,
1764 5225 1900 5316 prolata
1925 5239 1976 5296 est
1992 5251 2034 5296 ex
2050 5229 2132 5297 sinu
2157 5235 2291 5302 aeterni
2310 5261 2372 5328 pa-

360 5334 583 5424 conscriptis
606 5330 717 5422 magis
739 5327 931 5421 perspicua
944 5327 1147 5400 testimonia
1168 5345 1268 5416 sunt,
1293 5344 1335 5402 ut
1381 5329 1446 5401 tris
1461 5354 1524 5420 per
1538 5331 1668 5400 tilium:
1694 5327 1824 5400 Semen
1845 5327 2004 5397 mulieris
2019 5331 2245 5403 marculcabit
2266 5355 2371 5427 caput

361 5435 470 5508 Esaiae
499 5431 577 5505 fis:
612 5434 759 5525 Agnitio
791 5430 883 5502 servi
911 5430 981 5501 mei
1012 5430 1096 5502 insti
1128 5430 1334 5503 iustificabit
1381 5431 1567 5524 serpentis.
1623 5427 1721 5502 llaec
1743 5428 1932 5522 promissio
1955 5445 2074 5520 postea
2100 5456 2185 5503 voce
2209 5431 2367 5535 Prophe-

361 5539 486 5612 multos.
538 5531 829 5608 numidias:
861 5531 1071 5605 Adducunt
1086 5531 1221 5604 iusticia
1238 5556 1332 5605 sem·
1381 5546 1499 5605 tarum
1521 5548 1558 5606 et
1583 5534 1620 5602 iu
1643 5530 1840 5621 Evangelio
1873 5533 2074 5622 repetisset
2104 5535 2276 5606 illustrata
2308 5557 2370 5611 est.

365 5643 484 5734 piterna
508 5651 542 5710 et
558 5639 703 5710 linietur
719 5633 990 5727 praevaricatio,
1016 5647 1051 5706 et
1073 5634 1134 5705 tter
1153 5636 1332 5729 propicia-
1379 5633 1452 5706 Nec
1467 5651 1584 5727 patres
1602 5635 1749 5706 inerunt
1771 5633 1854 5706 iusti
1878 5647 2024 5723 propter
2047 5635 2176 5724 legem,
2209 5642 2268 5708 sed
2293 5644 2367 5712 sola

365 5745 405 5814 tio
423 5767 482 5836 pro
505 5754 665 5834 peccato,
699 5754 734 5810 et
758 5748 911 5825 ungetur
930 5731 1082 5808 Sanctus
1105 5733 1329 5812 Sanctorum.
1381 5737 1450 5808 lide
1466 5737 1661 5830 promissae
1672 5735 1943 5822 ”misericordiae
1966 5752 2110 5825 propter
2126 5739 2368 5828 mediatorem,

367 5845 577 5918 bianiiestum
602 5859 656 5914 est
676 5842 786 5933 igitur
809 5849 902 5908 recte
922 5835 992 5908 diri
1017 5861 1037 5910 a
1058 5835 1188 5927 Patrio,
1213 5855 1331 5914 extare
1378 5839 1470 5914 sicut
1483 5861 1644 5934 expresse
1664 5838 1782 5926 inquit
1796 5835 1923 5910 Petrus
1939 5837 1977 5906 in
1993 5837 2109 5910 Actis:
2133 5836 2366 5932 Pergratum

404 5953 572 6024 Ιίιιιιτι.
599 5949 704 6020 Orsa.
743 5945 829 6013 voc.
852 5941 931 6014 XV.
1686 5934 1737 6012 55
