5825 6950
579 613 656 693 m
1169 621 1300 702 emt..
1324 628 1444 709 Mul.
1468 632 1679 718 SCRIPTA
1703 646 2006 740 uxttumct.
2073 725 2079 735 .
2143 730 2148 741 .

2533 702 2599 781 840

1804 1443 1896 1513 mela
1920 1447 1989 1519 sibi
2013 1466 2047 1527 et
2066 1452 2244 1534 Ecclesiae
2264 1464 2331 1539 Dei
2360 1483 2597 1561 accersivisse?

582 1525 687 1596 posse
702 1504 845 1594 agnosci
858 1519 891 1575 et
910 1508 997 1592 coli,
1029 1512 1135 1581 etiam
1157 1513 1234 1583 sine
1254 1520 1387 1589 noticia
1407 1534 1441 1592 et
1466 1526 1576 1593 mini·
1623 1534 1676 1606 Ac
1691 1534 1855 1612 Christus
1877 1570 1956 1619 cum
1981 1554 2025 1624 de
2045 1555 2134 1631 luda
2162 1564 2339 1661 loquitur,
2372 1576 2503 1675 melius
2524 1608 2598 1667 essct

582 1605 693 1676 sterio
714 1603 923 1696 Evangelii,
956 1611 1039 1702 quia
1070 1609 1227 1687 humana
1255 1622 1347 1691 ratio
1379 1624 1485 1695 etiam
1509 1630 1575 1703 scit
1623 1638 1681 1708 isti
1702 1635 1841 1714 homini
1864 1672 1942 1719 non
1963 1678 2036 1727 esse
2057 1676 2202 1753 natum,
2235 1672 2408 1761 significat
2428 1684 2596 1777 ingentem

581 1730 696 1779 unum
715 1730 789 1777 esse
803 1707 943 1795 Deum,
965 1725 999 1781 et
1018 1717 1119 1787 novit
1133 1717 1258 1807 legem.
1308 1722 1379 1794 Sed
1402 1722 1463 1798 hic
1483 1731 1574 1801 scia·
1622 1742 1800 1813 miseriam
1818 1770 1911 1836 esse,
1936 1761 2084 1832 consilia
2100 1767 2287 1843 etlabores
2301 1784 2504 1884 suscipere,
2530 1798 2597 1888 qui·

582 1832 682 1889 mus,
715 1812 935 1882 voluntatem
958 1811 1026 1884 Dei
1049 1820 1095 1886 de
1116 1822 1323 1893 remissione
1348 1844 1573 1916 peccatorum
1622 1844 1688 1913 bus
1702 1845 1755 1914 ira
1770 1845 1837 1920 Dei
1852 1853 2015 1930 irritetur
2033 1878 2066 1935 et
2087 1868 2199 1967 exitus
2217 1870 2325 1948 ludae
2346 1893 2503 1963 ostendit
2526 1892 2597 1971 hor-

582 1913 750 1981 donanda
782 1927 927 2005 propter
960 1919 1191 1991 mediatorem
1225 1925 1357 2014 lilium,
1415 1932 1573 2022 ignotam
1620 1947 1742 2017 rcudis
1758 1954 1912 2025 tenebris
1934 1974 1968 2030 et
1989 1963 2093 2035 furiis
2115 1976 2270 2065 opprimi
2292 1976 2454 2060 homiues
2479 1996 2597 2074 iniusta
2645 2078 2646 2083 ἵ

579 2012 689 2083 luisse
722 2008 900 2085 humanae
941 2019 1074 2090 rationi
1114 2039 1148 2093 et
1186 2030 1353 2100 omnibus
1391 2038 1573 2125 creaturis,
1620 2065 1790 2137 gerentes,
1840 2054 2145 2142 sicutludmfbp

584 2572 589 2579 .
681 2518 822 2596 Deinde
853 2527 960 2599 etism
990 2526 1048 2616 hi,
1079 2525 1152 2626 'qui
1184 2538 1377 2613 audierunt
1405 2540 1569 2638 Evange-
1619 2554 1897 2654 ludaesimile's,
1922 2575 2026 2645 utim

577 2624 689 2710 lium,
728 2627 920 2701 difficulter
942 2634 1186 2728 acquiescunt,
1224 2656 1392 2732 expetunt
1414 2649 1502 2721 alias
1524 2652 1569 2721 il·
1618 2682 1708 2731 rum.
1762 2662 1879 2753 Quam
1898 2677 2000 2747 multi

489 2767 493 2774 -
577 2727 1568 2843 luminationesautcontuitusclariorcs,quibusoptaut
1616 2764 1791 2853 praediti,
1814 2772 1876 2863 qui
1894 2786 2012 2849 tamen
2029 2807 2084 2855 res
2100 2802 2162 2859 aut
2182 2792 2346 2883 inutiles,
2380 2822 2441 2879 aut
2461 2825 2595 2887 tantum

579 2852 616 2901 se
631 2830 733 2900 reddi
749 2833 933 2920 certiores,
965 2840 1062 2920 unde
1076 2838 1347 2931 Enthusiastae‚
1379 2856 1568 2947 anabapti·
1617 2868 1832 2955 perniciosas
1845 2880 1966 2961 generi
1983 2877 2139 2961 humano
2155 2914 2347 2981 gesserunt.
2398 2907 2474 2983 Res
2492 2933 2596 3007 gestae

578 2904 741 3015 stae,'et
756 2935 862 3005 multi
881 2937 1025 3009 fanatici
1049 2944 1119 3013 orti
1141 2961 1245 3031 sunt,
1279 2964 1313 3022 et
1337 2956 1568 3049 experiuntur
1615 2966 1819 3041 Alcibiadis.
1830 2999 1953 3049 omnes
1969 2985 2015 3055 ab
2029 2987 2133 3062 initio
2146 3018 2260 3093 usque
2273 3006 2320 3074 ad
2342 3002 2448 3082 linem
2473 3042 2540 3091 noc
2566 3046 2596 3091 e·

577 3056 702 3102 omnes
718 3035 791 3126 pii,
808 3060 938 3127 magno
954 3044 1145 3114 certamine
1158 3050 1402 3139 reprimendos
1416 3072 1450 3129 et
1466 3063 1568 3133 coe'r-
1616 3084 1702 3142 runt
1715 3072 1801 3163 ipsi,
1825 3091 1861 3147 et
1877 3084 2022 3171 patriae.
2052 3088 2185 3189 ⁸Bruti,
2211 3098 2344 3190 Cassii,
2372 3110 2542 3209 Antonii,
2566 3138 2596 3195 et
2645 3134 2646 3157 ¹

576 3134 710 3205 crudos
732 3159 807 3207 esse
828 3155 994 3231 vagantes
1013 3147 1171 3232 animos,
1203 3165 1244 3223 ut
1262 3156 1307 3223 ad
1329 3151 1397 3226 hoc
1417 3163 1566 3233 verbum
1615 3170 1768 3243 aliorum
1786 3177 2100 3295 innumerabilium
2118 3198 2219 3287 belle,
2235 3208 2321 3299 quid
2337 3230 2420 3288 sunt
2436 3222 2509 3293 nisi
2524 3250 2595 3317 per·

574 3237 749 3357 tracsstum
769 3264 789 3309 a
806 3236 968 3329 Christo,
994 3261 1026 3317 et
1044 3272 1107 3340 per
1125 3252 1337 3343 Apostolos,
1362 3262 1565 3351 alligentur,
1615 3274 1740 3345 niciosi
1757 3272 1956 3369 tumulttis?
1988 3290 2092 3367 Nunc
2106 3324 2248 3397 quoque
2262 3334 2369 3404 quam
2391 3327 2499 3411 pauci
2522 3342 2595 3399 sunt

575 3351 611 3410 et
637 3362 679 3409 sn
701 3362 744 3412 eo
767 3346 1009 3438 acquiescant,
1040 3374 1081 3421 ae
1097 3364 1255 3440 statuant
1277 3384 1359 3429 vere
1382 3358 1475 3436 hane
1498 3366 1565 3439 Dei
1614 3378 1785 3449 salutares
1799 3386 1987 3480 principes.

573 3441 796 3514 volunlatem
812 3468 892 3534 erga
906 3472 973 3520 nos
985 3475 1079 3538 esse,
1103 3481 1208 3547 quam
1225 3457 1285 3530 hie
1300 3468 1477 3552 patefecit.
1524 3471 1565 3546 si
1715 3479 1864 3582 Haecin
1880 3485 2036 3568 historiis
2060 3513 2094 3572 et
2117 3505 2189 3576 vita
2211 3517 2419 3604 quotidiana
2442 3546 2595 3606 contem-

573 3566 673 3614 nunt
688 3546 733 3612 de
753 3546 853 3616 coelo
876 3549 944 3620 tibi
968 3553 1169 3628 mitteretur
1191 3564 1356 3651 angelus,
1390 3573 1565 3644 nuncians
1613 3580 1772 3672 plentur,
1798 3601 1837 3658 ut
1853 3594 1895 3660 de
1911 3617 1972 3664 sua
1987 3600 2138 3696 quisque
2155 3616 2356 3708 vocatione,
2383 3635 2488 3702 etde
2510 3640 2595 3712 exitu

574 3643 641 3713 tibi
656 3642 773 3718 Deum
787 3649 962 3739 placatum
981 3676 1074 3740 esse,
1107 3674 1141 3731 et
1163 3665 1380 3738 adderentur
1403 3673 1563 3746 testimo·
1613 3684 1751 3772 cogitet.
1809 3689 1971 3768 Primum
2005 3708 2146 3777 voestio
2171 3714 2306 3800 placeat
2336 3722 2431 3816 Deo,
2474 3738 2597 3812 deinde

573 3746 657 3832 ssia,
685 3749 853 3822 videlicet
874 3754 959 3824 solis
980 3779 1175 3845 regressus,
1216 3781 1257 3838 ut
1277 3766 1450 3845 Ezechiae
1471 3791 1564 3848 tem·
1612 3785 1750 3877 depone
1765 3789 1928 3864 fiduciam
1945 3801 2015 3894 tui,
2041 3820 2076 3876 et
2091 3811 2179 3882 scias
2192 3839 2264 3889 non
2280 3827 2354 3914 regi
2381 3857 2532 3924 magnas
2551 3869 2598 3914 res

571 3871 680 3938 pore,
707 3864 783 3921 tum
803 3877 887 3924 vero
903 3857 1107 3942 gavisurum
1124 3877 1175 3949 te,
1189 3879 1260 3936 tam
1277 3871 1407 3944 illustri
1425 3879 1562 3970 signifi·
1613 3881 1767 3958 humana
1782 3896 1974 3992 sapientia,
1996 3909 2055 3975 sed
2073 3907 2149 3982 Deo
2165 3938 2383 4000 monstrante
2400 3944 2554 4015 consilia
2569 3963 2596 4017 et

574 3951 713 4020 catione
735 3954 929 4028 voluntatis
949 3955 1017 4028 Dei
1040 3966 1235 4042 arbitraris.
1288 3975 1338 4046 At
1362 3981 1475 4050 maius
1499 3985 1562 4054 be·
1611 3993 1831 4080 occasiones,
1864 4012 1897 4068 et
1925 4006 2131 4084 adiuvante.
2188 4017 2373 4116 Proponas
2400 4037 2516 4127 igitur
2538 4051 2596 4120 tibi

572 4051 740 4122 aeficium
757 4069 828 4139 est,
852 4058 966 4130 filium
984 4087 1058 4132 esse
1074 4069 1242 4155 missum,
1274 4099 1314 4144 ac
1331 4079 1438 4151 fnisse
1465 4108 1561 4154 nun·-
1611 4091 1751 4162 divinas
1768 4101 2037 4196 promissiones,
2053 4129 2086 4184 et
2104 4134 2249 4212 propter
2263 4152 2320 4199 eas
2336 4134 2463 4212 invoca
2473 4144 2595 4238 Deum,

572 4151 667 4222 cium
690 4157 780 4226 tanti
803 4161 972 4238 muneris.
1030 4163 1149 4239 Huius
1170 4173 1235 4241 lilii
1258 4181 1365 4251 verbo
1389 4185 1466 4254 vult
1495 4211 1563 4257 nos
1611 4201 1979 4282 etpeteauxiliumin
2002 4219 2204 4306 vocatione,
2238 4253 2343 4322 quam
2368 4239 2443 4328 ipse
2468 4274 2597 4344 appro-

571 4255 735 4340 credere,
767 4283 834 4330 nec
861 4262 949 4332 alias
977 4266 1158 4351 doctrinas
1185 4291 1247 4352 aut
1279 4279 1560 4359 illuminationes
1611 4296 1688 4380 bat,
1730 4312 1764 4368 et
1795 4301 1923 4376 fiducia
1951 4322 2170 4402 praesentiae
2192 4324 2258 4398 Dei
2283 4341 2421 4432 suscipe
2445 4347 2596 4438 labores,

571 4377 750 4447 quaerere.
801 4357 1193 4444 Adhancsententiam
1215 4382 1494 4458 confirmandam
1519 4391 1558 4460 in
1610 4400 1858 4474 convenientes
1878 4421 2109 4490 tuomuneri.
2157 4424 2207 4498 lta
2224 4445 2257 4502 et
2273 4438 2352 4508 aliis
2369 4449 2595 4532 profuturum

568 4459 695 4544 nobis,
737 4460 873 4534 dictum
896 4460 965 4538 hoc
986 4474 1273 4552 meminerimus:
1308 4480 1445 4559 Omnia
1468 4515 1559 4583 quae
1608 4511 1774 4570 esttuum
1794 4507 2048 4604 ministerium,
2071 4535 2104 4592 et
2128 4538 2166 4598 tu
2188 4531 2263 4622 ipse
2285 4564 2358 4610 non
2379 4549 2523 4626 amittes
2548 4562 2596 4628 ri.

570 4560 849 4654 audiviapatre
870 4591 972 4656 meo,
997 4577 1142 4661 patefeci
1167 4585 1281 4658 vobis.
1333 4583 1498 4664 Affirmat
1522 4618 1559 4666 se
1609 4613 1681 4668 tam
1710 4619 1909 4695 aeternam,
1942 4623 2129 4693 sedetiam
2155 4641 2321 4720 praemiis
2348 4655 2538 4731 ornaberis
2563 4665 2595 4732 ῐῃ

535 4662 734 4734 ¹attulisse
758 4667 975 4756 doctrinam,
1006 4675 1169 4752 videlicel
1198 4687 1241 4754 de
1268 4693 1558 4766 reconciliatione
1609 4697 1772 4780 hacvita
1808 4725 1842 4781 ct
1872 4733 1948 4804 post
1974 4717 2065 4794 hanc
2087 4729 2207 4805 vitam.
2266 4739 2363 4818 Haec
2385 4768 2436 4824 est
2460 4750 2546 4834 ver'a
2567 4779 2597 4836 et

567 4761 726 4849 ignotam
749 4771 917 4842 omnibus
943 4782 1130 4868 creaturis,
1164 4787 1337 4875 prolatam
1360 4816 1399 4864 es
1427 4819 1558 4868 arcano
1606 4803 1706 4874 firma
1723 4815 1939 4903 consolatio,
1963 4845 2070 4919 (pram
2087 4843 2120 4900 et
2144 4830 2201 4905 hic
2217 4838 2380 4921 Christus
2404 4857 2596 4954 aliquoties

459 4847 466 4854 ’
567 4863 651 4934 sinu
665 4867 788 4964 patris.
837 4870 940 4944 Hanc
957 4881 1033 4950 vult
1051 4906 1119 4952 nos
1133 4888 1318 4976 amplecti,
1344 4893 1383 4962 iu
1398 4890 1465 4968 hac
1481 4902 1558 4972 vult
1607 4904 1780 4997 inculcat,
1806 4929 1839 4986 et
1854 4941 1955 5010 saepe
1971 4943 2133 5015 repetunt
2149 4945 2336 5020 conciones
2359 4957 2522 5047 divinae,
2558 4985 2595 5042 ut

566 4985 634 5034 nos
655 4971 895 5062 acquiescere,
928 5002 993 5048 nee
1013 4982 1100 5052 alias
1124 4989 1335 5082 opiniones,
1364 4997 1456 5068 alios
1479 5004 1559 5072 cul·
1606 5016 1815 5098 supradixi.
1864 5015 1911 5089 Et
1926 5021 2057 5100 Paulus
2073 5035 2215 5116 clamat:
2241 5047 2362 5124 Labor
2380 5079 2496 5136 vester
2519 5097 2593 5143 „011

564 5079 642 5160 tus,
666 5072 753 5143 alias
768 5077 1001 5151 revelationes
1018 5100 1189 5175 expetere.
1606 5125 1658 5180 est
1674 5113 1797 5186 irritus
1814 5143 1877 5210 per
1891 5119 2102 5208 Dominum.

2030 2580 2080 2669 pii
2102 2584 2446 2690 doctores'omnium
2469 2621 2595 2703 tempo-

2015 2682 2160 2757 fueruut
2178 2694 2428 2776 excellentibus
2448 2709 2596 2801 ingeniis

656 5230 870 5329 Pamisos,
896 5255 937 5319 ul
952 5249 1069 5341 eatis,
1094 5263 1128 5324 el
1133 5256 1301 5356 fructum
1308 5265 1465 5364 seratis.

663 5372 779 5452 Addit
794 5385 1090 5459 consolationem:
1118 5392 1157 5464 Si
1174 5392 1266 5470 banc
1283 5427 1397 5476 meam
1419 5412 1556 5482 doctri·
1930 5503 1934 5509 ,

563 5499 648 5546 nam
678 5481 897 5568 retinebitis,
930 5488 1082 5560 lnrctum
1112 5497 1242 5575 feretis.
1298 5503 1473 5581 Miserum
1501 5529 1551 5584 est
1602 5520 1835 5593 adversantur
1861 5532 1965 5603 nobis

562 5601 709 5668 magnos
722 5582 863 5654 labores
876 5588 1073 5674 sustinere,-
1095 5600 1158 5688 qui
1174 5625 1241 5673 nec
1259 5605 1323 5676 tibi
1333 5660 1345 5692 ,
1378 5635 1445 5683 nec
1470 5613 1550 5684 aliis
1600 5618 1874 5715 impedimenta,
1913 5635 1974 5706 ino

559 5682 719 5768 prosint,
750 5697 791 5754 ut
806 5688 902 5775 apud
921 5689 1054 5762 inferos
1074 5696 1250 5794 Sisyphus
1273 5731 1395 5781 saxum
1421 5717 1551 5785 sdver—
1598 5743 1737 5792 morum
1753 5733 2021 5823 suppliciorum.

558 5800 618 5850 sus
646 5797 804 5856 montem
825 5811 929 5882 agere
949 5794 1090 5874 dicitur.
1149 5802 1270 5878 Multo
1295 5833 1379 5884 vero
1411 5817 1549 5890 tristius
1597 5827 1870 5913 promissionem
1884 5835 2019 5917 Christi
2035 5861 2070 5951 to
