5825 6950
326 654 406 733 449
642 653 745 734 xttt
797 648 1221 732 catwallonus
1247 650 2036 743 tnnttsr.t>auutantt0ttatt08.
2276 666 2354 745 450
2467 598 2470 609 Ι

323 845 428 903 mans
448 828 646 923 proximam
664 829 878 905 sententiam
909 828 1047 926 inquit,
1081 826 1204 903 ludaei
1225 824 1320 902 nibil
1367 828 1523 902 undant
1552 842 1700 903 naturae
1726 828 1864 906 viribus
1894 847 1930 908 et
1961 840 2129 930 operibus
2160 840 2354 916 iustificari.

326 945 509 1027 praesunt
530 931 707 1023 gentibus.
1367 930 1438 1003 Sed
1462 928 1595 1003 Paulus
1619 928 1714 1004 hauc
1730 934 1945 1007 calumniam
1967 942 2115 1029 refutat,
2147 970 2186 1017 ac
2206 970 2252 1016 ue
2273 946 2354 1041 quis

430 1033 505 1106 Sed
526 1034 765 1125 intelligemus
781 1030 847 1107 bas
859 1033 1055 1106 sententias
1068 1058 1144 1105 nou
1160 1058 1318 1129 pugnare
1365 1030 1610 1129 synecdochen
1627 1035 1846 1108 comminisci
1869 1057 2002 1132 posset,
2039 1048 2278 1139 exceptionem
2296 1049 2354 1119 di-

326 1137 424 1208 inter
444 1160 500 1220 se,
540 1137 572 1207 si
598 1137 939 1208 consideraverimus
960 1134 1024 1207 ubi
1054 1152 1233 1230 praestent
1257 1139 1317 1209 lu·
1366 1148 1458 1207 secte
1474 1137 1658 1228 repudiat,
1683 1152 1716 1208 et
1734 1137 1832 1208 illam
1850 1136 2036 1217 hominum
2053 1164 2187 1238 partem
2212 1166 2353 1223 revocat

324 1238 426 1324 daei,
449 1237 517 1309 ubi
532 1262 606 1310 non
620 1252 808 1331 praestent.
839 1236 1039 1324 Excellent,
1057 1238 1194 1334 inquit,
1219 1243 1325 1335 quod
1365 1240 1407 1306 ad
1426 1237 1661 1310 universalem
1684 1241 1981 1332 propositionem:
2019 1245 2157 1323 Omnes
2177 1264 2261 1324 sunt
2283 1256 2351 1323 sub

324 1344 370 1413 acl
388 1341 647 1441 promissiones
661 1342 800 1416 attinet.
851 1338 945 1411 Num
965 1352 1018 1410 est
1031 1341 1169 1435 aliquid
1186 1338 1317 1413 habere
1365 1352 1517 1430 peccato.
1567 1338 1614 1411 Et
1630 1366 1701 1436 quo
1717 1342 1847 1415 clarior
1864 1361 1952 1419 esset
1974 1373 2048 1437 res,
2081 1376 2154 1422 non
2172 1356 2217 1423 de
2229 1377 2352 1447 perso-

325 1444 499 1529 rerbum,
521 1466 564 1513 ae
578 1442 833 1535 promissiones
852 1444 898 1513 ad
913 1463 972 1512 ens
986 1443 1178 1534 pertinere.
1228 1443 1315 1519 an-
1365 1442 1420 1511 uis
1435 1440 1617 1535 loquitur,
1642 1444 1703 1514 sed
1728 1446 1771 1516 de
1797 1469 1854 1534 re,
1879 1472 1969 1542 quae
1994 1456 2233 1546 exceptionem
2250 1457 2350 1528 vide-

332 1558 443 1616 terum
470 1538 567 1615 nibil
592 1546 767 1616 excellunt
790 1541 930 1629 Iudaei,
963 1547 1059 1638 quod
1079 1549 1124 1616 ad
1149 1546 1314 1619 meritum
1365 1556 1425 1615 tur
1452 1566 1588 1635 parere.
1655 1542 1709 1616 Ex
1733 1547 1899 1639 operibus
1923 1550 2028 1641 legis,
2063 1555 2199 1651 iuquit,
2243 1582 2351 1631 nemo

337 1649 465 1722 attinet.
534 1644 619 1717 Non
645 1648 742 1719 enirn
773 1646 983 1720 iustificetur
1012 1669 1077 1717 suo
1099 1648 1217 1737 cultu,
1254 1661 1316 1721 ant
1363 1646 1583 1719 instilieatuc.
1651 1646 1734 1719 Non
1766 1664 1903 1740 poterat
1939 1655 2049 1744 magis
2078 1660 2220 1753 proprie
2250 1660 2351 1755 loqui

337 1748 498 1841 operibns
531 1746 631 1839 hoa.
698 1747 867 1822 Nondum
901 1760 1019 1821 tamen
1050 1750 1134 1823 satis
1165 1751 1315 1844 explieat
1363 1747 1569 1840 Apostolus.
1620 1746 1665 1821 Et
1682 1750 1719 1818 in
1735 1763 1831 1822 tanta
1848 1756 2062 1846 proprietate
2076 1762 2269 1849 sermonis,
2294 1780 2350 1835 ta-

336 1844 419 1921 banc
435 1852 702 1943 quaestionem,
727 1850 880 1922 curiata
903 1851 1037 1937 sitlex,
1068 1864 1208 1925 tautum
1234 1854 1314 1924 obi·
1362 1874 1445 1919 men
1461 1862 1636 1944 quaerunt
1653 1851 1711 1921 isti
1726 1854 1822 1945 quod
1844 1858 2066 1934 cavillentur.
2118 1859 2197 1933 Hoc
2221 1864 2351 1957 ipsum,
2426 1868 2428 1873 '

330 1968 381 2025 ter
398 1966 433 2024 et
451 1952 490 2021 in
506 1966 712 2025 transcursu
733 1953 894 2045 attingit,
918 1965 953 2024 et
976 1952 1150 2043 significat
1166 1953 1316 2027 ludaeos
1362 1952 1500 2047 inquit,
1525 1953 1620 2047 quod
1638 1952 1769 2045 excipis
1786 1978 1848 2046 ego
1873 1960 2106 2050 complector,
2131 1987 2195 2055 ego
2210 1989 2350 2051 accuso,

325 2053 530 2145 agentibus
546 2068 724 2148 separatos
739 2078 833 2137 esse,
865 2078 940 2125 nou
961 2069 1003 2127 ut
1025 2055 1092 2127 isto
1117 2059 1217 2130 cultu
1239 2083 1314 2129 me·
1363 2076 1427 2145 ego
1444 2055 1590 2129 damno.
1642 2051 1764 2148 ltaque
1786 2071 1907 2129 contra
1924 2058 2025 2135 Pauli
2047 2066 2258 2137 sententiam
2279 2062 2349 2139 bne

325 2168 491 2227 retentus
505 2154 704 2244 iusticiam,
728 2157 886 2253 sedquia
901 2156 1057 2249 oportuit
1074 2158 1222 2231 existere
1236 2184 1313 2231 cer·
1361 2156 1441 2227 loco
1479 2152 1727 2250 synecdochen
1763 2160 1981 2249 confingunt
2047 2162 2117 2237 Sed
2141 2192 2240 2239 error
2264 2170 2349 2239 inite

324 2273 399 2331 tum
419 2258 579 2353 aliquem
605 2260 799 2351 populum,
838 2257 879 2332 in
904 2281 977 2354 quo
997 2260 1250 2350 promissiones
1270 2264 1315 2333 cle
1361 2258 1496 2343 oritur,
1521 2260 1617 2353 quod
1638 2258 1818 2332 somniant
1840 2262 1879 2330 in
1894 2262 2095 2357 Pomponio
2111 2266 2232 2341 Attico
2248 2284 2283 2340 et
2299 2271 2349 2341 si-

326 2356 468 2433 christo
483 2360 747 2449 revelarentur,
771 2361 811 2433 in
827 2384 900 2458 quo
914 2360 1120 2433 testimonia
1143 2365 1188 2434 de
1204 2364 1314 2435 serbo
1362 2360 1508 2430 milibus
1523 2384 1596 2429 non
1614 2382 1687 2430 esse
1700 2374 1895 2452 peccatum.
1945 2362 2182 2441 Etiusticiam
2196 2369 2263 2443 Dei
2284 2400 2348 2443 vo-

330 2462 399 2533 Dei
415 2462 607 2534 manifesta
631 2475 666 2534 et
688 2477 782 2536 certa
803 2475 981 2548 extarent,
1004 2461 1097 2533 inira
1118 2461 1203 2556 Cap.
1221 2459 1258 2541 5.
1280 2480 1315 2538 et
1361 2474 1442 2532 cant
1466 2474 1605 2534 tantum
1629 2462 1749 2533 civiles
1773 2486 1905 2552 mores,
1939 2492 2014 2540 non
2036 2472 2141 2542 ctiam
2163 2474 2352 2568 requirunt

335 2562 412 2656 Cap.
427 2562 463 2634 7.
497 2563 604 2636 latius
626 2578 804 2661 exponet,
835 2566 934 2661 quod
963 2564 1022 2638 lex
1049 2590 1127 2637 non
1154 2568 1200 2641 sit
1231 2568 1316 2655 lata,
1362 2562 1533 2636 noticiam
1546 2562 1624 2646 Dei,
1648 2565 1753 2635 fidem
1767 2588 1829 2638 seu
1845 2568 2010 2641 fiduciam
2023 2594 2104 2664 erga
2114 2570 2242 2661 Deum,
2268 2577 2349 2648 bre-

330 2664 555 2740 utiustifieet.
1362 2666 1454 2738 viter
1483 2667 1650 2759 operibus
1683 2670 1857 2739 secundae
1889 2670 2032 2742 tabulae
2063 2677 2222 2748 contenti
2252 2694 2348 2764 sunt,

420 2762 558 2840 Obiter
572 2767 679 2841 etiam
698 2764 921 2864 quaestiones
944 2766 1034 2841 aliae
1057 2770 1232 2865 quaedam
1254 2769 1313 2842 in·
1360 2767 1497 2861 primae
1513 2768 1654 2840 tabulae
1669 2764 1791 2851 οὐδεὶς
1807 2760 1925 2871 λόγος.
1976 2768 2058 2845 Non
2083 2778 2242 2851 sentiunt
2268 2805 2349 2871 pec-

322 2882 507 2945 seruntnr.
558 2866 599 2943 st
619 2871 870 2964 promissiones
892 2870 1073 2965 pertinent
1088 2874 1134 2943 ad
1149 2873 1312 2955 ludaeos,
1360 2883 1438 2941 cata
1465 2893 1538 2942 esse
1562 2867 1758 2957 loduico,
1785 2873 2044 2961 ignorationem
2066 2878 2157 2964 Dei,
2189 2876 2349 2955 diffidere

320 2997 382 3045 cur
404 2986 484 3045 tarn
505 2971 608 3065 pauci
635 2969 887 3046 crediderunt?
936 2970 1040 3044 Hanc
1068 2976 1310 3070 quaestionem
1359 2968 1457 3057 Deo,
1492 2994 1617 3043 vacare
1650 2985 1747 3044 metu
1770 2970 1859 3061 Dei,
1892 2976 2069 3049 confidere
2093 2984 2236 3073 propria
2261 3008 2349 3074 pru-

318 3076 413 3146 inlra
432 3072 474 3143 in
491 3097 565 3165 cap.
583 3072 619 3147 9.
643 3074 784 3170 repetit.
828 3072 941 3148 Naue
967 3074 1065 3149 velut
1089 3078 1313 3171 intempesti·
1359 3073 1480 3146 dentis
1503 3088 1567 3146 etc.

316 3202 399 3249 vam
419 3174 558 3248 omittit
579 3200 619 3247 ac
642 3189 810 3271 properat
829 3177 874 3249 ad
891 3175 1124 3270 principalem
1145 3178 1311 3272 proposi·
1460 3174 1608 3248 Accedit
1636 3174 1844 3249 brevissima
1877 3180 2061 3271 occupatio
2084 3182 2130 3253 de
2156 3208 2224 3256 usu
2250 3186 2348 3277 legis.

314 3278 477 3368 tionem,
506 3300 553 3347 ne
581 3278 743 3351 videatur
771 3276 905 3351 oblitus
935 3276 1091 3352 instituti
1121 3279 1189 3351 sui.
1257 3276 1312 3351 Ae
1358 3276 1504 3349 Necesse
1519 3291 1571 3349 est
1587 3280 1684 3347 enim
1698 3278 1823 3351 lectori
1840 3303 1913 3351 non
1930 3283 2037 3355 stulto
2054 3284 2093 3353 in
2114 3302 2268 3359 mentem
2286 3314 2349 3358 ve-

314 3404 403 3452 sane
419 3380 613 3476 prudentia
628 3392 680 3451 est
696 3380 817 3452 videre
831 3382 1013 3478 quoumdo
1027 3382 1207 3482 paulisper
1227 3406 1311 3455 esa·
1357 3381 1436 3450 nire
1456 3375 1551 3450 banc
1565 3379 1822 3474 quaestionem.
1876 3380 1984 3474 Quod
2002 3386 2031 3455 si
2048 3385 2135 3478 legis
2148 3412 2254 3481 opera
2272 3400 2347 3461 uon'

313 3499 419 3576 patus
433 3483 556 3555 redeat
571 3483 617 3556 ad
629 3482 865 3578 propositum.
1357 3483 1561 3570 iustificant,
1584 3506 1649 3554 cur
1662 3481 1771 3575 igitur
1783 3485 1855 3557 lata
1868 3500 1920 3557 est
1934 3486 2014 3557 lex?
2039 3489 2180 3561 videtur
2194 3506 2349 3564 extreme

422 3583 497 3656 Hic
521 3608 605 3676 ergo
624 3585 777 3658 recurrit
795 3585 842 3657 ad
857 3584 1017 3655 membra
1033 3584 1310 3674 distributionis,
1356 3585 1572 3671 absurdum,
1597 3585 1710 3675 legem
1726 3585 1836 3673 lerre,
1863 3587 1894 3657 si
1908 3588 1994 3680 legis
2008 3614 2114 3683 opera
2132 3617 2204 3662 uon
2221 3593 2349 3668 iustili-

313 3699 409 3761 etut
424 3687 467 3758 in
479 3685 631 3779 Epilogo
647 3711 710 3759 seu
725 3685 953 3760 conclusione
976 3686 1051 3758 lieri
1073 3689 1199 3776 debet,
1223 3712 1311 3760 ron·
1356 3701 1450 3764 cant.
1500 3685 1632 3758 Paulus
1654 3688 1844 3778 respondet
1867 3703 1901 3762 et
1926 3714 2056 3762 novam
2085 3717 2125 3764 ac
2148 3693 2347 3766 inauditam

313 3789 438 3879 iungit
475 3804 669 3884 utrumque
696 3790 923 3862 membrum:
967 3785 1107 3860 Omnes
1146 3786 1309 3862 homines
1355 3791 1493 3861 mundo
1521 3788 1733 3861 senteutiam
1757 3787 1871 3883 ponit.
1926 3789 2001 3864 Lex
2024 3792 2094 3865 lata
2118 3810 2191 3882 est,
2220 3810 2262 3870 nt
2284 3820 2347 3887 pcc

312 3903 396 3964 tum
413 3891 555 3977 ludaei,
581 3905 657 3964 tuns
676 3904 797 3983 gentes
809 3905 893 3963 sunt
906 3891 973 3963 sub
990 3905 1132 3982 peccato
1139 3941 1150 3976 ,
1183 3892 1221 3962 id
1245 3906 1308 3980 est,
1354 3915 1432 3963 eam
1451 3903 1685 3990 cognoscatur
1707 3905 1907 3983 peccatum,
1947 3906 1988 3964 ut
2009 3910 2132 3986 arguat
2154 3911 2348 3989 peccatum,

311 4005 404 4064 sunt
428 3992 482 4062 rei
506 3992 630 4064 mortis
655 4006 837 4078 aeternae,
861 3985 997 4064 habent
1018 4018 1099 4064 vere
1116 4005 1309 4086 peceatum,
1355 4017 1429 4064 non
1449 4008 1489 4066 ut
1510 3991 1661 4064 aboleat.
1721 3988 1834 4065 Porro
1864 4015 2072 4080 cognoscere
2096 4013 2274 4089 peccatum
2297 4015 2349 4072 est

310 4105 539 4166 contemtum
563 4091 653 4180 Dei,
677 4107 713 4167 et
736 4095 1069 4186 concupiscentiam.
1128 4093 1203 4166 Nee
1225 4117 1309 4187 pos-
1355 4119 1436 4166 vere
1448 4092 1575 4166 terreri
1591 4108 1780 4187 conspectu
1796 4097 1939 4188 peccati.
1982 4094 2151 4170 Nondum
2169 4101 2264 4171 euim
2281 4127 2348 4173 no·

307 4217 484 4267 sumusa
508 4208 670 4288 peccato,
694 4210 757 4269 ant
778 4210 921 4268 aeterna
943 4211 1058 4266 morte
1076 4196 1223 4268 liberari
1240 4221 1307 4267 no·
1345 4191 1440 4268 'runt
1468 4209 1668 4289 peccatum,
1710 4196 1772 4290 qui
1801 4220 1876 4268 nou
1904 4215 2157 4290 expavescunt:
2185 4205 2347 4274 nondum

308 4296 402 4370 stris
426 4289 615 4391 operibus,
653 4311 715 4369 ant
736 4299 826 4389 lege.
895 4296 1010 4369 addit
1040 4299 1243 4370 testimonia
1266 4320 1308 4368 ex
1355 4299 1563 4391 enimapud
1591 4321 1729 4368 severe
1753 4299 1930 4384 sentiunt,
1963 4303 2059 4395 quod
2079 4299 2176 4373 Deus
2192 4303 2348 4376 offensus

314 4397 472 4470 Psalmo
487 4412 524 4470 et
536 4399 694 4471 aliunde.
735 4393 784 4472 Et
804 4399 928 4472 inbuc
943 4399 1307 4494 estadditaproposi-
1354 4401 1536 4474 irascatur.
1587 4395 1637 4470 At
1653 4412 1833 4497 peccatum
1851 4415 1913 4488 est,
1937 4404 2034 4495 quod
2051 4403 2200 4476 offendit
2216 4403 2346 4489 Deum,

309 4499 431 4572 tionis
445 4500 690 4594 interpretatio
705 4503 900 4596 quaedam,
923 4514 964 4574 ut
976 4501 1218 4594 intelligamus
1233 4524 1306 4572 non
1354 4516 1389 4574 et
1402 4501 1461 4572 cui
1475 4497 1573 4572 Deus
1584 4513 1776 4577 succenset.
1826 4500 1898 4575 Sed
1915 4503 1959 4574 de
1976 4527 2041 4576 usu
2064 4504 2153 4595 legis
2177 4505 2269 4578 inira
2285 4532 2346 4577 eo-

313 4615 463 4676 tanturn
483 4617 603 4695 aperte
614 4602 810 4695 flagitiosos
824 4603 1001 4690 accusari,
1026 4604 1208 4676 sedetiam
1225 4603 1308 4674 illos
1355 4605 1453 4697 piose
1472 4602 1615 4675 docebit
1629 4602 1809 4674 lectorem.

313 4703 438 4796 ipsos,
463 4705 529 4800 qui
543 4704 650 4776 bonis
662 4705 832 4798 operibus
851 4718 1027 4778 conantur
1051 4705 1180 4777 mereri
1204 4706 1308 4777 iusti·
1699 4703 1703 4712 '
1812 4767 1819 4786 ,
1964 4768 1974 4787 ,

313 4803 535 4883 ficationem.
584 4804 672 4878 iden
692 4805 828 4902 inquit:
858 4801 914 4877 Ex
935 4807 1104 4900 operibus
1124 4806 1210 4898 legis
1232 4830 1307 4877 non
1594 4765 1728 4842 *ΜΨ
1749 4777 1862 4845 ¹⁰⁰⁸*
1889 4765 2102 4867 Epmdm·

308 4905 533 4980 iustificetur
551 4908 670 4982 omnis
684 4931 778 4984 caro.
831 4901 1164 4982 Hanesententiam
1178 4909 1217 4980 in
1231 4909 1308 5002 pri-
1455 4901 1562 4976 Nunc
1584 4903 1727 4973 demum
1756 4903 1919 4995 pervenit
1939 4903 1985 4976 acl
2008 4905 2239 4999 principalem
2259 4934 2344 5004 pro-

308 5007 388 5080 mis
404 5022 549 5102 oportet
565 5009 790 5096 meminisse,
812 5009 897 5106 qnia
911 5011 1082 5084 nonnulli
1094 5009 1191 5083 bnuc
1202 5007 1308 5083 Pauli
1355 5005 1581 5100 positionem,
1606 5028 1698 5099 quae
1715 5017 1769 5076 est
1784 4999 1893 5077 buius
1907 5003 2206 5099 totiusllipistolae
2222 5027 2342 5085 status.

304 5112 440 5184 heum
461 5111 616 5184 civiliter
636 5111 866 5206 interpretari
894 5126 1091 5201 conantur,
1121 5127 1157 5186 et
1182 5113 1307 5204 dispu-
1356 5106 1405 5182 Ut
1438 5121 1558 5180 autem
1583 5101 1796 5180 architectus
1824 5119 1934 5179 totam
1957 5109 2107 5180 aedilicii
2131 5111 2281 5184 sormam
2304 5115 2343 5184 in

304 5227 395 5286 tant
409 5211 563 5286 Paulum
581 5235 658 5286 non
673 5209 743 5287 boc
761 5214 873 5302 selle,
895 5216 994 5308 quod
1007 5235 1132 5286 omnes
1144 5207 1309 5286 bemines
1355 5212 1478 5282 animo
1492 5209 1664 5280 inclusam
1687 5204 1814 5289 babet,
1847 5223 1882 5282 et
1902 5208 1999 5282 sidet
2019 5214 2200 5305 quomodo
2216 5237 2341 5288 omnes

313 5329 449 5388 natam
479 5315 550 5390 sint
582 5318 651 5388 sub
681 5330 844 5410 peccato,
876 5319 939 5388 sed
972 5329 1112 5389 notum
1145 5337 1308 5387 accusem
1355 5313 1451 5384 inter
1472 5335 1509 5382 se
1528 5323 1646 5403 partes
1667 5309 1901 5384 consentiant.
1961 5309 2015 5384 lta
2037 5333 2105 5384 nos
2122 5313 2161 5384 in
2183 5313 2343 5404 legendis

318 5413 419 5503 illos,
441 5439 596 5512 quorum
622 5440 740 5490 mores
763 5430 886 5511 aperte
904 5418 991 5489 mali
1013 5431 1109 5492 sunt.
1159 5411 1308 5513 Ecquis
1354 5414 1521 5506 gravibus
1534 5411 1855 5512 disputationibus,
1880 5413 2041 5484 omnium
2057 5413 2344 5508 propositionum

319 5539 447 5610 snam
472 5513 679 5592 bniunnodi
706 5519 899 5594 multitudo
920 5534 990 5610 est,
1020 5521 1123 5592 aiunt
1144 5542 1226 5592 eum
1249 5542 1309 5614 sy·
1354 5529 1461 5611 atque
1482 5525 1771 5605 argumentorum
1795 5515 1921 5588 seriem
1946 5528 2087 5607 oportet
2105 5518 2226 5590 animo
2241 5543 2341 5592 eom-

321 5615 500 5693 necdoebe
513 5621 587 5710 nti,
608 5635 647 5696 et
660 5644 784 5693 omnes
796 5643 960 5712 arguere,
984 5645 1066 5693 curn
1078 5622 1223 5694 interim
1239 5621 1308 5692 sli-
1354 5618 1473 5711 plecti.
1511 5613 1555 5688 ln
1570 5615 1695 5710 primis
1710 5627 1828 5688 autem
1841 5617 2043 5688 meminisse
2056 5631 2184 5692 statum
2200 5641 2341 5706 necesse

323 5722 382 5814 qni
398 5720 488 5794 boni
502 5722 594 5811 sint,
623 5745 778 5820 quorum
798 5745 916 5795 mores
937 5745 1012 5794 non
1030 5723 1168 5816 possint
1187 5746 1308 5814 repre·
1355 5733 1417 5806 est,
1437 5719 1501 5814 qui
1518 5717 1678 5792 continet
1691 5718 1824 5809 negotii
1838 5739 2025 5805 summam,
2040 5717 2086 5790 ad
2100 5740 2205 5816 quem
2218 5722 2340 5794 omnia

323 5812 452 5916 bendi,
476 5818 925 5918 ntl’omponiosAttieus,
951 5821 1126 5898 Aristides
1141 5821 1207 5897 bos
1220 5847 1309 5898 con-
1355 5833 1560 5916 argumeuta
1569 5820 1795 5996 ιιέοᾳυιωιᾶ
1803 5819 2134 5914 capntrelernntnr.
2157 5817 2340 5920 thuem·

370 5929 554 6002 Μιωτι.
582 5931 687 6000 Orsa.
714 5929 798 5998 Vsa.
817 5929 897 6003 XV.
935 5997 942 6012 ,
