5825 6950
557 685 633 766 tte

474 872 480 878 ’
559 881 647 933 mon
670 851 791 950 inquit
809 850 848 923 in
862 847 1074 922 Ecclesiaste
1094 847 1208 939 capite
1231 858 1373 920 octavo:
1398 842 1472 936 Qui
1487 865 1549 916 eu·

440 1039 442 1045 ,
561 962 672 1035 stodit
688 968 933 1052 praeceptum,
957 975 1033 1021 non
1047 951 1222 1022 afficietur
1235 948 1376 1041 poenis,
1403 950 1466 1022 sed
1481 947 1552 1018 im·

562 1064 625 1160 pio
641 1085 714 1133 non
732 1059 798 1130 erit
812 1055 985 1128 auxilium
1002 1054 1040 1125 in
1058 1053 1117 1124 die
1130 1051 1274 1137 mortis,
1299 1051 1445 1121 necarit
1460 1050 1552 1120 libe-

562 1166 655 1240 ratio
668 1166 706 1234 in
724 1161 837 1244 bello,
861 1181 928 1228 nec
942 1157 1072 1227 evasio.
1122 1149 1339 1247 Blasphetni,
1364 1149 1552 1224 utRabsa-

562 1293 639 1356 ces,
666 1265 791 1348 ludas,
815 1258 944 1346 Arius;
977 1258 1132 1350 periuri,
1157 1269 1198 1328 ut
1226 1254 1375 1342 Metius3
1400 1251 1552 1326 homici-

564 1373 650 1456 dae,
675 1365 841 1449 utCaiu‚
867 1377 902 1433 et
918 1360 1081 1456 tyranni,
1106 1360 1147 1430 ut
1160 1355 1382 1443 Alexander,
1405 1355 1553 1446 Caligu-

563 1472 619 1558 la,
650 1470 766 1555 Nero;
796 1464 969 1549 adulteri,
1001 1474 1042 1533 ut
1076 1459 1197 1546 Paris,
1229 1459 1385 1549 Tereus,
1419 1473 1454 1531 et
1491 1458 1553 1529 alii

565 1569 846 1644 innumerabiles
868 1566 1086 1658 puniuntur,
1110 1578 1152 1635 ut
1174 1564 1338 1634 desinant
1355 1563 1493 1643 furere,
1520 1573 1555 1631 et

565 1675 766 1764 exemplum
793 1691 989 1763 poenarum
1018 1669 1171 1737 deterret
1199 1666 1300 1736 alios.
1350 1662 1449 1734 Haec
1471 1663 1555 1734 satis

567 1791 620 1847 est
634 1774 815 1846 monuisse
829 1776 874 1840 de
890 1766 957 1848 hoc
971 1769 1069 1840 loco:
1096 1767 1150 1839 Ne
1163 1767 1330 1858 deinceps
1345 1790 1484 1858 pecces,
1509 1789 1554 1836 ne

561 1879 653 1974 quid
671 1877 823 1947 deterius
839 1873 903 1945 tibi
922 1872 1065 1941 accidat.
1107 1869 1211 1943 Hanc
1227 1871 1437 1941 concionem
1450 1870 1556 1942 nobis

566 1981 734 2052 omnibus
754 1974 908 2069 proponi
929 1975 1098 2054 sciamus,
1123 1987 1157 2044 et
1172 1973 1330 2062 exempla
1347 1967 1454 2042 buius
1470 1995 1555 2042 con-

566 2084 682 2154 cionis
702 2104 776 2152 esse
798 2077 989 2148 maximam
1009 2089 1145 2172 partem
1167 2075 1405 2145 calamitatum
1428 2071 1556 2144 huma·

565 2209 716 2276 narum,
748 2205 841 2276 quae
861 2202 928 2249 nos
948 2181 992 2249 de
1014 2178 1066 2248 ira
1088 2179 1159 2250 Dei
1179 2179 1411 2257 admoneant,
1437 2179 1557 2246 deter—

566 2300 668 2358 reant
690 2310 712 2357 a
734 2282 975 2368 contumacia,
1006 2292 1042 2353 et
1063 2276 1252 2351 hortentur
1270 2303 1337 2350 nos
1358 2281 1403 2349 ad
1429 2278 1556 2378 poeui-

565 2391 725 2464 tcutiam.
841 2405 844 2410 ·

725 2551 840 2628 Pater
857 2575 958 2624 meus
980 2546 1053 2624 huc
1073 2574 1187 2653 usque
1210 2560 1395 2652 operatur.

669 2691 768 2764 llaec
795 2704 847 2760 est
873 2687 1052 2773 defensio,
1084 2682 1377 2780 quemchristus
1406 2685 1556 2778 opponit

566 2797 711 2870 crimini
733 2796 779 2864 de
800 2791 930 2863 violata
950 2791 1026 2880 lege
1048 2790 1198 2863 sabbati.
1248 2788 1382 2882 Estque
1404 2792 1557 2859 secunda

566 2901 660 2974 ratio
681 2923 723 2968 ex
740 2894 814 2980 his,
840 2916 927 2987 quas
941 2916 1046 2983 supra
1061 2891 1240 2969 recensui,
1263 2895 1324 2962 sed
1339 2891 1452 2963 multo
1468 2894 1557 2962 ube·

566 3004 652 3075 rior.
703 2999 794 3070 Nam
808 2992 973 3067 Christus
994 3008 1064 3064 trcs
1085 2993 1277 3064 sententias
1301 2994 1558 3085 complectitur,

566 3128 719 3200 quarum
742 3123 815 3197 una
835 3111 905 3178 est,
932 3092 1025 3166 banc
1043 3096 1283 3180 sanationem,
1308 3098 1353 3165 de
1378 3119 1447 3189 qua
1471 3109 1557 3167 tunc

567 3207 823 3286 disserebatur,
853 3223 943 3291 opus
967 3199 1037 3270 Dei
1061 3220 1144 3272 esse.
1195 3195 1378 3281 secunda,
1410 3220 1447 3266 se
1475 3223 1555 3267 cum

565 3324 710 3382 aeterno
737 3316 836 3397 patre
862 3304 983 3372 eadem
1006 3324 1113 3391 opera
1139 3300 1224 3370 inde
1246 3322 1357 3393 usque
1381 3298 1426 3368 ab
1451 3299 1555 3371 initio

565 3413 707 3497 fecisse,
733 3419 768 3478 et
783 3428 879 3476 nunc
894 3403 1020 3475 facere.
1073 3401 1214 3486 Tertia,
1237 3414 1373 3494 patrem
1390 3425 1464 3470 non
1483 3425 1556 3470 esse

566 3515 741 3595 otiosum,
770 3522 832 3578 aut
854 3507 997 3577 desiisse
1019 3527 1140 3595 agere,
1163 3516 1350 3597 postquam
1370 3504 1557 3576 fabricavit

565 3629 784 3694 creaturam,
808 3610 900 3679 sicut
921 3604 1043 3677 Iudaei
1065 3606 1162 3677 iuxta
1183 3606 1362 3679 somnium
1380 3600 1556 3677 humanae

565 3716 717 3791 rationis
732 3712 922 3800 lingebant,
940 3708 1054 3779 Deum
1071 3707 1223 3777 conditis
1239 3709 1346 3784 rebus
1360 3727 1479 3799 postea
1498 3730 1556 3778 eas

563 3818 772 3913 reliquisse,
798 3813 889 3883 sicut
903 3810 1003 3879 faber
1017 3809 1136 3879 navim
1152 3809 1358 3878 fabricatam
1373 3811 1554 3903 relinquit.

565 3924 625 3995 De
640 3914 711 3991 'bis
739 3917 854 3992 tribus
873 3910 1055 3985 sententiis
1075 3911 1266 3983 uberrimis
1285 3910 1411 3981 ordine
1434 3914 1555 3982 dicen-

563 4025 655 4097 dum
683 4034 753 4105 est,
785 4039 877 4113 quae
900 4016 1005 4086 etiam
1028 4012 1211 4083 continent
1236 4014 1373 4083 illustre
1395 4016 1555 4086 testimo-

565 4127 668 4198 nium
683 4123 836 4205 delibo,
862 4120 958 4212 quod
972 4118 1019 4188 sit
1033 4115 1250 4187 substantiae
1265 4116 1419 4185 divinae.

667 4224 829 4297 Primum
866 4244 950 4309 ergo
985 4220 1030 4287 de
1059 4218 1161 4291 tertia
1193 4217 1368 4287 sententia
1400 4218 1555 4288 dicatur:

563 4328 672 4403 Pater
687 4350 787 4397 meus
804 4346 915 4413 usque
932 4316 1039 4389 hodie
1052 4332 1231 4411 operatur.
1282 4318 1380 4389 Haec
1393 4332 1445 4389 cst
1460 4322 1554 4391 refu-

565 4432 653 4507 tatio
676 4426 874 4519 argumenti
898 4412 1031 4493 ludaici
1054 4424 1098 4491 de
1121 4422 1287 4502 sabbato,
1321 4421 1422 4515 quasi
1444 4422 1554 4492 dicat:

565 4532 723 4615 Erratis,
762 4552 828 4598 nec
862 4539 957 4596 recte
993 4523 1194 4612 intelligitis
1224 4524 1355 4613 legem,
1392 4548 1473 4593 cum
1506 4525 1555 4595 ait

565 4632 679 4709 Erod.
694 4634 773 4707 20.:
800 4628 869 4701 Sex
894 4627 1020 4696 diebus
1040 4625 1123 4697 feeit
1145 4624 1240 4697 Deus
1264 4626 1400 4696 eoelum
1423 4640 1457 4697 et
1483 4639 1555 4696 ter-

567 4762 661 4820 ram,
686 4749 723 4805 et
743 4730 918 4824 requievit
940 4730 999 4797 die
1020 4727 1185 4819 septimo:
1209 4722 1296 4797 hinc
1312 4728 1555 4798 ratiocinami-

563 4842 624 4917 ni,
648 4834 766 4908 Dcum
784 4858 880 4903 nunc
902 4830 1055 4901 otiosum
1077 4852 1168 4913 esse,
1192 4842 1227 4899 et
1247 4843 1340 4899 certe
1353 4830 1391 4899 iu
1406 4830 1553 4902 sabbato

564 4938 662 5015 nihil
681 4960 793 5022 agere.
843 4934 963 5025 Quare
984 4932 1204 5001 sanationem
1224 4956 1243 5001 a
1266 4955 1322 4999 me
1344 4932 1469 5002 factam
1490 4955 1554 5001 ne-

565 5044 656 5137 gatis
684 5062 757 5110 esse
779 5034 847 5106 Dei
876 5056 978 5126 opus.
1034 5031 1137 5105 Huic
1152 5046 1287 5103 vestrae
1309 5032 1554 5122 imaginationi

564 5169 710 5239 oppono
726 5137 794 5210 hoc
810 5139 955 5207 dictum.
1004 5133 1145 5206 Patrem
1160 5149 1239 5227 post
1253 5134 1430 5204 conditam
1448 5149 1554 5205 natu·

565 5272 643 5320 ram
667 5266 786 5315 rerum
807 5261 883 5309 non
898 5238 1043 5308 desiisse
1057 5260 1177 5326 agere,
1202 5238 1262 5305 scd
1281 5236 1445 5327 deinceps
1463 5261 1554 5307 sern-

566 5373 631 5445 per
649 5346 792 5417 affuisse
815 5366 880 5411 suo
903 5340 1023 5430 operi,
1048 5351 1083 5409 et
1103 5340 1141 5409 id
1164 5351 1390 5419 sustentasse,
1416 5353 1451 5409 et
1467 5364 1554 5408 con·

565 5472 739 5532 servasse,
762 5445 977 5517 foecundare
990 5454 1120 5510 terram
1136 5440 1345 5535 quotannis,
1372 5440 1554 5532 impertire

566 5555 640 5625 vim
663 5544 937 5643 procreationis,
970 5556 1006 5613 et
1028 5542 1135 5611 vitain
1158 5543 1410 5619 animantibus.
1464 5542 1554 5615 Item

564 5657 606 5727 in
626 5650 784 5725 Ecclesia
804 5647 956 5719 subinde
978 5644 1158 5716 mbandas
1180 5646 1408 5716 liberationes
1428 5646 1554 5721 facere.

563 5754 648 5829 Non
670 5767 745 5824 erat
766 5751 901 5822 otiosus
914 5745 1032 5831 Deus,
1057 5770 1139 5817 cum
1160 5746 1254 5815 viam
1271 5748 1404 5838 populo
1420 5748 1554 5839 patefa-

563 5872 659 5932 ceret
672 5878 736 5951 per
748 5876 846 5927 mae
860 5852 1030 5937 rubrum,
1055 5870 1137 5919 cum
1151 5846 1290 5921 sisteret
1303 5872 1446 5922 cursum
1457 5849 1554 5923 Solis

1145 669 1271 748 etta.
1297 667 1415 748 Mllla.
1441 667 1652 750 scatere
1679 669 1982 754 EXEGETICA.

1600 845 1796 937 praeliante
1831 850 1957 938 Iosua,
1996 843 2083 922 baec
2119 859 2155 922 et
2186 845 2317 925 similis
2345 847 2599 942 complectitur

1601 948 1734 1020 dictum
1757 947 1912 1039 Christi,
1945 953 2043 1047 quod
2071 951 2218 1047 quidem
2246 951 2436 1042 diligenter
2463 952 2599 1026 memi-

1601 1051 1695 1121 nisse
1714 1053 1901 1140 debemus,
1929 1067 1964 1126 et
1983 1053 2176 1146 adiungere
2197 1055 2342 1126 caeteris
2367 1053 2598 1138 testimoniis,

1600 1176 1691 1248 quae
1720 1157 1849 1228 docent
1869 1179 1937 1228 nos
1957 1157 2003 1227 de
2023 1157 2180 1247 generali
2199 1157 2338 1230 actione
2358 1153 2428 1226 Dei
2447 1180 2600 1230 conser-

2513 675 2593 754 rso

1601 1259 1717 1328 rantis
1744 1271 1929 1344 naturam,
1961 1282 2007 1333 ue
2033 1257 2208 1348 fingamus
2238 1281 2295 1330 res
2316 1282 2414 1332 nunc
2434 1281 2500 1330 suo
2524 1259 2600 1330 im-
2658 1319 2659 1322 ,

1601 1371 1686 1451 petu
1707 1360 1814 1448 ferri,
1848 1361 1925 1431 sine
1946 1356 2043 1445 Deo,
2076 1384 2143 1432 nec
2165 1384 2186 1432 a
2208 1357 2284 1434 Deo
2305 1361 2494 1454 petendam
2518 1383 2599 1434 esse

1603 1461 1731 1548 vitam,
1758 1477 1871 1536 terrae
1886 1463 2181 1547 foecunditatem,
2207 1477 2242 1534 et
2256 1464 2326 1534 alia
2342 1476 2489 1534 naturae
2507 1487 2600 1556 ope·
2658 1447 2659 1492 ³

1602 1587 1661 1649 ra,
1698 1558 1784 1637 huic
1820 1565 1949 1636 delirio
1983 1560 2161 1636 humanae
2191 1555 2343 1638 rationis
2370 1589 2600 1657 opponamus

1603 1661 1689 1737 haec
1719 1667 1829 1738 dicta:
1866 1665 1909 1736 In
1930 1664 2007 1739 Deo
2037 1671 2176 1754 suarius,
2208 1667 2383 1753 vivimus,
2412 1681 2448 1742 et
2470 1691 2599 1746 move

1602 1792 1696 1839 mur.
1747 1767 1805 1839 Ad
1819 1767 1911 1841 Heb.
1929 1771 1979 1844 1.:
2007 1767 2139 1839 Ferens
2151 1769 2273 1842 omnis
2288 1771 2398 1841 verbo
2411 1771 2597 1861 potentiae

1603 1893 1697 1945 suae.
1732 1867 1932 1946 Coloss.1.:
1960 1865 2095 1942 Omnia
2112 1872 2428 1944 ineoconsistunt.
2459 1867 2596 1948 Matth.

1606 1973 1685 2044 10.:
1713 1969 1794 2044 Duo
1817 1997 1972 2065 passeres
1993 1996 2068 2044 asse
2087 1985 2263 2060 veneunt,
2289 1989 2323 2047 et
2344 1995 2439 2046 unus
2462 1998 2504 2045 ex
2521 1974 2597 2048 illis

1603 2099 1678 2145 non
1701 2076 1801 2146 cadet
1823 2099 1931 2168 super
1954 2087 2084 2147 terram
2105 2077 2181 2148 sine
2204 2090 2302 2170 patre
2324 2091 2453 2152 vestro.
2505 2074 2598 2148 Item

1604 2175 1857 2248 Psalm.10³.:
1891 2174 2026 2249 Omnia
2055 2201 2076 2248 a
2100 2191 2134 2250 te
2158 2192 2363 2274 expectant,
2392 2192 2435 2251 ut
2456 2178 2521 2250 des
2545 2179 2597 2250 eis

1605 2301 1717 2349 escam
1734 2279 1771 2349 in
1788 2294 1857 2352 tem
1887 2303 1947 2350 ore
1962 2292 2157 2374 oportuno.

1707 2381 1851 2452 Praeter
1861 2305 1953 2452 lianc
1968 2383 2169 2472 generalem
2183 2381 2359 2452 actionem
2373 2377 2461 2468 Dei,
2487 2382 2593 2458 etiam

1605 2483 1694 2554 litant
1706 2559 1708 2564 ,
1718 2484 1946 2578 quotidianae
1964 2485 2157 2576 peculiares
2172 2484 2402 2556 liberationes
2417 2485 2454 2554 in
2469 2481 2592 2556 Eccle-

1605 2585 1675 2672 sia,
1710 2587 1753 2656 de
1780 2586 1910 2679 quibus
1934 2586 2131 2680 loquuntur
2151 2585 2220 2655 alia
2244 2586 2357 2658 multa
2381 2587 2587 2672 testimonia,

1606 2699 1645 2759 ut
1667 2689 1775 2781 petite
1798 2702 1832 2758 et
1851 2688 2040 2780 accipietis.
2091 2685 2185 2760 Psal.
2203 2687 2280 2760 db:
2314 2685 2447 2760 Multae
2468 2688 2586 2762 tribu-

1606 2791 1754 2862 lationes
1779 2789 1974 2871 iustorum,
2005 2790 2065 2860 sed
2089 2792 2133 2859 de
2157 2785 2213 2859 his
2237 2789 2403 2861 omnibus
2422 2789 2592 2859 liberabit

1606 2917 1666 2964 eos
1691 2893 1869 2966 dominus.
1919 2889 1967 2962 Et
1988 2904 2169 2988 utrunque
2192 2914 2303 2982 genus
2326 2893 2504 2962 actionum
2522 2891 2592 2960 lide

1606 2995 1876 3086 intelligendum
1891 3007 1959 3078 est,
1985 3008 2025 3064 ut
2039 3018 2120 3062 vere
2135 3007 2330 3065 statuamus
2344 2991 2459 3064 Deum
2474 2995 2593 3064 adesse

1606 3110 1752 3168 naturae
1780 3120 1922 3182 rerum,
1958 3109 1991 3166 et
2023 3110 2182 3186 petamus
2211 3097 2256 3166 ab
2285 3097 2381 3186 ipso,
2415 3109 2457 3168 ut
2485 3095 2592 3167 vitam

1606 3212 1764 3288 nostram
1789 3197 1946 3276 tueatur,
1972 3209 2014 3267 ut
2036 3198 2226 3270 foecundet
2241 3211 2393 3283 terram,
2416 3211 2459 3270 ut
2474 3198 2603 3281 defen·⁴
2658 3207 2659 3216 ’

1606 3303 1665 3371 dat
1680 3324 1755 3370 nos.
1800 3297 1897 3370 Haec
1912 3299 1997 3369 fides
2011 3312 2062 3371 est
2078 3301 2219 3370 credere
2234 3299 2427 3370 articulum
2442 3302 2486 3370 de
2499 3321 2592 3369 crea-

1606 3403 1713 3476 tione.
1763 3401 1854 3472 Nam
1878 3401 1940 3494 qui
1964 3401 2014 3471 sic
2029 3415 2168 3475 tanturn
2190 3402 2323 3495 fingite
2341 3399 2419 3472 Deo
2434 3402 2595 3472 conditas
2658 3415 2659 3438 l

1606 3530 1679 3575 esse
1701 3528 1774 3591 res,
1802 3520 1835 3577 et
1856 3517 1975 3596 postea
2000 3505 2158 3603 relictas,
2184 3519 2223 3577 ut
2246 3528 2326 3577 curn
2351 3505 2451 3575 faber
2475 3505 2596 3575 navim
2658 3500 2659 3543 ³

1604 3610 1753 3693 factam,
1786 3619 1906 3698 postea
1938 3606 2126 3700 relinquit,
2160 3621 2194 3679 et
2226 3606 2336 3677 tradit
2365 3608 2502 3693 nautis,
2539 3602 2598 3676 liic
2658 3634 2659 3641 ¹

1606 3732 1680 3779 non
1701 3721 1793 3779 recte
1813 3709 1943 3797 cogitat
1964 3711 2008 3779 de
2032 3710 2222 3781 creatione.
2250 3722 2254 3730 '
2275 3706 2368 3780 Cum
2392 3724 2510 3781 autem
2529 3702 2599 3777 bu·
2658 3708 2659 3737 ³

1605 3834 1710 3880 mana
1734 3834 1833 3881 mens
1855 3812 1931 3879 sine
1954 3812 2023 3880 fale
2040 3835 2114 3881 non
2129 3812 2233 3882 aliter
2249 3811 2401 3897 iudicet,
2428 3811 2601 3881 discenda

1606 3929 1658 3984 est
1674 3936 1755 3981 vera
1775 3913 1947 3983 sententia
1961 3915 2006 3983 de
2022 3914 2287 3985 conservatione
2304 3935 2434 3999 rerum,
2458 3925 2493 3983 et
2509 3912 2601 3983 assi-

1606 4015 1686 4085 duis
1702 4012 1767 4083 Dei
1790 4016 1957 4104 operibus
1977 4039 2019 4083 ex
2037 4015 2265 4095 testimoniis,
2288 4030 2328 4087 ut
2349 4016 2435 4085 fides
2451 4036 2601 4087 accensa

1606 4131 1772 4207 agnoscat
1787 4116 1852 4187 Dei
1870 4117 2123 4210 praesentiam,
2146 4130 2181 4187 et
2194 4132 2286 4189 recte
2301 4118 2442 4189 invocet
2456 4141 2553 4191 eum.

1709 4217 1778 4289 Sed
1797 4243 1860 4289 cur
1875 4220 2008 4291 dictum
2024 4233 2074 4289 est
2090 4219 2127 4287 in
2143 4218 2219 4309 lege
2232 4242 2392 4306 cessasse,
2419 4244 2482 4292 seu
2495 4220 2601 4312 quie·

1607 4320 1699 4389 visse
1714 4318 1854 4392 Deum?
1891 4318 2121 4411 Respondeo:
2150 4318 2232 4391 Non
2250 4322 2400 4393 dubium
2423 4336 2475 4393 est
2495 4346 2602 4392 arca·-

1607 4448 1689 4493 nam
1723 4423 1921 4494 doctrinam
1955 4422 2129 4493 contineri
2153 4422 2190 4491 in
2213 4417 2279 4493 hac
2300 4425 2436 4497 sabbati
2462 4424 2604 4495 descri-

2658 4018 2659 4059 t

2658 4122 2659 4155 ι

2656 4222 2659 4265 l

2657 4326 2659 4369 l

1607 4525 1728 4616 ptione
1749 4538 1784 4595 et
1808 4523 2023 4599 conditione.
2075 4522 2251 4594 Evolvere
2273 4539 2391 4597 autem
2409 4550 2465 4596 res
2481 4541 2604 4599 tantas
2658 4534 2659 4575 ³

1605 4628 1750 4697 difficile
1766 4638 1827 4697 est.
1877 4624 2038 4697 Primum
2055 4626 2136 4697 ideo
2152 4626 2284 4697 dieitur
2298 4628 2473 4720 quievisse
2488 4625 2606 4714 Deus,

1606 4729 1690 4822 quia
1713 4727 1850 4797 nullam
1875 4751 2003 4799 novam
2024 4729 2176 4821 speeiem
2200 4727 2238 4798 in
2255 4742 2381 4803 natura
2399 4731 2542 4817 condit,
2568 4747 2605 4806 et

1605 4832 1688 4901 facit
1710 4829 1926 4901 mentionem
1948 4830 2152 4901 cessationis
2170 4828 2285 4915 Deus,
2311 4846 2352 4902 ut
2375 4834 2469 4903 clare
2487 4845 2603 4905 teste-
2658 4896 2659 4931 ,

1606 4948 1686 5021 tur,
1718 4954 1754 5001 se
1778 4954 1853 5001 non
1877 4932 1981 5001 aliam
2008 4933 2159 5023 speciem
2181 4932 2316 5004 abiecto
2340 4928 2487 5005 homine
2510 4960 2603 5007 con-

1605 5036 1765 5105 diturum
1794 5056 1884 5119 esse,
1917 5035 1977 5103 sed
2010 5030 2193 5104 hominem
2228 5058 2303 5105 esse
2332 5051 2529 5135 extremum
2567 5054 2603 5111 et

1605 5160 1782 5206 summum
1806 5158 1917 5226 opus,
1942 5160 2014 5228 quo
2043 5136 2253 5222 delectetur,
2278 5152 2312 5209 et
2333 5139 2371 5209 in
2395 5163 2466 5231 quo
2491 5140 2603 5234 quie·
2658 5160 2659 5238 ξ

1605 5262 1700 5307 scere
1724 5236 1826 5320 velit,
1851 5260 1890 5304 ac
1911 5236 2129 5337 significatur
2155 5239 2281 5327 ingens
2304 5240 2459 5331 dignitas
2477 5236 2603 5315 homi-
2658 5306 2659 5335 3

1605 5342 1682 5430 nis,
1708 5351 1742 5408 et
1766 5362 1866 5409 amor
1880 5338 1949 5410 Dei
1972 5361 2052 5428 erga
2076 5335 2277 5426 bominem,
2303 5342 2341 5413 in
2364 5340 2430 5415 hoc
2446 5344 2524 5435 ipso
2542 5360 2602 5417 te·
2658 5406 2659 5425 ,

1604 5441 1793 5524 alimonio,
1819 5441 1915 5533 quod
1931 5436 2027 5511 Deus
2048 5442 2263 5531 pronunciat
2280 5440 2377 5517 hunc
2391 5468 2465 5515 esse
2477 5462 2602 5522 extre·
2658 5486 2659 5493 ι

1604 5554 1702 5615 utum
1716 5566 1830 5637 ἱοριιι,
1863 5542 1908 5611 ad
1929 5544 2025 5635 quod
2047 5541 2154 5615 fuerit
2175 5543 2307 5617 directa
2330 5546 2438 5619 totius
2456 5550 2601 5641 opificis

1603 5645 1815 5717 deliberatio
1847 5656 1882 5713 et
1909 5644 2094 5744 appetitio.
2151 5643 2230 5718 Hoc
2261 5672 2350 5739 opus
2379 5649 2495 5722 voluit
2526 5654 2601 5723 sibi

1600 5746 1700 5821 Deus
1722 5746 1865 5839 quidem
1890 5769 1983 5833 esse,
2008 5774 2081 5841 quo
2099 5748 2174 5840 ipse
2191 5750 2333 5841 proprie
2341 5750 2600 5847 delectaretur,

1602 5864 1636 5923 et
1653 5850 1692 5921 in
1708 5873 1777 5945 quo
1793 5861 1963 5943 perpetuo
1982 5864 2017 5923 et
2033 5851 2111 5926 sine
2124 5851 2196 5925 line
2209 5852 2463 5937 celebraretur,
