5825 6950
314 657 385 740 16⁹

312 853 376 906 me
389 823 606 902 mentitura
630 827 683 902 ita
698 846 795 902 nunc
806 826 955 921 plurimi
968 825 1159 918 repudiant
1170 820 1306 896 doctri·

311 955 390 1008 uam
404 927 622 1025 Evangelii,
648 933 737 1004 moti
754 930 934 1002 similibus
946 927 1182 1018 argumentis,
1206 926 1304 1020 quod

311 1059 380 1110 non
395 1035 444 1106 sit
456 1035 745 1106 dissentiendum
768 1033 949 1126 apublico
970 1051 1164 1115 consensu,
1190 1042 1227 1099 et
1247 1026 1304 1098 iu-

313 1137 399 1210 dicio
413 1149 470 1207 tot
485 1149 659 1213 astatum.
710 1133 799 1208 ltem
823 1136 920 1229 qood
944 1127 1030 1203 haec
1051 1132 1213 1202 doctriua
1227 1152 1302 1198 non

314 1237 483 1342 prodierit
499 1239 548 1309 ab
563 1235 640 1324 his,
665 1238 727 1332 qui
740 1249 862 1309 tenent
878 1234 1170 1326 gubernationem
1185 1229 1302 1302 inEe·
1352 1251 1356 1256 ·

317 1340 427 1421 desis,
453 1354 495 1412 et
518 1342 668 1417 suntin
690 1351 863 1435 potestate
887 1336 1088 1426 ordinaria,
1119 1337 1200 1408 ideo
1226 1355 1301 1404 non

322 1441 659 1536 enemeipieodam.

411 1591 484 1668 Sed
498 1618 568 1667 nos
583 1595 731 1668 sciamus
745 1596 789 1667 ds
806 1591 967 1666 doctrina
982 1592 1122 1664 coelesti
1140 1615 1212 1662 nou
1228 1613 1301 1662 esse

331 1697 547 1770 iudicandum
569 1723 611 1770 ex
632 1692 799 1768 humanis
817 1695 1135 1788 imaginationibus
1157 1710 1219 1766 aut
1245 1716 1301 1764 ss·

327 1799 442 1896 pientia
456 1799 626 1892 politica,
650 1803 696 1870 de
718 1798 898 1871 ordinaria
923 1811 1112 1890 potestate,
1135 1809 1197 1867 aut
1213 1817 1299 1865 con·

325 1925 411 1974 eruo
433 1900 588 1973 maioris
611 1902 721 1994 partis
744 1901 866 1972 multis
898 1901 1025 1973 seculis
1047 1911 1206 1989 recepto,
1236 1900 1299 1966 sed

323 2003 513 2100 quaerenda
544 2026 619 2074 esse
648 2028 732 2076 vera
759 2003 962 2074 testimonia
994 2002 1095 2072 verbi
1126 1999 1299 2092 divinitus

323 2105 442 2180 traditi.
497 2099 701 2177 Teneamus
722 2099 814 2176 hanc
834 2101 1053 2189 doctrinam,
1082 2126 1188 2197 quam
1211 2124 1298 2172 con·

327 2221 383 2280 stat
402 2219 499 2278 terto
524 2207 691 2278 traditam
715 2229 789 2278 esse
811 2230 832 2276 a
852 2201 1060 2296 Prophetis,
1098 2199 1241 2275 Christo
1264 2216 1300 2275 et

331 2309 508 2402 apostolis,
542 2323 578 2380 et
601 2309 842 2380 confirmatam
871 2307 1083 2378 testimoniis
1106 2305 1298 2376 miraculo·

335 2435 421 2496 rum,
438 2435 502 2481 nec
519 2433 729 2484 moveamur
754 2409 903 2481 diversis
920 2408 1063 2479 iudiciis
1079 2423 1140 2479 aut
1155 2407 1297 2497 conspi-

338 2513 452 2584 mtione
459 2524 647 2608 potentum
668 2528 703 2585 et
716 2512 938 2604 sapientum,
964 2509 1193 2603 quantumvis
1215 2510 1297 2579 diu·

332 2627 430 2684 turna.
482 2611 660 2684 Videmus
687 2638 827 2705 semper
850 2615 889 2704 in
920 2614 1056 2682 mundo
1083 2612 1191 2682 fuisse
1223 2610 1297 2680 eri-

325 2737 420 2806 guom
434 2729 576 2786 coetum
599 2707 703 2785 verae
717 2713 915 2798 Ecclesiae,
940 2715 980 2783 iu
996 2739 1068 2806 quo
1083 2714 1213 2782 mansit
1227 2737 1297 2811 pu·

323 2817 396 2888 ritas
410 2817 606 2888 doctrinae.
654 2815 728 2888 Nec
742 2841 875 2887 novum
893 2830 944 2887 est
965 2817 1136 2885 maiorem
1162 2829 1295 2907 partem

322 2941 440 2998 errare,
465 2931 499 2988 et
514 2919 659 2988 delendi
678 2912 946 3013 εἰδωλομανίας
960 2933 993 2990 et
1009 2917 1154 3009 impiam
1164 2917 1297 2987 doctri*

320 3043 391 3090 narn
406 3021 452 3090 ab
466 3016 539 3110 his,
565 3020 727 3113 quisunt
742 3022 781 3090 iu
798 3021 977 3092 ordinaria
993 3033 1181 3112 potestate,
1207 3020 1298 3088 sicut

319 3122 350 3190 iu
370 3121 505 3216 populo
531 3118 641 3192 lsrael
662 3116 885 3213 Prophetae,
910 3117 1029 3206 Elias,
1056 3117 1237 3205 illimem,
1263 3135 1298 3190 et

317 3224 370 3294 slii
383 3224 498 3295 coorti
514 3237 599 3294 sunt
614 3232 688 3294 sese
704 3225 818 3315 palam
834 3245 1013 3314 opponere
1034 3222 1175 3312 regibus
1191 3236 1225 3291 et
1240 3243 1297 3290 sa-

317 3327 512 3398 cerdotibus
536 3315 810 3396 defendentibus
836 3324 1085 3397 idololatriam.
1139 3319 1187 3392 Et
1205 3321 1297 3392 lere-

317 3429 399 3499 mias
421 3427 517 3501 solus
533 3427 673 3499 obstitit
694 3429 810 3501 coetui
823 3425 1035 3499 Pontificum
1052 3439 1086 3499 et
1101 3419 1297 3518 Propheta·

318 3554 392 3603 mrn
408 3530 446 3601 in
464 3530 566 3603 trihu
579 3528 669 3602 luda
684 3543 750 3602 etc.

662 3843 803 3956 Caput
836 3844 957 3933 Vlll.

362 4023 608 4102 lassantem
622 4022 787 4123 perrexit
801 4021 842 4093 irs
858 4030 1015 4095 montem
1034 4012 1247 4099 Ols'varum.

411 4182 532 4273 Pergit
544 4176 710 4252 Christos
724 4180 851 4248 docere
871 4176 910 4245 in
932 4179 1084 4268 templo:
1113 4178 1178 4251 etsi
1201 4179 1298 4249 enim

319 4288 440 4359 ιοιιιιιι
466 4288 538 4355 iam
554 4280 802 4374 praeterierat,
833 4291 868 4349 et
883 4278 1058 4369 ¹iutelligit
1069 4302 1108 4349 se
1122 4278 1194 4372 peti
1209 4280 1299 4349 iusi-

316 4390 381 4459 diis
403 4384 694 4469 Pharisaeorum,
727 4395 846 4452 tamen
866 4394 987 4451 manet
1007 4382 1235 4474 aliquandiu,
1258 4394 1299 4453 ut

317 4508 350 4561 et
364 4490 482 4583 plures
498 4488 642 4567 durrat,
666 4499 701 4556 et
715 4482 899 4553 conlirtnct
919 4504 997 4568 eos,
1021 4483 1084 4577 qrsi
1100 4483 1216 4573 ipsum
1233 4506 1299 4552 au·

316 4594 471 4671 dierant,
496 4588 595 4657 ridet
615 4586 810 4679 populum,
841 4583 940 4653 velut
960 4606 1099 4674 gregem
1120 4596 1297 4655 errantem

317 4696 390 4763 sine
402 4706 560 4784 pastore,
583 4710 673 4779 opus
689 4683 819 4757 habere
836 4684 1016 4767 doctrina,
1040 4708 1151 4779 quare
1169 4688 1299 4778 postri-

318 4796 373 4866 die
386 4817 491 4863 maue
507 4791 602 4861 redit
621 4791 661 4859 in
680 4786 874 4879 templum,
899 4810 973 4856 non
995 4786 1182 4859 deterritus
1202 4789 1298 4878 peri-

320 4898 395 4967 tulo
407 4920 449 4965 sc
463 4894 616 4963 insidiis.
668 4888 740 4962 Sed
755 4889 961 4981 priusquam
981 4882 1140 4981 reliquae
1154 4890 1299 4959 roario·

321 5022 380 5069 nes
390 5012 423 5069 et
439 5018 556 5067 norae
568 4990 814 5065 altercationes
829 4990 1039 5060 ludaeorum
1056 5011 1137 5061 curu
1152 4988 1297 5063 Christo

324 5100 588 5181 describuntur,
612 5093 717 5165 initio
734 5092 902 5163 recitatur
916 5086 1063 5161 historia
1079 5094 1124 5161 de
1149 5092 1299 5161 muliere

322 5200 472 5271 adultera
487 5200 637 5268 adducta
652 5198 697 5264 ad
709 5190 912 5277 Christum,
938 5218 1044 5287 quam
1064 5194 1127 5264 etsi
1150 5208 1299 5279 veteres,

322 5302 518 5394 pmesertim
539 5296 688 5387 Graeri,
712 5318 788 5365 uon
809 5308 894 5367 sunt
915 5294 1155 5386 interpretati,
1177 5307 1298 5366 tamen

326 5418 459 5495 apparet
471 5422 611 5491 semper
625 5395 782 5469 habitam
806 5418 880 5467 esse
900 5396 995 5466 inter
1015 5410 1170 5488 receptas
1185 5409 1221 5467 et
1235 5420 1298 5490 ap-

327 5506 493 5593 probatas.
550 5500 640 5571 Nam
669 5512 704 5569 et
724 5496 901 5568 Eusebius
923 5498 999 5565 eins
1021 5497 1205 5585 meminit,
1236 5500 1296 5568 sed

705 637 790 734 stu.
840 635 1143 732 maruno
1169 646 1222 725 ru
1244 630 1426 723 rimu.
1454 641 1673 724 ioannis.
1722 640 1827 729 car.
1855 647 1955 726 vrn.

2271 653 2345 726 tto

1357 819 1476 890 monis
1512 815 1606 890 nihil
1642 820 1829 914 discrepat.
1893 819 2019 917 ltaque
2048 823 2348 918 aposterioribus

1356 921 1433 993 siue
1452 923 1676 995 dubitatione
1689 939 1829 1018 recepta
1845 937 1908 1000 est.
2403 935 2406 946 '

1456 1055 1614 1151 Exponit
1628 1073 1746 1132 autem
1769 1085 1880 1132 novas
1903 1062 2046 1134 fraudes
2061 1055 2346 1150 Pharisaeorum,

1355 1160 1418 1253 qui
1441 1183 1521 1230 curn
1546 1161 1668 1234 vident
1685 1186 1760 1234 non
1784 1165 1988 1234 successisse
2011 1165 2177 1250 insidias,
2202 1191 2267 1238 nec
2287 1163 2344 1235 in-

1354 1259 1512 1352 veniunt!
1527 1286 1685 1348 causam,
1718 1279 1759 1336 ιιι
1785 1262 1965 1337 Christum
1984 1264 2101 1360 palam
2124 1269 2344 1354 adoriantur,

1353 1386 1451 1434 nunc
1468 1363 1564 1434 aliud
1585 1379 1746 1457 captant,
1780 1381 1814 1438 et
1835 1370 1963 1461 cupide
1988 1369 2167 1460 arripiunt
2188 1371 2343 1442 occasio-

1353 1488 1434 1534 nem
1465 1464 1556 1538 lorte
1579 1469 1753 1554 oblatam,
1782 1471 1981 1541 adulteram
2007 1471 2194 1543 manifesto
2215 1473 2343 1564 depre-

1353 1561 1520 1653 hensam,
1554 1582 1588 1640 ct
1610 1571 1816 1642 convictam·
1839 1575 2061 1662 producunt,
2094 1568 2187 1645 hanc
2210 1575 2343 1646 sistunt

1352 1664 1513 1754 Christo,
1546 1670 1663 1763 ipsum
1692 1671 1820 1744 facturi
1851 1673 2024 1760 iudicem,
2054 1692 2232 1774 quaerunt
2252 1675 2339 1770 quid

1351 1773 1579 1862 respondeat,
1605 1775 1771 1846 damnare
1790 1799 1834 1847 ne
1852 1775 1954 1860 velit,
1979 1789 2014 1846 et
2037 1775 2160 1849 iubere
2182 1793 2223 1850 ut
2248 1777 2340 1872 lapi-

1352 1873 1471 1958 detur,
1504 1877 1598 1968 quud
1622 1899 1666 1946 ne
1691 1875 1760 1969 ipsi
1784 1877 1928 1972 quidem
1954 1871 2143 1960 hocloco,
2169 1879 2203 1952 e't
2218 1878 2257 1950 in
2274 1875 2341 1950 hac

1352 1975 1583 2045 multitudine
1598 1977 1675 2047 ausi
1693 1993 1808 2051 essent
1822 1981 1944 2064 lacere,
1971 2003 2016 2049 au
2030 1981 2224 2068 absolvere,
2250 2006 2339 2052 con·

1351 2090 1404 2146 tra
1419 2077 1531 2168 legem
1544 2132 1554 2161 ‚
1577 2104 1666 2170 quae
1681 2079 1824 2153 iubebat
1841 2081 1991 2152 interfici
2008 2069 2173 2153 moechus
2187 2098 2221 2154 et
2234 2085 2340 2155 adul-

1350 2190 1453 2250 teras.
1504 2179 1574 2252 Sed
1590 2179 1646 2251 isti
1665 2206 1738 2252 non
1753 2179 1820 2255 hoc
1843 2198 1973 2274 agunt,
1997 2198 2038 2255 ut
2061 2185 2219 2274 legitimo
2244 2185 2340 2256 indi-

1351 2280 1425 2366 cio,
1450 2281 1543 2355 sicut
1567 2284 1739 2369 debehat,
1772 2285 1959 2377 puniretur
1980 2285 2207 2362 adulterium.
2256 2285 2340 2356 Nun

1351 2384 1447 2452 enim
1464 2387 1668 2477 producunt
1680 2386 1725 2456 ad
1742 2385 1887 2472 iudices,
1912 2387 2042 2482 quibus
2056 2403 2156 2460 erant
2173 2391 2338 2459 mandata

1350 2485 1482 2558 iudicia
1508 2486 1690 2576 capitalia,
1731 2491 1791 2558 sed
1821 2514 1864 2560 ex
1893 2491 2089 2581 composito
2120 2489 2339 2561 insidiantur

1351 2583 1517 2673 Christo,
1550 2601 1592 2660 ut
1617 2589 1787 2684 quicquid
1819 2594 2046 2682 respondeat,
2087 2594 2126 2661 in
2152 2606 2338 2688 utramque

1351 2703 1486 2782 partem
1512 2683 1666 2762 habeant
1688 2693 1785 2784 quod
1816 2705 1990 2764 accusent.
2041 2691 2240 2766 Audierant
2263 2698 2339 2764 eius

1349 2791 1575 2876 concionem,
1601 2817 1689 2885 quae
1707 2817 1781 2864 non
1798 2819 1896 2864 more
1917 2795 2004 2885 legis
2024 2798 2216 2867 damnabat
2232 2811 2266 2868 et
2281 2820 2337 2866 re·
2381 2862 2388 2872 .

1350 2893 1504 2988 pellebat
1525 2908 1725 2986 peccatores
1752 2910 1787 2967 et
1812 2897 1997 2988 indignos,
2042 2901 2104 2968 sed
2128 2899 2336 2970 consolaba-

1350 3008 1409 3064 tur
1423 2996 1688 3086 perterrelactos
1714 3013 1748 3068 et
1770 2999 1934 3084 miseros,
1960 3015 1994 3071 et
2009 3003 2238 3091 promittebat
2251 3025 2339 3070 cou-

1349 3096 1601 3182 donationem,
1639 3123 1749 3192 quare
1772 3101 1801 3168 si
1830 3097 1920 3170 hanc
1944 3103 2142 3172 adulteram
2166 3102 2338 3186 absolvat,

1350 3213 1384 3267 et
1410 3199 1624 3287 pronunciet
1645 3225 1720 3270 non
1745 3225 1817 3270 esse
1840 3203 2076 3292 puniendam,
2120 3204 2279 3274 iudicant
2300 3226 2337 3272 se

1350 3294 1480 3367 habere
1496 3298 1722 3370 iustissimam
1737 3325 1875 3370 cansam
1899 3304 2026 3374 atrocis
2039 3303 2256 3384 calumniae.
2283 3303 2336 3372 vi-

1349 3400 1478 3471 delicet
1492 3394 1588 3470 hunc
1612 3403 1724 3474 multu
1748 3403 1947 3493 digniorem
1968 3428 2041 3476 esse
2064 3405 2126 3501 qui
2148 3405 2337 3497 lapidetur,

1350 3526 1456 3598 quam
1473 3503 1599 3573 misera
1623 3505 1850 3590 muliercula,
1883 3508 1965 3599 qrria
1990 3508 2105 3599 palam
2128 3511 2268 3581 aboleat
2285 3508 2337 3579 le·

1350 3628 1427 3696 gem
1448 3602 1667 3697 Mosaicam,
1697 3611 1864 3679 concedat
1886 3608 2065 3680 licentiam
2088 3612 2234 3703 impune
2255 3630 2337 3703 pec-

1351 3706 1467 3777 raudi.
1524 3704 1566 3777 Si
1586 3732 1670 3777 vero
1693 3709 1877 3779 mulierem
1909 3712 2139 3796 condemnet,
2176 3714 2336 3784 loturum

1351 3832 1425 3879 esse
1451 3823 1493 3879 ut
1518 3802 1784 3879 multitudinem
1820 3837 1839 3881 a
1870 3836 1944 3881 sese
1972 3837 2117 3906 prorsus
2146 3814 2334 3886 abalienet.

1351 3909 1446 3998 Quia
1463 3904 1531 3980 hoe
1544 3910 1621 4002 ipso
1638 3913 1729 3982 lacto
1745 3926 1866 3983 contra
1884 3930 1939 3985 eat
1954 3938 2037 3985 sure
2050 3916 2244 3999 doctrinar,
2269 3939 2335 3987 nee

1351 4012 1552 4083 existimant
1567 4036 1609 4082 ex
1625 4007 1682 4081 his
1696 4016 1866 4105 angustiis
1883 4039 2068 4089 evasurum
2085 4042 2170 4097 esse.

1450 4140 1529 4213 Hae
1545 4160 1628 4216 sunt
1643 4147 1791 4219 usitatae
1813 4150 1964 4220 insidiae
1985 4147 2219 4242 pharisaicae,
2244 4154 2337 4224 sicut

1351 4260 1385 4319 et
1407 4244 1496 4318 alibi
1520 4247 1654 4319 similes
1675 4251 1934 4323 describuntur.
1987 4253 2058 4324 Sed
2078 4250 2240 4325 Christus
2261 4270 2337 4325 arte

1351 4347 1488 4438 repellit
1510 4348 1678 4434 insidias,
1710 4366 1745 4422 et
1767 4375 1909 4442 prorsus
1935 4355 2080 4425 mirilico
2104 4370 2155 4425 est
2176 4349 2336 4439 historia,

1351 4470 1441 4543 qrrse
1462 4463 1499 4520 et
1513 4452 1711 4521 doctrinam
1733 4454 1855 4524 utilem
1882 4458 1989 4527 tradit
2015 4469 2049 4526 et
2070 4456 2198 4548 pingit:
2237 4469 2271 4527 et
2296 4456 2335 4525 iu

1350 4564 1469 4640 gestu,
1496 4564 1531 4623 et
1554 4553 1592 4621 in
1609 4576 1777 4645 responso
1794 4552 1928 4627 Christi
1954 4558 2175 4637 mirandum,
2203 4571 2239 4629 et
2258 4558 2335 4627 sin·-

1350 4652 1469 4742 gulare
1486 4654 1693 4737 consilium,
1726 4657 1816 4727 sicut
1838 4659 1968 4755 passim
1991 4658 2029 4726 in
2054 4655 2202 4729 historia
2226 4682 2336 4729 evan-

1349 4754 1482 4842 gelica,
1513 4755 1552 4823 in
1576 4757 1678 4827 lactis
1698 4771 1734 4829 et
1753 4762 1914 4829 oratione
1939 4756 2090 4847 Christi,
2128 4762 2336 4851 praesertim

1350 4877 1429 4926 curn
1460 4849 1725 4949 hypocritarum
1762 4860 1903 4931 insidiis
1940 4864 2091 4951 petitur,
2139 4862 2335 4953 singulares

1349 4957 1541 5050 quidamst
1553 4982 1648 5031 acres
1664 4974 1780 5033 motus
1794 4977 1830 5033 et
1844 4960 1988 5035 mirifice
2002 4966 2152 5057 cogitata
2168 4988 2335 5059 respousa

1349 5072 1557 5132 cernuntur.

1451 5192 1522 5265 Sed
1547 5195 1744 5267 doctrinam
1773 5190 1879 5271 huius
1902 5195 1970 5269 loci
1992 5196 2066 5291 ipsa
2087 5193 2256 5271 historiae
2278 5224 2334 5270 se-

1349 5294 1419 5365 ries
1441 5296 1564 5388 aperit.
1622 5296 1833 5369 initiorum
1857 5316 2041 5372 accusatur
2060 5303 2210 5387 mulier,
2242 5299 2336 5373 nihil

1348 5400 1539 5487 respondet
1555 5392 1738 5479 Christus,
1760 5413 1929 5494 tanquam
1945 5402 1984 5470 in
2002 5402 2107 5472 aliam
2124 5427 2198 5474 rem
2215 5404 2334 5475 inten-

1350 5510 1427 5583 tus,
1452 5499 1615 5569 videlicet
1640 5521 1784 5589 prorsus
1799 5525 1818 5569 a
1833 5525 1907 5571 sese
1930 5502 2092 5573 reiiciens
2113 5499 2205 5573 hanc
2226 5528 2333 5601 quae-

330 5608 430 5675 ritans
455 5628 497 5675 ex
516 5602 713 5692 Evangelio
741 5600 935 5671 secundum
963 5598 1131 5675 Ehraeus.
1193 5598 1298 5670 Certe
1348 5600 1519 5684 stionem,
1544 5600 1779 5690 pertinentem
1797 5604 1842 5671 ad
1859 5602 2098 5694 cognitionem
2112 5606 2335 5695 magistratus

331 5700 494 5778 huiclooo
514 5728 580 5775 nee
599 5719 730 5775 temere
748 5705 880 5773 inserta
901 5700 1062 5786 videtur,
1093 5724 1159 5770 nec
1180 5701 1298 5794 aliqua
1348 5702 1497 5793 politici.
1557 5698 1681 5772 Postea
1704 5726 1783 5772 cum
1806 5718 1974 5795 urgetur,
2012 5709 2219 5799 respondet,
2259 5731 2333 5777 uon

331 5822 497 5883 contestas
517 5807 739 5903 perturbatio
762 5814 925 5899 apparet,
957 5815 993 5875 et
1017 5802 1205 5894 ingruere
1225 5825 1299 5874 ser·
1349 5802 1394 5897 de
1408 5804 1577 5889 muliere,
1610 5807 1670 5875 sed
1696 5804 1740 5877 de
1759 5804 1905 5877 illorum
1928 5809 2096 5900 peccatis,
2128 5808 2190 5902 qui
2220 5808 2333 5902 ipsam
