5825 6950
577 682 653 760 867
731 714 734 723 ·
928 717 931 727 ·
1085 710 1089 719 ·
1148 660 1300 744 rtur,
1325 658 1445 739 rann.
1472 650 1686 735 scatere
1713 646 2023 779 affidentes.
2504 676 2556 749 ggg

571 852 723 931 Domini
743 848 857 927 nostri
881 845 962 917 lesu
984 836 1122 914 Christi
1144 836 1320 909 eredimus
1340 831 1489 919 salvari,
1514 829 1563 903 si·
1615 832 1667 891 est
1682 818 1879 900 distinctio.
1930 826 2057 903 Postea
2080 847 2115 906 ει
2136 836 2183 908 de
2198 840 2427 931 promissione
2441 843 2558 919 inculca·

574 972 634 1029 cut
658 971 690 1027 et
713 955 778 1025 illi.
831 946 878 1022 Et
898 945 1077 1022 Dominus
1102 942 1238 1036 inquit:
1266 932 1451 1011 Abraham
1475 932 1565 1006 vidit
1615 922 1670 994 bit
1685 925 1901 1014 particulam
1910 932 2161 1015 universalem.
2188 939 2330 1017 lusticis
2339 944 2403 1019 Dei
2419 972 2473 1039 per
2484 950 2559 1021 ideo

576 1060 672 1131 diem
688 1078 827 1145 meum,
864 1066 898 1123 et
916 1050 1141 1121 laetatusest.
1526 1044 1530 1054 “
1616 1022 1698 1095 lesu
1712 1021 1847 1099 Christi
1865 1028 1906 1100 in
1925 1059 2069 1123 omnes,
2093 1054 2128 1111 et
2151 1066 2407 1141 soperomnes.
2454 1048 2558 1123 inanis

577 1224 739 1303 Iustitia
753 1216 832 1295 Dei
841 1242 907 1322 per
915 1210 1029 1311 fidem
1044 1209 1133 1284 lesu
1152 1198 1303 1285 Christi
1317 1207 1357 1281 io
1372 1227 1513 1291 omnes,
1535 1212 1568 1276 at
1617 1126 2563 1343 Ξῑὶἕζξὲζιὲᾙοῗῖᾝὲᾚεξκιιῖἑῑὲἱὶῦῖἒὲζ

937 1340 1046 1416 ΜΨ
1071 1336 1208 1413 ‘'mm·
1618 1354 1680 1403 seu
1702 1355 1871 1424 operum,
1903 1343 1965 1411 sed
1990 1358 2042 1416 est
2066 1350 2225 1421 remissio
2250 1368 2464 1445 peccatorum
2483 1370 2511 1426 et
2528 1382 2563 1425 re·

683 1440 901 1557 ln.qoalibct
916 1452 1158 1546 disputatione
1179 1468 1319 1519 necesse
1342 1460 1393 1518 est
1417 1445 1569 1516 maxime
1619 1432 1844 1523 ῑθῦθῖΙίὃῑῑῡ,
1869 1454 1905 1512 ει
1919 1443 2111 1535 imputatio
2128 1450 2306 1537 iustitiae,
2332 1480 2393 1527 seu
2414 1460 2563 1549 acceptatio

582 1573 760 1640 intentum
785 1585 860 1632 esse
882 1558 922 1627 in
944 1553 1207 1627 controversiae
1227 1562 1357 1621 statum
1379 1563 1413 1620 et
1434 1549 1570 1639 prinei·
1620 1551 1764 1628 propter
1780 1541 1988 1615 mediatoris
2004 1551 2268 1642 obedientiam,
2292 1580 2373 1629 cum
2393 1584 2457 1654 qua
2475 1583 2563 1629 rerou

582 1672 697 1763 palem
715 1663 1005 1759 propositionem.
1045 1655 1169 1728 Sciant
1186 1654 1294 1743 igitur
1309 1646 1571 1736 iuniores,hoc
1620 1638 1801 1757 filiatione
1822 1646 2013 1719 coniuncta
2043 1665 2097 1723 sat
2118 1655 2332 1741 vivificatio,
2374 1686 2459 1755 quae
2477 1662 2564 1751 litpa

572 1752 660 1843 'loco
679 1770 770 1840 tradi
788 1763 1018 1857 principalem
1039 1757 1316 1851 propositionem
1334 1757 1380 1823 de
1403 1754 1572 1825 iustifica-
1620 1763 1739 1839 tpwm
1760 1743 1873 1815 filium
1895 1746 1984 1836 Dei,
2018 1778 2100 1823 cum
2123 1754 2193 1828 fide
2216 1756 2502 1853 apprehendimus
2514 1788 2563 1831 ver·

582 1878 692 1947 tione,
744 1865 876 1939 Obiter
886 1875 1004 1934 autem
1018 1861 1145 1953 repetit
1159 1857 1292 1943 Paulus
1306 1858 1411 1926 aliam
1430 1869 1571 1926 autece-
1621 1845 1707 1913 bum
1723 1840 1925 1962 livaogelii.
1978 1850 2082 1926 Hanc
2097 1858 2272 1931 iusticiam
2295 1864 2347 1934 ait
2360 1866 2473 1935 offerri
2484 1867 2564 1934 omni

584 1978 726 2045 dentem
744 1967 1024 2061 propositionem
1043 1963 1151 2055 paulo
1172 1973 1254 2031 ante
1270 1960 1469 2029 recitatam:
1495 1956 1572 2027 To·
1622 1946 1706 2028 δῦθι
1732 1963 1824 2019 “tui
1838 1952 1926 2023 elibi
1940 1978 2043 2049 saepe
2057 1958 2212 2034 inculcat
2226 1965 2471 2038 universatem,

584 2095 643 2151 tus
660 2074 818 2144 mundns
830 2084 882 2141 est
896 2086 979 2138 reus
999 2064 1087 2137 Deo.
1139 2062 1193 2134 lta
1209 2059 1267 2131 hic
1283 2062 1417 2156 inquit:
1434 2056 1574 2130 Omnes
1673 2045 1760 2139 Cip-
1778 2050 1837 2125 10.
1852 2052 1963 2127 Dives
1975 2060 2076 2131 Deos
2097 2062 2137 2133 io
2153 2086 2296 2155 omum,
2319 2068 2384 2163 qui
2397 2069 2566 2141 invocaverit

584 2186 838 2271 peceaverunt,
869 2183 903 2241 et
932 2181 1054 2239 carent
1084 2165 1195 2257 gloria
1222 2161 1307 2245 Dei,
1339 2163 1401 2233 ubi
1431 2185 1574 2253 prorsus
1724 2154 2026 2247 nomenliomiui,
2043 2164 2256 2240 salvuserit.

586 2284 684 2351 idem
700 2277 850 2357 dicitur,
876 2273 972 2366 quod
996 2284 1078 2340 aute
1100 2268 1236 2337 dictum
1259 2280 1328 2336 est:
1352 2261 1491 2335 Omnes
1507 2262 1573 2334 ho·
1672 2246 1820 2348 EtCap.
1838 2260 1896 2329 11·
1918 2261 2104 2339 Conclusit
2125 2264 2223 2343 Deua
2243 2294 2371 2343 omnes
2396 2275 2460 2345 sub
2482 2296 2565 2366 pecca·

588 2383 704 2451 mines
726 2393 829 2447 natos
849 2376 888 2443 in
910 2369 976 2443 hac
996 2370 1248 2463 depravatione
1269 2382 1418 2438 naturae
1444 2363 1574 2437 babere
1613 2417 1617 2431 .
1726 2366 1803 2425 tum
1818 2372 1883 2429 etc.
2081 2429 2086 2441 ,

587 2494 789 2575 peccatum,
815 2492 849 2547 et
864 2500 943 2546 reos
958 2497 1032 2544 esse
1048 2496 1165 2542 coram
1186 2468 1272 2540 Deo.
1305 2468 1574 2563 Etnequelieri
1672 2448 2056 2563 EtDomtnusinqoit:
2082 2468 2213 2544 Venite
2236 2479 2362 2551 adme
2384 2476 2564 2571 omues,qu'

588 2607 706 2677 neque
720 2604 794 2650 esse
808 2581 921 2649 iustos
936 2578 1034 2665 lege,
1048 2576 1138 2645 sicot
1153 2570 1317 2643 Psalmtts
1332 2572 1466 2665 inquit:
1492 2570 1574 2640 Nou
1725 2560 1897 2637 ieboratis
1914 2584 1948 2641 et
1962 2572 2099 2644 onerati
2113 2576 2197 2646 ostio
2209 2592 2277 2651 ooo,

587 2683 836 2757 iustificabitur
851 2681 890 2748 in
913 2690 1102 2767 conspectu
1126 2689 1187 2746 tuo
1209 2687 1273 2750 etc.
1325 2671 1377 2743 lta
1403 2669 1461 2743 bie
1484 2674 1575 2742 dici·
1677 2654 1785 2734 ilem:
1813 2663 1910 2738 Deos
1925 2674 2002 2744 vult
2017 2698 2140 2765 omnes
2155 2672 2319 2753 homines
2333 2682 2448 2752 salvos
2462 2680 2531 2753 fieri.

588 2802 667 2859 tur:
694 2778 832 2856 Omnes
858 2792 1111 2873 peecaverunt,
1143 2778 1180 2847 id
1203 2790 1273 2861 est,
1298 2771 1430 2845 habent
1452 2799 1574 2868 pecca·
1677 2756 1833 2837 Elsseei·
1850 2768 1931 2841 42:
1955 2774 2038 2846 Non
2054 2778 2202 2871 accipiet
2222 2806 2424 2874 personam.

589 2904 686 2972 tum,
710 2900 743 2955 et
767 2897 851 2955 sunt
876 2882 928 2952 rei
951 2879 1060 2975 (Nota
1075 2880 1119 2950 sit
1135 2880 1230 2951 enim
1247 2874 1385 2971 phrasis
1405 2876 1575 2966 Ebraea).
1677 2858 1754 2938 5⁸0²
1779 2865 1904 2945 P⁰⁸uil
1918 2871 2016 2949 Dent
2036 2879 2075 2949 in
2092 2904 2134 2951 eo
2149 2882 2359 2979 iniquitates
2373 2886 2554 2957 omniumr·

590 2990 638 3063 Ει
654 3003 773 3059 carent
790 2986 902 3077 gloria
918 2981 985 3054 Dei
996 3038 1007 3068 ,
1032 2984 1069 3053 id
1087 2996 1159 3067 est,
1185 2978 1262 3051 Deo
1280 2981 1356 3071 ipso
1373 2981 1514 3050 lucente
1535 2980 1574 3048 in
1727 2980 1853 3047 suum.

494 3132 499 3147 ·
591 3095 658 3171 eis,
693 3090 756 3183 qui
780 3111 861 3157 vere
882 3100 933 3156 est
954 3084 1086 3175 gloria,
1119 3086 1155 3153 id
1182 3097 1251 3167 est,
1276 3081 1358 3165 lux,
1390 3082 1576 3171 sapientia,
1676 3064 1773 3139 ilaec
1795 3076 2010 3151 universalia
2043 3082 2136 3156 dicta
2159 3088 2204 3157 de
2230 3090 2467 3182 promissione
2490 3103 2558 3159 tene

588 3194 745 3277 iusticie,
767 3192 838 3259 vita
856 3203 995 3259 aeterna
1012 3201 1045 3256 ct
1062 3188 1192 3256 laetitia
1210 3198 1363 3256 aeterna.
1414 3182 1461 3254 Et
1474 3208 1576 3255 com·
1627 3191 1707 3240 ¹⁰⁰⁵
1728 3185 1764 3243 et
1788 3199 2010 3268 opponamus
2034 3189 2221 3259 tentationi
2254 3194 2300 3264 de
2325 3192 2561 3285 particularitate

588 3294 777 3367 municans
792 3315 866 3361 sese
882 3291 1010 3374 beatis,
1036 3290 1120 3358 facit
1142 3302 1182 3360 ut
1206 3290 1243 3357 in
1268 3287 1320 3357 eis
1335 3286 1448 3357 luceat
1464 3287 1577 3376 ipsios
1626 3294 1707 3341 cum
1723 3276 1906 3367 disputant
1921 3302 2073 3373 mentes,
2100 3294 2234 3364 ausint
2254 3296 2293 3363 in
2311 3318 2462 3366 numero
2475 3293 2563 3363 electe

589 3400 671 3480 lux,
699 3396 890 3486 sapientia,
922 3393 1080 3476 iusticia,
1107 3392 1177 3461 vita
1203 3403 1344 3462 aeterna
1371 3403 1405 3460 et
1429 3389 1576 3470 laetitia,
1626 3374 1732 3444 ¹⁰¹⁰?
1759 3379 1805 3448 eb
1825 3376 1891 3453 hac
1914 3386 2154 3478 disputatione
2175 3396 2220 3463 ad
2249 3398 2442 3470 revelatam
2461 3394 2514 3467 llei
2528 3415 2565 3455 su

589 3501 679 3571 sicut
696 3495 844 3568 dicitur:
870 3493 967 3566 Deus
984 3495 1050 3563 erit
1065 3495 1184 3562 omnia
1209 3495 1247 3562 in
1271 3492 1449 3566 omnibus.
1628 3475 1800 3551 luntatem
1820 3483 1859 3554 in
1881 3484 2074 3581 Evangelio
2102 3500 2344 3585 deducamur,
2376 3514 2412 3571 et
2432 3501 2566 3569 credamus

692 3599 789 3670 llaec
811 3597 1057 3688 interpretatio
1081 3592 1149 3664 hoe
1173 3596 1251 3664 loco
1282 3597 1451 3687 quadrat,
1492 3595 1576 3687 qtria
1628 3601 1791 3696 θῐρῑθὸδῠ
1809 3593 1919 3658 Vflrbo
1942 3588 2027 3678 Dei,
2065 3609 2100 3668 et
2120 3623 2187 3670 uos
2210 3600 2248 3670 in
2270 3603 2495 3673 universalem
2513 3619 2565 3686 pte

589 3699 649 3773 hic
667 3703 880 3784 affirmatur,
906 3700 1002 3794 quod
1020 3699 1056 3766 io
1078 3698 1184 3768 uobis
1199 3720 1271 3766 non
1287 3697 1331 3767 sit
1347 3696 1408 3764 illa
1426 3697 1578 3784 iusticia,
1628 3683 1834 3756 m¹⁸⁸l⁰¹¹²ffl
1848 3691 2095 3785 lsstlssdflfflffi,
2119 3704 2272 3774 ⁸05³m¹1⁸
2287 3727 2367 3774 ⁰³¹⁰
2383 3707 2426 3774 td
2442 3724 2498 3772 ¹¹⁰⁵
2508 3721 2566 3791 ‘1¹¹⁰'

588 3827 679 3902 (prae
700 3817 750 3872 est
778 3803 889 3893 gloria
913 3825 1029 3871 coram
1053 3797 1150 3883 Deo,
1184 3799 1316 3883 idest,
1347 3820 1404 3867 res
1429 3799 1578 3890 optima,
1628 3807 1698 3876 (1¹¹2
1713 3790 1911 3880 Pertinere,
1938 3797 2090 3872 sciamus
2113 3804 2227 3874 filium
2242 3801 2311 3876 Dei
2338 3829 2486 3876 veracem
2505 3821 2567 3869 nnn·

588 3921 864 3998 propterquam
888 3897 1190 3972 Deusltominem
1220 3903 1401 3990 diligeret,
1443 3914 1477 3971 ει
1502 3924 1577 3970 non
1630 3885 1723 3956 tium
1740 3911 1832 3973 ²⁸⁸⁰,
1848 3920 2032 3990 perquem
2049 3907 2185 3995 prolata
2206 3901 2567 3998 estpromissioessine

588 4013 793 4076 destrueret.
865 4003 1086 4096 lntclligatur
1115 4025 1199 4094 ergo
1236 4003 1367 4093 gloria,
1408 4003 1465 4070 vel
1502 4003 1578 4094 ipse
1631 3992 1908 4085 θθῑιῐῐιὶρειιίε,
1933 4025 1997 4072 nec
2019 4004 2193 4096 fingamus
2210 4011 2392 4080 decadem
2416 4017 2566 4080 recutitu-

588 4107 685 4180 Deus
710 4131 783 4178 sese
814 4107 920 4176 nobis
944 4105 1228 4187 communicans,
1261 4106 1317 4173 vel
1349 4105 1579 4175 conformitas
1629 4090 1797 4164 diffisi&
1817 4102 2016 4174 V⁰l⁰¹¹i³i⁰⁸
2033 4107 2070 4176 5⁰
2087 4109 2181 4196 ⁰0⁰,
2206 4113 2290 4204 ‘1⁰5⁸
2314 4111 2411 4183 90⁰⁸
2431 4117 2568 4181 ‘'timi'‘

590 4233 670 4278 cum
685 4206 763 4280 Deo
790 4210 927 4278 lucente
950 4207 988 4277 in
1007 4208 1122 4277 nobis.
1174 4205 1264 4276 Nam
1287 4201 1372 4274 haec
1390 4206 1577 4277 interitura
1629 4189 1731 4265 Haut
1752 4203 2031 4277 emulationem
2061 4225 2212 4282 sumtam
2242 4237 2285 4284 cx
2311 4217 2423 4284 verbo
2448 4229 2567 4300 expresse

585 4312 658 4383 vita
685 4325 720 4382 ει
742 4307 829 4382 haec
854 4309 992 4380 iusticia
1014 4332 1179 4400 operum,
1216 4320 1489 4402 quantacunque
1515 4324 1579 4394 est,
1629 4310 1830 4387 teneamus,
1854 4328 1919 4375 nec
1934 4331 2000 4378 nos
2014 4309 2109 4400 ipsos
2131 4316 2436 4387 inextricabilibus
2449 4309 2565 4404 labyrio

588 4439 663 4484 non
688 4427 739 4484 est
762 4414 872 4504 gloria
892 4435 1010 4482 coram
1030 4410 1123 4492 Deo,
1148 4411 1185 4478 id
1210 4425 1278 4496 est,
1299 4432 1354 4479 res
1371 4412 1468 4494 talis,
1492 4435 1575 4502 pro·
1628 4391 1701 4467 ihl⁸
1716 4401 1996 4494 disputationum
2012 4411 2254 4505 implicemus,
2279 4441 2372 4512 quae
2392 4420 2565 4488 fidemens-

588 4531 666 4606 pter
683 4539 788 4610 qoam
806 4515 901 4584 Deus
917 4515 1038 4603 diligat
1055 4511 1255 4598 homiuem,
1270 4527 1304 4586 ει
1320 4535 1394 4580 non
1411 4514 1576 4583 destruat.
1629 4515 1728 4586 1⁰⁰1,
1752 4528 1792 4574 ac
1813 4512 1928 4582 multo
1944 4515 2054 4601 magis
2068 4517 2247 4591 luctemur
2257 4545 2339 4592 cum
2356 4537 2469 4590 nostra
2488 4515 2566 4582 init·

587 4614 735 4688 Etiamsi
764 4633 816 4689 est
835 4619 1008 4688 excellens
1029 4615 1276 4704 gloriacoram
1297 4609 1576 4685 hominibusio·
1627 4603 1792 4693 ‘illimes
1819 4623 1854 4681 et
1877 4615 1910 4683 ei
1934 4617 2206 4705 promissionem
2235 4622 2464 4693 universalem
2487 4637 2566 4706 eppe

586 4720 686 4790 stieia
703 4719 867 4806 Solonis,
899 4733 959 4791 aut
979 4717 1171 4802 Aristidis,
1212 4731 1332 4788 tamen
1355 4739 1429 4786 nou
1451 4718 1578 4791 tribuit
1627 4727 1772 4793 mmm,
1800 4716 1858 4783 tui
1878 4718 2130 4806 assentientur,
2162 4737 2197 4794 et
2228 4723 2335 4794 simul
2364 4735 2506 4818 petamus
2525 4733 2566 4781 on

588 4822 745 4891 civitam
764 4837 956 4892 aeternam.
1625 4809 1848 4900 ⁰⁰¹¹f¹¹⁸¹⁰³¹is
1872 4817 1963 4890 θῖΰῦῑ
1983 4821 2046 4888 iiie
2058 4822 2194 4917 inquit:
2219 4823 2338 4898 Credo
2355 4821 2507 4902 Domine,
2526 4816 2564 4884 eti

686 4921 831 5012 Longae
859 4937 944 4994 sunt
966 4920 1224 5012 disputationes
1251 4921 1405 4990 aliorum
1435 4917 1579 4992 dehac
1624 4935 1727 5000 ⁰9⁰²!
1759 4915 1814 4986 fet·
1844 4919 2080 4995 imbecillitati
2112 4951 2228 5014 meae,
2271 4951 2338 4998 nee
2365 4926 2566 5012 toootgams

584 5017 722 5114 phrasi:
750 5023 879 5096 Carent
902 5025 1012 5114 gloria
1036 5021 1122 5107 Dei,
1156 5025 1217 5090 sed
1241 5023 1413 5093 sententia
1435 5038 1576 5094 nonest
1624 5026 1766 5087 nostrae
1780 5021 2010 5094 diffidentiae.
2061 5023 2166 5098 Hanc
2188 5030 2460 5104 admonitionem
2476 5020 2564 5094 utilem

584 5126 748 5198 obscura.
798 5124 932 5196 Paulus
954 5127 1106 5198 affirmat
1137 5128 1257 5194 deesse
1285 5121 1376 5194 hanc
1395 5125 1576 5194 iusticiam
1623 5139 1697 5188 esse
1715 5123 1942 5196 manifestum
1957 5141 2022 5198 est.

582 5226 623 5294 iu
646 5222 836 5297 hominum
860 5241 1008 5312 natura,
1033 5251 1124 5320 quae
1150 5239 1201 5296 est
1227 5227 1360 5316 integra
1380 5227 1575 5297 conl'ormi-
1934 5292 1940 5309 ,
2364 5299 2372 5315 ,

583 5340 637 5398 tas
657 5352 738 5400 cum
756 5327 855 5415 Deo,
879 5331 957 5400 sine
973 5343 1115 5421 peccato
1129 5343 1163 5398 et
1178 5329 1257 5398 sine
1270 5343 1397 5404 morte.
1822 5287 2095 5385 'Imifi‘amu'
2108 5305 2231 5370 “uum
2256 5293 2398 5373 Gmffl·

683 5429 887 5522 Diligenter
904 5445 1024 5502 autem
1043 5433 1265 5501 observando
1290 5445 1340 5502 est
1360 5431 1574 5502 universalis
1722 5423 1821 5496 Haec
1833 5443 1906 5499 tots
1924 5428 2111 5520 periodus,
2137 5459 2227 5528 quae
2241 5435 2413 5530 seqnitur,
2436 5442 2479 5499 est
2492 5421 2560 5516 prin

580 5533 753 5624 particula
784 5535 822 5602 in
849 5548 999 5627 utraque
1023 5531 1282 5624 propositione,
1319 5533 1355 5601 io
1388 5534 1572 5625 praedica·
1620 5529 1743 5622 cipalis
1773 5533 1974 5623 propositio
1996 5549 2031 5606 et
2060 5547 2172 5606 status
2200 5540 2239 5606 in
2272 5535 2342 5608 loro
2368 5527 2558 5622 disputatione

578 5635 676 5704 tione
701 5637 941 5727 poenitentiae
963 5647 999 5706 et
1020 5636 1256 5726 promissione
1282 5639 1427 5724 gratiae:
1456 5633 1570 5704 Dam—
1617 5629 1743 5716 Pauli,
1765 5655 1806 5702 ac
1827 5636 1962 5706 multae
1988 5636 2274 5710 circumstantiae
2302 5635 2360 5710 ltic
2385 5637 2558 5705 intexunwt·

576 5751 709 5808 uantur
732 5761 856 5808 omnes
886 5733 1052 5807 homines
1074 5737 1148 5808 nati
1178 5737 1216 5804 iu
1246 5731 1313 5806 hac
1337 5739 1569 5828 cornrptiooe
1615 5731 1671 5804 sit
1693 5747 1811 5805 autem
1835 5749 1922 5807 nota
1943 5732 2085 5828 phrasis
2114 5739 2365 5825 iustificatum,
2397 5739 2430 5806 id
2450 5745 2506 5803 est.
2525 5743 2553 5786 ιι

574 5849 742 5916 naturae.
764 5855 803 5911 ut
819 5835 1111 5936 inquittotnues
1124 5853 1241 5910 tarent
1258 5839 1368 5932 gloria
1387 5837 1466 5920 Dei,
1490 5863 1566 5910 non
1615 5837 1689 5907 reis
1702 5839 1983 5929 pronuntiamur
2000 5863 2078 5912 non
2097 5844 2174 5927 rei,
2196 5847 2372 5916 dommus
2389 5831 2553 5910 remissione
