5825 6950
332 691 422 770 sos
702 692 807 773 xm.
862 670 2113 794 t.COMMENTAtt111NEPtST.t³AUht.ADROMANOS.
2297 723 2374 810 ⁵02

328 882 435 951 rtur,
476 881 516 942 nr
539 867 707 942 convenit
732 865 884 953 artifici,
920 865 1102 958 aptissime
1122 870 1328 960 complexus
1379 878 1413 942 et
1427 869 1612 961 agnitione
1627 867 1891 952 misericordiae
1907 881 2002 960 inter
2016 900 2184 968 terrores.
2237 895 2284 973 Et
2302 895 2373 975 boc

327 969 522 1061 Evangelii
559 995 734 1042 summam
765 993 806 1042 ac
839 963 1074 1055 methodum,
1113 995 1194 1040 cum
1229 974 1329 1046 lubet
1378 969 1457 1044 vult
1482 974 1616 1046 dictum
1633 969 1736 1048 Pauli
1760 983 1804 1051 de
1828 981 1920 1076 lege:
1959 985 2033 1060 Lex
2055 993 2146 1065 iram
2170 999 2296 1086 efficit,
2330 1005 2366 1078 id

327 1077 541 1166 praedicare
565 1070 820 1166 poenitentiam
839 1085 873 1145 et
893 1072 1142 1142 remissionem
1166 1089 1327 1167 peccato-
1377 1087 1449 1159 est,
1474 1075 1603 1148 incutit
1622 1071 1811 1153 horribiles
1836 1101 2009 1175 terrores,
2035 1097 2158 1190 quales
2180 1123 2282 1195 saepe
2303 1111 2369 1177 de-

327 1201 413 1246 rum
435 1178 475 1246 3ss
497 1177 743 1249 ‘nonomine'
795 1172 919 1270 ltaque
944 1175 1181 1245 mfnffgreftum
1205 1174 1326 1248 Evan.
1375 1177 1582 1250 scribuntur
1599 1179 1637 1249 in
1654 1180 1822 1272 Psalmis,
1848 1205 1880 1260 et
1897 1185 2065 1267 Ezechias
2090 1200 2229 1295 inquit:
2265 1207 2369 1283 Sicut

326 1279 415 1370 8²¹st
444 1279 601 1372 prtmum
624 1279 742 1370 arguit
766 1291 929 1371 peccata,
964 1277 1056 1348 sicut
1076 1273 1243 1349 Christus
1266 1281 1323 1350 in·
1376 1278 1430 1349 leo
1447 1283 1626 1352 ‘contrivit
1647 1285 1768 1356 omnia
1795 1314 1871 1360 ossa
1890 1317 1979 1368 mea.
2040 1303 2234 1377 Adferrent
2258 1293 2378 1401 tgtror'

324 1381 434 1476 quit:
479 1379 637 1476 spirim,
661 1392 803 1452 „nepus
828 1391 953 1469 arguet
978 1379 1154 1452 mundum
1176 1381 1220 1450 de
1243 1407 1322 1472 pec.
1373 1375 1412 1450 hi
1428 1407 1575 1472 pavores
1594 1385 1739 1456 exitium
1757 1403 1790 1459 et
1811 1406 1988 1468 aeternam
2013 1418 2185 1491 mortem,
2214 1411 2283 1482 nisi
2309 1439 2368 1486 ac-

321 1499 405 1554 mo
429 1494 497 1558 ere,
568 1479 639 1554 Hie
662 1507 744 1555 curn
768 1505 869 1552 rnens
898 1482 1057 1570 agnoscit
1082 1497 1260 1574 peccatum
1289 1500 1323 1556 et
1372 1487 1512 1554 cederet
1535 1486 1620 1556 fides
1642 1491 1811 1582 paulatim
1830 1496 1967 1586 erigens
1982 1503 2140 1592 animos,
2167 1508 2311 1585 intuens
2327 1517 2366 1588 in
2457 1497 2459 1504 ,

322 1585 418 1654 iram
437 1585 529 1674 Dei,
563 1609 604 1656 ac
627 1585 720 1657 veris
738 1583 935 1656 terroribus
958 1585 1176 1676 expavescit,
1201 1581 1322 1656 Evan-
1372 1587 1624 1675 promissiones
1646 1587 1797 1676 Christi,
1832 1612 1937 1692 atque
1961 1604 2009 1674 ita
2031 1601 2214 1683 Christum
2236 1639 2365 1710 appre-

316 1687 461 1778 gatium
491 1685 661 1781 proponit
685 1687 985 1770 consolationem,
1026 1701 1060 1758 et
1090 1712 1166 1756 earn
1198 1713 1320 1760 vocem
1371 1682 1543 1762 hendeus.
1604 1689 1699 1764 llaec
1726 1701 1917 1771 certamina
1941 1721 2073 1798 quauta
2097 1711 2188 1796 sint,
2214 1737 2363 1794 monent

314 1813 414 1884 quae
438 1805 493 1862 est
519 1791 633 1884 ipsius
652 1785 841 1878 Evangelii
873 1786 1036 1881 propria,
1077 1789 1213 1861 scilicet
1234 1815 1320 1882 pro·
1367 1784 1513 1868 Psalmi.
1560 1789 1751 1883 Quomodo
1771 1801 1930 1874 videmus
1946 1803 2139 1886 luctantem
2153 1839 2271 1890 secum
2287 1821 2362 1896 Da·

313 1893 536 1963 m33350nem
561 1891 723 1964 beneficii
748 1887 901 1977 Christi,
939 1904 1112 1964 monstrat
1143 1893 1318 1966 mediato-
1368 1891 1505 1980 videm,
1540 1919 1620 1964 cum
1644 1897 1817 1972 clamitat:
1848 1899 2004 1980 Domine
2028 1936 2073 1982 ne
2099 1915 2136 1984 in
2158 1919 2278 1992 iurore
2301 1949 2359 1996 ar-

311 2018 394 2064 ram
423 1995 541 2068 filium
565 1993 654 2081 Dei,
684 1993 775 2065 sicut
799 1991 952 2064 loannes
975 2017 1057 2064 eum
1080 1996 1314 2094 monstrabat,
1366 2015 1451 2084 guas
1470 2019 1539 2069 me.
1592 1995 1764 2072 Miserere
1779 2007 1848 2074 mei
1863 2005 2029 2084 Domine.
2083 2015 2264 2108 Quoniam
2282 2050 2357 2098 non

308 2097 517 2190 inquiens:
556 2091 647 2168 Erre
675 2117 787 2187 agnus
817 2096 912 2181 Dei,
951 2097 1013 2188 qui
1047 2095 1141 2170 sottir
1171 2112 1310 2189 peccata
1367 2098 1477 2170 estin
1505 2112 1641 2185 morte,
1676 2105 1736 2198 qui
1762 2131 1898 2179 memor
1921 2113 1966 2183 ait
1993 2117 2066 2202 tui,
2099 2125 2273 2215 usquein
2299 2129 2357 2199 in-

307 2199 468 2286 mundi,
485 2200 583 2270 iubet
599 2211 768 2285 statuere,
793 2199 890 2292 quod
905 2211 1050 2290 propre„
1067 2193 1164 2269 hunc
1179 2200 1314 2272 media.
1365 2198 1467 2270 lerno
1483 2204 1546 2296 qui
1562 2203 1683 2276 landet
1698 2222 1742 2277 te.
1791 2203 1873 2282 Nou
1899 2215 2043 2289 obiicias
2061 2245 2120 2290 me
2139 2224 2231 2297 inter
2253 2229 2356 2302 dasn-

308 2315 434 2372 torem
454 2301 568 2372 filiurn
584 2301 668 2390 Dei,
684 2299 884 2374 Dominum
899 2313 1060 2371 nostrum
1077 2298 1192 2372 lesum
1206 2297 1315 2373 Chri·
1364 2315 1486 2389 natos,
1513 2305 1573 2400 qni
1595 2321 1751 2380 uruntur
1770 2305 1936 2386 horribili
1961 2333 1997 2392 et
2017 2336 2160 2394 aeterno
2182 2329 2266 2400 odio
2289 2335 2356 2420 tui,

315 2417 435 2484 crum,
468 2417 567 2476 certo
588 2404 694 2474 nobis
716 2406 872 2474 donetur
890 2401 1053 2474 remissio
1077 2417 1313 2494 peccatorum,
1364 2416 1400 2473 et
1415 2403 1480 2475 tibi
1497 2407 1728 2482 maledicunt.
1782 2412 1834 2484 Ne
1854 2417 1891 2486 in
1910 2413 2007 2493 hunc
2031 2439 2169 2498 coetum
2193 2419 2349 2505 hositum

321 2517 361 2574 et
382 2506 571 2600 imputatio
599 2505 783 2578 iusticiae:
827 2528 902 2577 non
923 2516 1071 2598 propter
1092 2503 1166 2575 nlla
1192 2522 1312 2579 nostra
1362 2517 1508 2578 tuorum
1533 2511 1693 2586 abiiciar.
1744 2509 1790 2585 Et
1807 2513 1898 2594 Psal.
1915 2521 1994 2598 sta
2035 2523 2157 2617 Quare
2179 2533 2290 2606 t'ristis
2314 2562 2351 2610 es

320 2631 424 2698 „pm
446 2631 509 2680 m
532 2609 679 2693 merit„
709 2609 770 2678 ,ed
792 2605 901 2698 gnei,
925 2607 1013 2694 fide,
1054 2607 1092 2707 id
1114 2619 1185 2689 est,
1228 2633 1309 2680 cum
1361 2608 1480 2682 anima
1502 2634 1600 2694 mea,
1637 2627 1670 2685 et
1697 2640 1805 2710 quare
1832 2628 2023 2698 conturbas
2048 2629 2136 2702 me?
2176 2633 2286 2730 Spera
2311 2641 2350 2710 in

311 2711 497 2782 tradimur
527 2709 698 2782 inarare
718 2710 825 2780 nobis
848 2733 888 2780 ac
911 2723 1009 2780 certo
1034 2723 1179 2802 propter
1200 2705 1309 2782 Chri·
1359 2705 1497 2804 Deum,
1534 2715 1704 2810 quoniam
1734 2715 1851 2822 adhuc
1881 2724 2035 2802 laudabo
2059 2757 2152 2804 eum.
2216 2737 2272 2809 D'e
2292 2735 2349 2816 his

309 2826 409 2882 rrum
429 2811 571 2885 donari.
609 2811 700 2885 Cum
714 2805 949 2884 hacbdenos
969 2811 1158 2901 erigimus,
1182 2828 1309 2887 etsus-
1359 2814 1469 2885 tentis
1489 2817 1746 2890 certaminibus
1770 2815 1829 2892 hic
1845 2851 1986 2924 quoque
1999 2828 2134 2907 Paulus
2157 2843 2348 2913 conciona-

308 2927 498 2986 tentamus
519 2916 699 2988 intuentes
721 2907 922 2996 Christum,
948 2915 1203 3007 consequimur
1226 2940 1309 2988 vere
1359 2927 1436 3003 tur,
1461 2940 1526 2986 nec
1539 2932 1677 2992 tantum
1694 2922 1807 3016 litigat
1823 2931 1867 2996 de
1887 2930 1990 3004 suilla
2010 2958 2138 3025 carne,
2161 2956 2226 3013 aut
2247 2943 2347 3017 simi-

306 3017 561 3088 remissiorresn
578 3031 823 3110 pcccatorum,
848 3032 883 3089 et
905 3030 1113 3108 reputamur
1138 3017 1243 3102 iusti,
1267 3021 1305 3088 isl
1356 3016 1420 3087 tib.
1436 3019 1534 3094 ritib.
1566 3018 1731 3094 Clamitat
1750 3051 1872 3102 omnes
1886 3056 1959 3104 esse
1974 3039 2042 3109 sub
2057 3057 2209 3132 peccato.
2248 3043 2347 3121 Haec

305 3133 381 3204 est,
409 3119 545 3211 accepti
560 3145 680 3192 coram
699 3116 796 3206 Deo,
821 3132 856 3191 et
878 3121 1057 3190 donamur
1071 3117 1209 3208 Spiritu
1224 3143 1307 3190 san·
1356 3121 1529 3192 sententia
1546 3121 1590 3192 de
1606 3127 1803 3200 terroribus
1819 3135 2065 3210 concionatur:
2093 3145 2223 3217 deinde
2240 3167 2345 3220 mon-

304 3234 387 3307 cto,
413 3235 451 3294 et
465 3220 639 3294 efficimur
653 3222 718 3292 filii
733 3221 816 3309 net,
840 3245 881 3292 ae
896 3219 1066 3290 haeredes
1080 3221 1174 3292 vitae
1190 3237 1304 3292 aeter·
1355 3233 1443 3292 strat
1473 3217 1675 3316 Christum,
1709 3229 1849 3326 inquit,
1890 3261 1956 3311 uos
1983 3243 2092 3329 gratis
2118 3245 2187 3316 fide
2216 3249 2345 3322 iustili-

304 3345 393 3408 nae,
428 3338 471 3395 nt
490 3321 588 3399 luan.
606 3328 638 3398 1.
657 3325 848 3396 scribitur:
886 3319 996 3394 Dedit
1018 3323 1069 3392 eia
1096 3335 1303 3414 potestatem
1355 3323 1426 3393 cari
1442 3337 1508 3395 etc.
1559 3325 1608 3398 Et
1623 3345 1663 3400 ut
1678 3333 1829 3404 sciamus
1849 3362 1928 3409 eum
1946 3341 2046 3438 loqui
2062 3371 2136 3417 non
2162 3351 2206 3420 de
2218 3353 2342 3426 otiosis

305 3425 402 3497 fitius
419 3421 487 3497 Dei
503 3425 599 3514 fieri,
618 3427 845 3499 credentibus
859 3425 898 3496 in
915 3423 1163 3495 nomineeiua
1205 3423 1303 3497 llaec
1353 3425 1645 3517 cogitationibus,
1670 3435 1730 3504 sed
1757 3435 1801 3507 de
1825 3437 1895 3512 lide
1922 3443 2078 3520 luctante
2098 3476 2179 3521 cum
2196 3459 2340 3545 pavori-

308 3529 793 3623 ,ungplgnfflpmpiruffi
818 3530 917 3601 etad
940 3550 1044 3599 usum
1067 3527 1300 3599 conscientia·
1352 3528 1444 3614 bus,
1477 3530 1622 3624 inquit:
1660 3534 1842 3612 iustificati
1875 3544 1962 3632 lide,
2001 3573 2122 3642 pacem
2153 3548 2338 3652 habemus,

306 3650 390 3701 rum
411 3634 698 3725 accommodata,
723 3656 764 3703 ac
783 3629 943 3724 conspici
962 3630 1001 3697 in
1026 3630 1192 3722 exemplis
1219 3653 1301 3719 pos-
1350 3629 1451 3702 item:
1469 3630 1657 3705 Accessum
1673 3639 1716 3709 ad
1729 3636 1843 3713 Deum
1854 3660 1919 3721 etc.
1952 3644 2057 3723 Item:
2074 3650 2163 3725 Fide
2178 3663 2339 3748 agnosci-

305 3746 401 3808 ,Μ
453 3732 569 3807 David
585 3756 667 3805 κη,
683 3734 849 3806 adulterii
865 3732 1050 3815 secordis,
1074 3729 1299 3802 cnmaPro·
1349 3754 1429 3801 mus
1451 3756 1518 3804 uos
1536 3735 1639 3827 diligi
1662 3737 1788 3813 aDeo.
1839 3742 1930 3818 Cum
1953 3750 2063 3843 igitur
2078 3758 2167 3827 adeo
2188 3775 2269 3851 apte
2290 3766 2336 3833 ad

310 3829 417 3925 phgr,
441 3850 684 3922 accurantur,
708 3856 897 3927 oppressus
921 3846 972 3905 est
998 3832 1204 3919 ingentibus
1228 3845 1299 3904 ter·
1348 3832 1522 3925 reliquam
1540 3841 1749 3931 scripturam
1767 3844 2009 3938 propheticam
2024 3849 2110 3927 haec
2124 3854 2226 3933 Pauli
2241 3863 2337 3935 dicta

309 3936 465 4009 roribus,
515 3936 641 4010 Postea
664 3938 813 4027 erigitur
834 3960 921 4009 voce
936 3933 1191 4015 absolutionis,
1215 3958 1297 4008 curn
1347 3954 1566 4025 congruant,
1591 3964 1680 4033 quae
1696 3949 1905 4035 perversitas
1920 3968 1972 4026 est
1995 3955 2102 4029 aliam
2125 3965 2335 4037 sententiam

311 4038 358 4109 air
380 4034 579 4132 Propheta:
607 4039 784 4112 Dominus
806 4036 953 4110 abstulit
977 4049 1157 4129 peccatum
1182 4052 1297 4125 tunm,
1346 4034 1460 4109 Paulo
1482 4038 1676 4137 affingere?
1708 4044 1778 4119 Sed
1804 4074 1923 4144 pergo.
1973 4054 2065 4130 Cum
2089 4054 2174 4133 haec
2190 4080 2334 4139 senten-

311 4161 382 4209 Μ
404 4142 581 4215 meri,
632 4141 871 4215 flammea„
895 4138 1066 4227 audiens,
1092 4138 1205 4209 credit
1225 4140 1295 4208 sibi
1345 4141 1414 4225 tia,
1453 4166 1562 4236 quam
1593 4147 1738 4218 recitavi
1773 4150 1818 4223 de
1851 4160 2081 4232 conversione
2109 4160 2266 4239 bominis
2296 4190 2332 4245 et

310 4256 486 4329 ,mmm
509 4244 661 4332 remini,
693 4267 770 4315 non
792 4256 939 4337 propter
958 4264 1059 4311 suasu
1085 4238 1294 4330 dignitatern
1345 4240 1616 4333 iustificatione,
1649 4252 1831 4343 perspicua
1852 4269 1886 4328 et
1912 4261 2016 4349 plana
2037 4264 2102 4349 sit,
2136 4284 2169 4339 et
2191 4270 2227 4340 in
2255 4274 2327 4345 vita

308 4356 364 4414 ,up
378 4346 526 4428 merita,
551 4350 610 4417 ,sd
625 4346 735 4438 gratis
750 4369 816 4436 par
836 4342 1137 4431 misericordiam,
1163 4366 1203 4413 ac
1228 4344 1295 4413 scit
1344 4367 1448 4415 nsum
1466 4340 1615 4453 habeat,
1641 4364 1673 4419 et
1697 4352 1743 4423 sit
1758 4368 1832 4426 rata
1853 4374 1886 4431 et
1909 4362 2142 4437 immutabilis
2156 4375 2330 4444 sententia

309 4448 511 4533 ,pompm
528 4472 602 4520 ,Μ
618 4449 867 4520 tim-,riorum
884 4471 904 4515 a
923 4460 1084 4537 peccato,
1106 4458 1174 4514 eta
1193 4468 1291 4515 mor·
1342 4441 1557 4536 Evangelii,
1608 4454 1776 4541 patefacta
1810 4464 1997 4553 patribus,
2046 4471 2331 4545 adversariorum

310 4558 359 4631 rs,
382 4564 528 4642 propter
543 4564 734 4625 venturum
749 4550 994 4620 liberatorems
1029 4547 1095 4617 scit
1107 4540 1290 4617 Christum
1343 4548 1472 4639 partim
1488 4550 1705 4645 deploranda
1723 4570 1775 4630 est
1790 4565 1954 4651 caecitas,
1980 4572 2108 4659 partim
2124 4572 2327 4649 detestanda

308 4645 380 4718 sm
400 4648 552 4725 haum
576 4678 641 4745 pm
665 4651 816 4745 gemm
836 4645 986 4721 humani
1006 4648 1166 4739 generis,
1199 4649 1290 4721 sicut
1342 4650 1554 4741 pertinacia,
1594 4656 1656 4749 qui
1685 4673 1843 4732 nostram
1867 4666 2193 4757 interpretationem
2224 4679 2330 4747 dam·

307 4748 342 4817 in
363 4748 506 4825 Psalmo
528 4756 595 4825 ait:
629 4752 688 4825 Tu
711 4776 748 4823 es
769 4753 935 4824 sacerdos
955 4750 996 4819 in
1018 4765 1201 4822 aeternum
1224 4765 1289 4824 etc.
1341 4763 1442 4827 nant.
1507 4748 1627 4850 Atque
1650 4752 1708 4831 hic
1735 4764 1895 4837 obtestor
1918 4792 1982 4861 per
1999 4766 2182 4844 Christum
2202 4802 2327 4851 omnes

305 4850 382 4925 fl„
402 4854 472 4927 fid„
493 4878 532 4928 ,ρ
554 4870 775 4943 surrentans,
800 4855 842 4926 fit
862 4856 993 4939 iustus,
1019 4852 1145 4939 idest,
1167 4876 1288 4942 aceep-
1341 4854 1438 4947 pios,
1463 4867 1504 4927 nt
1518 4859 1737 4950 expendant,
1761 4864 1846 4959 quid
1873 4868 1912 4938 in
1936 4883 2086 4967 utraque
2106 4891 2206 4969 parte
2228 4882 2326 4953 dica·

305 4968 358 5025 tus
371 4980 490 5029 coram
505 4956 585 5031 Deo
597 4962 643 5029 ad
663 4958 772 5029 vitam
790 4970 981 5030 aeternam.
1032 4952 1092 5027 Sic
1104 4953 1223 5026 Lucae
1237 4954 1288 5026 t:
1340 4971 1411 5029 tnr.
1463 4956 1671 5032 Adversarii
1686 4964 1843 5039 fatentur
1863 4986 2026 5064 oportere
2042 4976 2189 5051 existere
2210 4996 2325 5055 terro·

301 5052 437 5131 Mun„
459 5062 559 5132 mir
582 5061 782 5156 lacrymans
797 5058 843 5131 ad
864 5052 1070 5142 Christum,
1095 5078 1288 5148 agnoscens
1339 5082 1415 5148 res,
1444 5060 1505 5129 sed
1523 5062 1573 5149 ‚de
1593 5062 1663 5135 lide
1681 5063 1785 5139 aliter
1805 5068 2018 5165 loquuntur:
2056 5081 2184 5155 volunt
2205 5087 2326 5157 adesse

295 5178 533 5255 suspectata:
562 5177 683 5256 postea
703 5161 760 5231 illi
781 5160 901 5255 inquit
914 5156 1096 5233 Christus:
1125 5156 1223 5229 Vade
1247 5160 1287 5228 in
1340 5160 1511 5231 noticiam
1527 5158 1718 5254 historiae,
1738 5170 1799 5240 sed
1824 5172 1949 5247 iubent
1964 5178 2125 5252 dubitare
2140 5186 2185 5255 de
2201 5188 2325 5259 remis-

297 5286 400 5353 pece,
423 5264 511 5337 fides
525 5278 586 5337 tua
602 5265 736 5335 salvam
751 5263 896 5336 refacit.
953 5256 1006 5333 lta
1024 5254 1062 5329 hi
1078 5261 1286 5331 dnomotns
1340 5262 1440 5332 sione
1457 5280 1698 5358 peccatorum:
1732 5284 1766 5343 ct
1783 5272 1886 5347 sicui
1903 5278 2098 5371 contingit,
2124 5286 2327 5361 aiuntcon-

298 5364 333 5437 in
356 5369 591 5439 conversione
617 5368 887 5450 describuntur,
927 5386 1101 5457 pavores,
1127 5376 1161 5431 et
1189 5362 1286 5432 lides.
1339 5363 1476 5454 tingere
1504 5383 1650 5463 propter
1671 5372 1808 5449 merita.
1880 5374 1934 5450 lta
1955 5382 2162 5476 simpliciter
2181 5390 2326 5466 abolent

298 5464 416 5561 Vulgo
444 5491 594 5562 pavores
623 5482 751 5541 vocant
780 5464 1048 5539 contritionem:
1086 5462 1149 5533 sed
1171 5462 1286 5533 scieu-
1338 5459 1594 5557 Evangelium,
1627 5474 1724 5565 quod
1747 5477 1850 5549 docet
1872 5496 2016 5574 propter
2038 5480 2219 5562 Christum
2239 5516 2325 5563 con·

294 5570 380 5645 durn
395 5586 470 5659 est,
493 5594 641 5665 pavores
655 5594 731 5644 non
746 5568 875 5643 mareri
888 5566 1188 5641 condonationem
1204 5590 1285 5657 pec·
1337 5566 1473 5658 tingere
1488 5564 1558 5642 boc
1568 5572 1797 5649 beneficium:
1821 5593 1855 5651 et
1873 5596 1911 5655 ut
1927 5583 1973 5657 sit
1988 5600 2142 5677 certum,
2163 5590 2257 5664 edita
2272 5607 2325 5666 est

291 5690 475 5762 urorum,
496 5676 570 5747 imo
586 5674 657 5745 nisi
670 5673 852 5744 accederet
867 5666 978 5755 fides,
1000 5690 1102 5739 meus
1116 5691 1284 5761 oppressa
1336 5670 1547 5763 promissio,
1573 5688 1608 5747 et
1623 5680 1770 5749 mandat
1790 5677 1904 5769 Deus,
1930 5700 1970 5757 ut
1992 5690 2221 5780 promissioni
2245 5719 2325 5766 cre-

288 5776 520 5862 terroribns,
558 5788 680 5847 rueret
707 5774 747 5845 in
774 5785 953 5843 aeternam
983 5782 1154 5840 mortem:
1194 5768 1286 5841 sicut
1335 5772 1461 5843 damus
1484 5796 1525 5846 ac
1547 5776 1798 5871 assentiamur,
1823 5808 1972 5881 eamque
1993 5790 2039 5859 ad
2063 5814 2129 5862 nos
2149 5794 2326 5887 pertinere

285 5876 401 5965 ὄψι,
426 5875 534 5950 ludas
555 5878 762 5972 perierunt,
787 5898 868 5947 cum
885 5895 960 5945 non
974 5870 1152 5965 erigerent
1166 5872 1286 5982 selide
1335 5886 1543 5955 statuamus.
1584 5876 1689 5952 ilaue
1709 5904 1784 5956 esse
1800 5910 1920 5961 veram
1937 5902 1970 5961 et
1985 5906 2189 5986 perpetuam
2203 5894 2326 5973 Evau-
