5825 6950
315 692 432 769 ιιι
708 690 791 767 xu.
843 684 1677 767 uusnnsrrornuvssu.·1oanu1s.
1734 688 1838 769 ese.
1874 692 1974 768 xer.
2206 666 2209 673 '
2281 694 2360 771 sss

322 880 440 955 tegam
453 860 639 936 ministros
648 860 852 955 Evangelii,
868 854 1063 947 Ecclesias,
1080 857 1236 948 scholas,
1252 862 1312 953 pia
1367 860 1507 933 minum
1523 876 1707 934 moveatur
1722 864 1797 934 solo
1821 864 1969 934 nomine
1984 857 2181 946 Ecclesiae,
2217 888 2357 937 necesse

320 968 463 1053 studia,
481 968 622 1039 etiamsi
637 970 794 1037 mundus
809 968 933 1037 iureus
951 962 1315 1056 delereEeangelium
1367 977 1418 1035 est
1429 964 1550 1035 doceri
1562 966 1675 1036 bonas
1688 980 1842 1059 mentes,
1869 968 1955 1061 quid
1973 967 2019 1039 sit
2037 982 2070 1039 et
2085 968 2150 1037 ubi
2171 966 2219 1039 sit
2231 963 2356 1039 Eccle-

319 1083 487 1145 conatur.
525 1066 794 1161 Tristisspecies
806 1064 1042 1139 estEcclesiae
1054 1068 1225 1152 desertae,
1240 1067 1314 1137 sin·
1366 1067 1436 1147 sia,
1462 1079 1496 1137 et
1510 1062 1604 1139 hanc
1619 1067 1817 1140 doctrinam
1834 1092 1936 1163 saepe
1951 1070 2121 1139 inculcari
2136 1092 2276 1141 necesse
2290 1084 2355 1144 est.

319 1172 395 1261 guli
404 1170 519 1243 etiam
528 1171 659 1263 privati
672 1172 711 1239 iu
728 1184 859 1256 morte,
876 1185 914 1241 et
927 1170 1158 1261 aliismagnis
1175 1169 1316 1261 pericu·
1366 1168 1447 1240 Non
1470 1168 1634 1261 lingenda
1654 1184 1706 1242 est
1728 1170 1920 1241 invisibilis
1943 1166 2121 1258 Ecclesia,
2164 1172 2253 1244 sicut
2274 1172 2356 1243 idea

319 1277 364 1345 lis
379 1274 558 1359 sentiunt,
572 1274 735 1368 quaerut
749 1274 918 1344 miserum
934 1273 1097 1343 amittere
1112 1273 1231 1341 omnia
1246 1267 1314 1341 ltu-
1366 1270 1567 1355 Platonica,
1607 1295 1672 1343 nec
1693 1286 1811 1344 tamen
1833 1274 2070 1363 imaginemur
2087 1272 2281 1345 Ecclesiam
2305 1274 2355 1344 si-

317 1398 424 1447 mana
443 1376 598 1457 auxilia,
632 1374 671 1445 in
684 1375 817 1447 talibus
836 1374 1019 1463 angustiis.
1068 1372 1316 1467 Proponamus
1366 1373 1488 1443 milem
1520 1376 1705 1446 mundano
1731 1398 1862 1465 regno,
1903 1377 1963 1445 sed
1998 1370 2167 1447 honestae
2201 1372 2354 1447 scholae.

318 1479 426 1549 nobis
445 1471 535 1549 haec
548 1477 654 1561 dicta,
670 1478 802 1571 quibus
817 1479 846 1546 si
862 1478 967 1547 tidem
976 1476 1217 1562 excitabimus,
1232 1499 1315 1545 sen·
1366 1473 1518 1564 Quoties
1540 1490 1658 1548 autem
1679 1479 1724 1548 de
1745 1474 1902 1549 Ecclesia
1927 1478 2074 1563 dicitur,
2106 1500 2248 1570 semper
2270 1490 2353 1549 ante

322 1581 449 1651 tiernus
460 1602 548 1649 vere
562 1574 1216 1673 nobisadesseChristum,nosiuvari,
1231 1578 1316 1668 regi,
1364 1578 1486 1649 omnia
1515 1577 1629 1670 cogita
1654 1578 1788 1653 dictum
1811 1579 1931 1650 Pauli:
1968 1577 2068 1668 Quos
2091 1580 2248 1667 vocavit,
2286 1573 2354 1650 ltus

328 1681 480 1753 delendi.
1366 1680 1490 1771 elegit,
1516 1681 1654 1753 vocatio
1670 1696 1787 1753 autern
1809 1681 1962 1753 visibilis
1985 1694 2047 1755 est.
2097 1679 2190 1753 Nam
2210 1694 2355 1755 vocato-

420 1778 469 1855 Et
486 1784 701 1855 nominatim
718 1779 779 1854 hic
792 1781 971 1876 promittit
984 1778 1148 1855 Christus
1161 1785 1235 1853 suis
1249 1804 1317 1854 su·
1365 1806 1446 1854 rum
1462 1796 1583 1859 coetus
1599 1794 1651 1855 est
1665 1799 1785 1856 coetus
1808 1800 1948 1856 externa
1975 1784 2198 1884 professione
2218 1784 2355 1877 ample-

323 1886 500 1957 ditoribus
515 1886 644 1956 vitam:
669 1882 747 1975 Ego
763 1887 865 1973 vieo,
890 1899 924 1957 et
938 1886 1152 1969 vosrivetis,
1179 1885 1317 1956 etiarnsi
1365 1886 1536 1958 etentium
1552 1882 1799 1976 Evangelium.
1851 1886 1957 1957 Nulla
1980 1886 2090 1977 igitur
2109 1885 2233 1956 electio
2258 1886 2355 1977 cogi-

320 1988 525 2058 crudelibus
535 1986 790 2081 suppliciisros
805 1988 1017 2059 interficient
1031 1980 1187 2083 tyranni,
1197 2002 1317 2059 tamen
1365 2001 1462 2059 tetur
1492 2002 1590 2061 extra
1616 1984 1715 2060 hunc
1737 1988 1913 2060 visibilem
1938 2003 2091 2059 coetum.
2149 1986 2203 2057 Ac
2223 2010 2353 2077 magna

317 2113 381 2179 eqo
397 2089 504 2159 volsis
517 2090 628 2161 vitam
645 2092 804 2179 reddam,
818 2092 858 2165 io
875 2113 945 2185 qus
958 2102 1094 2183 patrem
1118 2105 1152 2162 et
1174 2113 1231 2161 me
1256 2114 1316 2161 co-
1366 2092 1561 2163 consolatio
1576 2106 1627 2165 est
1640 2093 1710 2183 piis
1726 2092 1834 2177 scire,
1865 2093 1961 2185 quod
1984 2112 2125 2160 necesse
2147 2089 2192 2159 sit
2215 2112 2355 2182 semper

318 2190 595 2265 ramridelsitis.
1231 2232 1235 2237 -
1366 2192 1405 2262 in
1423 2189 1640 2266 hocrisibili
1662 2210 1783 2281 coetu,
1817 2193 1857 2265 in
1880 2188 1936 2265 his
1956 2192 2098 2285 templis
2122 2203 2157 2263 et
2176 2186 2234 2260 his
2251 2186 2356 2263 scho-

1367 2296 1410 2367 lis
1439 2298 1578 2390 aliquos
1605 2320 1678 2368 esse
1708 2297 1852 2383 electos,
1874 2308 1922 2389 ,et
1943 2297 2038 2389 quod
2063 2317 2237 2387 nusquam
2264 2293 2354 2363 alibi

1363 2402 1437 2472 sint
1457 2400 1525 2469 ulli
1547 2402 1659 2472 electi.
1710 2397 1894 2471 Amandus
1917 2412 1969 2469 est
1989 2398 2098 2489 igitur
2121 2392 2179 2466 hic
2203 2396 2353 2465 visibilis

426 2497 571 2571 llictum
586 2511 638 2570 est
659 2517 786 2588 snpra,
810 2497 952 2567 misceri
974 2497 1255 2584 consolationes,
1280 2510 1315 2570 et
1364 2516 1485 2573 coetus
1510 2516 1543 2574 et
1567 2497 1636 2573 hoc
1653 2502 1910 2583 ministerium,
1948 2514 1982 2571 et
1997 2514 2091 2570 certo
2113 2499 2353 2582 statuendum,

334 2600 522 2672 doctrinam
539 2622 603 2670 seu
616 2601 800 2684 mandata,
825 2599 921 2671 utin
945 2600 1125 2693 colloquio
1149 2600 1315 2671 adeuntis
1364 2605 1459 2699 quod
1477 2628 1703 2697 perseverans
1723 2606 1762 2674 in
1787 2604 1948 2677 doctrina
1967 2597 2076 2672 huius
2098 2598 2249 2670 visibilis
2271 2622 2353 2669 coe-

328 2716 485 2777 mrtem.
538 2700 608 2770 llic
623 2702 748 2773 inserit
763 2703 808 2771 de
824 2697 979 2772 Ecclesia
995 2702 1083 2795 quid
1099 2702 1164 2783 sit,
1197 2716 1232 2774 et
1248 2703 1313 2774 ubi
1363 2720 1525 2779 tusrecte
1539 2706 1715 2788 docentis,
1744 2708 1873 2777 electus
1894 2706 1940 2776 sit
1959 2704 2005 2776 ad
2028 2705 2136 2774 vitam
2161 2714 2352 2776 aeternam.

325 2808 385 2890 sit,
407 2818 536 2898 estque
550 2798 612 2873 bic
625 2804 725 2875 brus
746 2804 936 2893 diligenter
957 2805 1199 2875 observandus
1221 2801 1313 2875 hane
1362 2808 1460 2880 Haec
1478 2810 1631 2901 cogitare
1647 2810 1691 2879 ad
1708 2810 1890 2901 pietatem,
1906 2819 1942 2878 et
1957 2805 2249 2901 tranquillitatem
2266 2826 2352 2873 con-

326 2909 430 2997 ipsam
447 2908 498 2976 olr
513 2928 674 2987 cauum,
699 2907 781 2999 quia
799 2901 890 2975 hane
907 2907 1205 2994 controversiam,
1224 2910 1310 3000 quid
1362 2913 1548 2997 scientiae,
1574 2926 1608 2984 et
1623 2910 1799 2982 Ecclesiae
1811 2912 1901 2983 utile
1923 2923 1994 2996 est,
2025 2922 2158 2978 etcum
2181 2901 2247 2975 hac
2269 2928 2351 2975 sen-

324 3011 365 3081 sit
394 3007 577 3091 Ecclesie,
614 3008 798 3082 diiudicat.
862 3002 1039 3101 Perpetuo
1072 3010 1141 3079 viri
1171 3010 1310 3101 politici
1362 3016 1471 3084 tentia
1487 3012 1589 3083 Pauli
1605 3026 1808 3105 congruunt
1827 3010 1939 3084 multa
1961 3011 2054 3082 dicta
2080 3010 2118 3077 in
2141 3003 2210 3078 hoc
2234 3020 2348 3081 textu:

326 3114 476 3203 pingunt
496 3106 712 3190 Ecclesiam,
743 3122 786 3180 ut
805 3132 953 3200 reguum
978 3114 1221 3191 mundanum,
1256 3113 1311 3182 di·
1362 3116 1568 3207 Qui'diligit
1585 3140 1662 3202 me,
1687 3138 1883 3197 sermonem
1898 3138 2017 3184 meum
2033 3110 2197 3181 servabit.

326 3228 498 3285 mntesse
517 3226 656 3283 coetum
679 3204 907 3296 renatorum,
941 3228 976 3283 et
995 3237 1071 3283 nou
1092 3228 1310 3296 renatorum,
1463 3217 1519 3290 Sit
1550 3240 1633 3308 ergo
1663 3215 1750 3288 haec
1785 3216 1945 3288 definitio
1975 3212 2154 3285 Ecclesiae
2182 3208 2350 3283 visibilis:

324 3314 611 3409 amplectentium
630 3312 885 3404 Evangelium,
912 3315 1095 3404 alligatum
1118 3317 1162 3384 ad
1177 3314 1311 3387 Roma-
1360 3317 1518 3392 Ecclesia
1534 3334 1584 3391 est
1600 3332 1720 3391 coetus
1734 3318 2019 3411 amplectentium
2038 3313 2292 3404 Evangelium,
2316 3324 2351 3383 et

326 3443 410 3490 num
435 3412 676 3509 Episcopum,
718 3429 924 3506 regnantem
959 3418 1056 3489 iusta
1090 3418 1309 3490 ordinariam
1360 3422 1525 3494 societate
1552 3432 1852 3496 sacramentorum
1872 3434 1907 3492 et
1940 3418 2129 3491 ministerii
2157 3414 2352 3506 evangelici

326 3520 597 3598 mccessiouern,
639 3532 672 3588 et
694 3515 791 3590 lrursc
813 3515 1029 3610 Episcopum
1052 3515 1184 3591 hahere
1210 3536 1310 3614 pote-
1360 3527 1651 3612 coniunctorum,
1689 3549 1729 3596 ac
1753 3536 1957 3597 renatorum
1984 3547 2046 3614 per
2068 3519 2242 3612 Spiritum
2268 3541 2351 3587 san-

325 3638 447 3692 statesn
469 3621 649 3691 condendi
673 3620 784 3710 leges,
818 3637 852 3692 et
874 3622 1133 3715 interpretandi
1148 3622 1309 3714 Evange-
1361 3643 1479 3715 cttrm,
1504 3630 1563 3699 cui
1586 3629 1701 3698 coetui
1725 3626 1830 3697 multi
1852 3649 1926 3696 non
1950 3623 2063 3696 renati
2085 3619 2230 3697 admixti
2255 3633 2351 3703 sunt,

325 3725 387 3812 lii,
409 3737 444 3794 et
459 3747 587 3794 omues
600 3717 767 3794 lsomines
781 3726 827 3793 sd
851 3719 915 3793 has
939 3725 1033 3815 leges
1050 3726 1096 3796 ab
1120 3731 1164 3795 eo'
1182 3729 1308 3796 corsdi-
1360 3732 1422 3823 qui
1440 3745 1557 3801 tamen
1575 3731 1613 3800 in
1629 3731 1848 3822 professione
1863 3751 1966 3798 verae
1980 3725 2162 3797 doctrinae
2176 3721 2248 3792 illis
2263 3746 2349 3792 con·

329 3839 395 3910 tas,
419 3839 454 3896 et
468 3826 547 3896 eius
561 3824 891 3916 interpretationem
905 3825 1173 3916 alligatoresse,
1199 3843 1233 3899 et
1246 3832 1309 3898 ad·
1360 3833 1540 3918 sentiunt,
1581 3857 1647 3902 nec
1678 3846 1824 3926 propter
1844 3831 2033 3902 manifeste
2054 3828 2184 3899 scelera
2208 3847 2349 3894 excom·

327 3931 416 3998 dunt
438 3925 651 4000 Romanum
672 3923 891 4018 Episcopum
923 3951 986 4023 seq
1015 3931 1206 4000 concilium
1234 3932 1310 4001 eius
1360 3935 1532 4006 municati
1547 3948 1643 4006 sunt.

328 4053 398 4098 non
412 4051 516 4120 posse
539 4051 657 4098 errare
676 4029 718 4098 iu
742 4029 814 4098 lide
835 4052 897 4100 seu
922 4031 960 4102 in
983 4033 1204 4118 necessariis,
1236 4035 1310 4104 imo
1462 4033 1560 4108 llaec
1575 4035 1736 4107 definitio
1753 4035 1936 4128 perspicua
1952 4045 2022 4114 est,
2049 4044 2085 4102 et
2100 4042 2214 4100 sumta
2233 4039 2284 4098 est
2309 4049 2352 4097 ex

327 4131 436 4224 aliqui
461 4132 621 4212 addunt,
653 4132 760 4202 etism
794 4133 921 4202 mundi
955 4136 1117 4225 imperia.
1175 4134 1311 4207 Dicunt
1361 4136 1484 4209 multis
1501 4136 1734 4224 testimoniis,
1765 4151 1804 4210 ut
1826 4161 1867 4208 ex
1890 4138 1986 4208 dicto
2000 4129 2154 4218 Christi,
2185 4153 2263 4230 cap.
2292 4129 2352 4202 to.

327 4225 420 4302 laune
432 4255 615 4302 summurn
630 4228 847 4325 Episcopum
871 4232 1002 4305 babere
1025 4249 1232 4328 potestatem
1256 4263 1312 4307 re-
1364 4239 1483 4311 loan.:
1516 4235 1613 4311 Oves
1642 4265 1740 4310 meae
1762 4263 1883 4310 vocem
1905 4263 2020 4308 meam
2044 4235 2214 4317 audiunt,
2247 4243 2280 4300 et
2304 4233 2349 4298 ad

328 4355 390 4420 gna
407 4336 670 4424 transferendi,
702 4349 913 4427 etoportere
934 4340 1112 4409 munitum
1136 4361 1211 4408 esse
1232 4342 1312 4432 opi-
1362 4337 1493 4433 Ephes.
1514 4345 1567 4415 2:
1610 4338 1705 4413 Estis
1734 4343 1843 4432 igitur
1863 4339 2046 4410 domestici
2069 4337 2159 4416 Dei,
2201 4331 2351 4403 extructi

326 4431 388 4507 bns
413 4451 446 4506 et
471 4437 702 4523 exercitibus,
740 4459 782 4508 ac
803 4460 902 4528 reges
921 4440 1051 4511 debere
1070 4441 1104 4510 ei
1134 4443 1313 4512 defensio-
1363 4469 1469 4536 super
1484 4446 1754 4514 fundamentum
1765 4443 2021 4535 Apostolorum
2037 4430 2352 4528 etPropltetarum,

324 4559 405 4608 uem
427 4539 566 4610 eteius
588 4540 739 4612 arbitrio
768 4540 860 4611 bella
891 4565 1030 4612 sumere
1063 4557 1098 4613 et
1125 4545 1314 4635 deponere,
1363 4548 1532 4618 existente
1563 4545 1681 4637 lapide
1705 4544 1867 4635 angulari
1894 4541 1972 4614 lesu
2001 4536 2166 4622 Christo,
2210 4537 2250 4604 in
2279 4557 2351 4627 quo

320 4642 360 4708 sd
377 4634 452 4712 hoc
466 4641 622 4734 allegant
636 4642 791 4724 dictum,
815 4645 911 4736 quod
928 4669 1009 4714 cum
1025 4647 1069 4714 de
1084 4641 1313 4717 soloChristo
1362 4650 1481 4719 omnis
1510 4662 1685 4723 structura
1713 4658 1952 4737 coagmentata
1976 4643 2098 4714 crescit
2118 4639 2157 4708 in
2177 4635 2350 4728 templum

320 4739 510 4836 loquatur,
546 4745 615 4837 ipsi
634 4747 847 4839 detorquent
871 4747 915 4816 sd
936 4743 1141 4819 Romanum
1162 4745 1312 4838 Episco·
1362 4765 1522 4822 sanctum
1539 4751 1706 4834 domino,
1730 4773 1794 4842 per
1809 4747 1914 4842 quem
1928 4760 1962 4817 et
1977 4768 2041 4814 vos
2064 4739 2237 4814 aedificati
2258 4738 2352 4823 estis,

319 4865 425 4930 pum:
451 4844 546 4917 Data
560 4861 613 4920 est
627 4841 717 4918 milri
734 4846 853 4918 omnis
869 4861 1022 4940 potestas
1037 4851 1076 4920 in
1091 4851 1189 4922 coelo
1213 4864 1249 4924 et
1272 4853 1310 4922 in
1362 4853 1497 4926 utsitis
1518 4849 1760 4925 habitaculum
1778 4849 1932 4942 Spiritus
1957 4844 2078 4918 sancti.
2127 4839 2209 4913 Huc
2228 4853 2264 4912 et
2287 4863 2350 4930 pa·

317 4955 437 5035 terra,
462 4949 546 5018 talis
569 4949 704 5041 pictura
717 4944 898 5020 Ecclesiae
915 4963 1009 5023 extet
1030 4953 1069 5022 in
1092 4952 1194 5024 libris
1216 4955 1310 5025 mul·
1363 4956 1507 5028 rabulae
1529 4957 1728 5050 pertinent,
1769 4948 1900 5026 Metth.
1925 4949 1983 5024 13.
2015 4949 2059 5018 de
2086 4967 2213 5036 sagena
2227 4936 2349 5012 'missa

317 5057 456 5124 torum.
514 5049 587 5122 Sed
619 5073 767 5143 prorsus
793 5053 1024 5125 transformat
1046 5050 1239 5126 Ecclesiam
1270 5057 1310 5127 in
1361 5060 1400 5127 in
1417 5083 1534 5146 mare,
1559 5075 1592 5131 et
1608 5059 1705 5128 aliae.
1757 5053 1830 5126 Nec
1847 5067 2067 5148 partesquae
2084 5049 2121 5118 in
2141 5043 2350 5118 hacdefini-

317 5168 472 5238 regnum
484 5154 710 5222 mundanum
725 5168 847 5228 contra
862 5157 975 5226 multa
991 5154 1310 5245 mandataChristi,
1363 5163 1462 5231 tione
1489 5174 1736 5240 recensentur,
1777 5157 1822 5226 ab
1848 5156 1931 5227 ullis
1955 5147 2166 5244 reprehendi
2190 5157 2349 5240 possunt.

317 5251 382 5342 qui
399 5254 537 5347 inquit:
552 5253 667 5345 Reges
683 5255 841 5346 gentinus
857 5258 1099 5345 dominantur,
1115 5275 1310 5334 vosautem
1362 5262 1432 5335 Sed
1445 5263 1581 5357 aliquid
1598 5263 1682 5333 eddi
1698 5259 1825 5330 nolunt
1840 5252 2063 5352 hypocritae,
2085 5249 2248 5322 fascinati
2273 5245 2353 5338 opi·

317 5371 397 5424 nan
429 5357 495 5429 sic.
556 5355 662 5429 ltens:
700 5357 800 5431 Sicut
821 5381 882 5430 me
902 5361 1000 5431 misit
1022 5375 1142 5454 pater,
1175 5363 1226 5433 sic
1246 5385 1310 5455 ego
1361 5365 1533 5437 uionihus
1550 5365 1722 5459 politicis,
1756 5365 1800 5432 de
1821 5383 1930 5449 regno
1948 5355 2147 5451 pontificio,
2180 5374 2246 5421 nec
2271 5359 2355 5418 sunt

313 5454 424 5528 mitto
438 5479 517 5532 vos.
1362 5467 1538 5551 contenti,
1564 5492 1643 5538 cum
1659 5467 1810 5536 audiunt
1823 5460 2017 5533 Ecclesiam
2033 5468 2169 5528 coetum
2185 5475 2258 5524 esse
2277 5473 2353 5518 am-

425 5557 522 5631 Cum
550 5572 670 5631 autern
692 5555 850 5632 Ecclesia
880 5557 1010 5634 ltalseat
1028 5566 1312 5656 promissionem,
1362 5567 1590 5662 plectentium
1621 5567 1876 5659 Evangelium,
1923 5559 2153 5634 coniunctum
2188 5554 2351 5625 societate

314 5661 421 5750 quod
436 5660 486 5733 sit
501 5661 667 5733 colomna
680 5663 859 5750 veritatis,
885 5661 1163 5761 etilliEpiscopi
1178 5693 1312 5741 nomen
1360 5684 1662 5742 sacramentorum
1687 5683 1721 5740 et
1741 5665 1932 5738 ministerii
1957 5658 2168 5750 evangelici,
2204 5657 2263 5725 sed
2286 5675 2351 5720 vo·

317 5753 507 5834 Ecclesiae
521 5767 565 5834 sd
589 5787 627 5834 se
645 5766 880 5851 transierant,
912 5781 947 5836 et
972 5791 1015 5839 eo
1039 5784 1218 5860 praetextu
1239 5786 1311 5842 sta·
1361 5773 1442 5842 lunt
1464 5774 1568 5865 addi,
1601 5772 1783 5862 alligatum
1806 5771 1850 5838 ad
1868 5765 2076 5840 Romanum
2089 5759 2295 5832 Pontificem
2319 5763 2355 5822 et

320 5861 457 5938 titiant
472 5865 569 5938 idola
583 5879 620 5938 et
634 5889 789 5956 utores,
813 5889 854 5938 sc
868 5869 1008 5943 infinita
1029 5872 1222 5946 multitudo
1245 5870 1311 5945 lro·
1333 5937 1339 5960 ,
1361 5875 1579 5948 ordinariam
1596 5873 1848 5947 successionem
1864 5868 2142 5966 Episcoporum,
2169 5875 2203 5932 et
2227 5879 2350 5930 eorum

379 2352 460 2457 Qui
483 2350 599 2429 habet
623 2354 809 2429 mundato
835 2380 939 2445 meo,
970 2364 1003 2430 ιι
1027 2366 1170 2463 serent,
1193 2364 1256 2437 ele.
