5825 6950
604 642 682 739 nr
1199 629 2044 719 rumnsnscmrrsnxeosnoa„
2112 672 2117 687 ·
2522 661 2571 743 42,

456 837 459 845 '
607 822 794 903 Christum
814 817 963 892 missum
982 834 1058 887 esse
1079 810 1157 887 sine
1175 807 1287 885 umis
1311 821 1348 883 et
1371 808 1479 903 regiis
1501 830 1600 885 caer·
1652 808 1906 897 adumbratur,
1930 810 2048 907 qssslis
2069 809 2115 887 sit
2132 813 2311 905 generatio
2325 815 2404 908 stit,
2425 833 2573 923 uquodd

610 931 752 1007 ,pigna
1653 910 1782 1003 imago.
1833 908 1882 985 Et
1898 914 1983 1007 quia
1999 912 2096 987 Deus
2111 918 2292 993 vocabulis
2314 922 2420 995 utitur
2437 933 2537 1005 sunda
2550 962 2574 1009 a

710 1025 848 1111 Tertio,
862 1019 1058 1098 consolatio
1073 1040 1141 1116 pro
1155 1014 1364 1089 doctoribus
1384 1028 1420 1091 ct
1431 1012 1602 1087 discenti-
1653 1008 1808 1087 bumana
1826 1030 1975 1097 natura,
2008 1017 2086 1089 vult
2101 1041 2166 1089 nos
2182 1014 2275 1093 hanc
2293 1022 2530 1103 similitudinem
2540 1060 2574 1109 aa

610 1138 679 1209 bus
695 1130 870 1213 traditur,
895 1125 994 1222 quod
1009 1121 1197 1207 videlicet,
1216 1118 1309 1190 sicut
1322 1117 1438 1189 adluit
1455 1112 1601 1191 Christo
1653 1116 1782 1207 gitare,
1818 1130 1860 1189 ut
1880 1118 2001 1212 aliquo
2032 1122 2139 1195 modo
2171 1120 2373 1197 discrimina
2401 1152 2575 1219 personarum

611 1252 729 1329 pater,
755 1234 805 1305 ita
822 1242 919 1304 certo
945 1225 1134 1299 adfuturus
1151 1221 1197 1294 sit
1212 1218 1358 1317 reliquis
1371 1219 1603 1313 iungentibus
1654 1218 1934 1293 considerentur.
1986 1220 2118 1313 Magna
2133 1236 2185 1295 est
2201 1239 2316 1297 antem
2334 1228 2474 1319 dignitas
2492 1230 2576 1309 huus·

611 1335 811 1409 ministerio
834 1327 1035 1419 Evangelii.
1654 1343 1721 1391 nae
1735 1332 1900 1403 naturae,
1921 1325 2017 1415 qnod
2033 1322 2128 1397 Deus
2145 1320 2208 1397 bas
2223 1328 2376 1419 picturas
2387 1353 2464 1405 nne
2475 1352 2576 1409 naturae

716 1438 869 1528 Quarto,
878 1423 1067 1501 necessitas
1081 1422 1260 1495 serviendi
1275 1419 1473 1496 ministerio
1482 1422 1602 1495 Evan-
1655 1423 1693 1493 in
1716 1422 1822 1495 nobis
1849 1425 2022 1497 condidit.

613 1542 700 1635 gelii
714 1564 755 1610 ex
769 1534 839 1608 boc
854 1535 948 1604 dicto
965 1530 1133 1600 discenda
1151 1538 1219 1611 est,
1249 1535 1285 1596 et
1305 1528 1455 1627 taxanda
1477 1548 1602 1595 mona·
1754 1523 1815 1597 ste
1837 1539 1874 1598 et
1894 1550 2025 1600 nomen
2039 1526 2195 1623 Spiritus
2216 1530 2350 1605 indicat
2369 1533 2479 1628 aliquo
2497 1538 2576 1625 nodo,

615 1641 787 1727 chorum,
811 1652 848 1709 et
869 1633 1041 1708 similiu-
1065 1629 1210 1722 opinio,
1230 1624 1294 1721 qni
1316 1641 1443 1718 putant
1466 1628 1601 1699 cultum
1654 1626 1750 1697 unde
1766 1631 1953 1720 procedat,
1974 1644 2009 1701 ct
2025 1631 2140 1725 qualis
2153 1632 2198 1704 sit
2214 1632 2368 1725 Spiritus
2381 1650 2513 1711 sanem,
2549 1636 2577 1713 lg

613 1746 687 1819 Dei
702 1756 763 1815 sut
777 1737 991 1831 sapientiam
1003 1756 1099 1811 esso,
1117 1732 1238 1821 ingere
1252 1728 1430 1820 publicam
1445 1729 1603 1799 admissi.
1654 1728 1692 1797 in
1716 1722 1783 1801 hoe
1802 1724 1937 1803 Quini
1960 1733 2118 1824 exemplo
2142 1756 2197 1803 m
2218 1750 2272 1807 m
2298 1736 2476 1823 ambr·
2506 1742 2577 1811 min

488 1845 492 1857 ’
616 1847 844 1922 strationem,
867 1840 1046 1910 etahdere
1062 1837 1152 1905 sein
1170 1832 1342 1914 latebras,
1376 1830 1472 1902 iuxta
1494 1832 1603 1902 illud:
1654 1846 1772 1903 mente
1796 1824 1954 1905 hominis
1975 1848 2059 1906 sunt
2079 1835 2310 1926 cogitationes
2331 1850 2366 1913 et
2384 1840 2529 1930 imagines
2545 1866 2577 1913 η.

604 1944 710 2021 ‘soor
729 1938 883 2039 βιώσας.
933 1937 1026 2011 Cum
1053 1948 1170 2007 autem
1191 1933 1287 2003 lilius
1306 1928 1375 2002 Dei
1397 1956 1439 2003 ex
1460 1957 1524 2004 sua
1544 1956 1604 2005 ar·
1653 1952 1753 2017 roro,
1778 1957 1866 2027 quas
1880 1934 2094 2025 cogitamus:
2125 1937 2231 2009 sicin
2248 1941 2354 2011 corde
2374 1952 2451 2013 sunt
2469 1942 2577 2033 spiritus,

614 2074 702 2123 osus
728 2050 810 2118 seda
833 2041 1024 2137 prodierit,
1051 2050 1095 2109 ut
1114 2041 1275 2120 doceret,
1306 2046 1342 2105 ct
1363 2038 1483 2106 ederat
1504 2036 1604 2108 tasti-
1654 2032 1690 2103 id
1714 2048 1787 2119 est,
1817 2030 1970 2123 halitus,
2001 2050 2035 2109 ot
2057 2052 2197 2121 motus,
2228 2052 2270 2113 nt
2294 2041 2332 2115 in
2352 2066 2481 2121 amore,
2507 2046 2576 2113 {ng

613 2151 736 2223 monia
754 2148 949 2229 doctrinae,
967 2136 1490 2222 subaretvietimmtmiserit
1505 2135 1604 2229 Apo-
1651 2134 1731 2205 aliis
1751 2136 1936 2211 affccubus
1958 2140 2181 2238 experimur,
2204 2144 2268 2215 ubi
2295 2168 2356 2215 nor
2376 2162 2578 2234 magnanon

615 2255 743 2338 stolos,
769 2266 811 2322 nt
834 2274 877 2321 es
900 2245 1068 2317 omnibus
1090 2239 1257 2331 gentibus
1276 2238 1459 2330 colligeret
1479 2236 1604 2311 Eccle-
1651 2236 1771 2312 iundit
1794 2240 1952 2331 spiritur,
2008 2242 2578 2334 U1335225fi15u31123m3m3302

615 2352 865 2437 siam,etiasosi
881 2346 1039 2419 borsine
1053 2342 1191 2434 magnis
1206 2340 1421 2413 tumultibus
1435 2342 1514 2411 lieri
1527 2366 1603 2414 non
1652 2355 1770 2411 mente
1789 2341 1934 2431 genita:
1970 2343 2020 2417 ita
2043 2345 2190 2437 spiritur
2211 2360 2263 2418 est
2279 2371 2305 2417 a
2327 2348 2578 2437 voluntatepanis

616 2470 772 2553 poterat,
806 2455 887 2524 ideo
910 2449 1018 2519 nobis
1039 2469 1183 2540 quoque
1200 2442 1392 2535 praecipit,
1425 2458 1466 2515 nt
1488 2446 1604 2516 vacari
1651 2442 1862 2527 etlilii„seu
1875 2466 1976 2517 amor
1989 2469 2052 2517 seu
2066 2448 2316 2520 amorisardor
2340 2462 2376 2521 et
2389 2444 2513 2533 balitus,
2531 2472 2577 2541 quo

615 2563 807 2649 iungamur
829 2552 1055 2633 ministeriis,
1080 2572 1145 2617 noc
1169 2548 1342 2618 abdsmus
1362 2570 1428 2617 nos
1450 2546 1489 2615 in
1514 2547 1605 2621 late-
1650 2568 1688 2613 ss
1711 2559 1810 2636 pater
1842 2561 1877 2618 ct
1903 2546 1997 2621 ilius
2031 2562 2156 2623 mutuo
2179 2552 2470 2643 complectuntur,
2489 2562 2578 2640 otono

615 2664 710 2736 bras.
763 2656 840 2728 Hae
868 2653 1128 2726 consolationes
1153 2648 1221 2740 piis
1253 2647 1367 2721 utiles.
1382 2662 1485 2733 sunt,
1505 2647 1604 2743 ⁴quis
1653 2646 1798 2736 angelos
1830 2662 1863 2718 et
1895 2643 2057 2718 homines
2081 2652 2377 2743 complectuntur,
2427 2651 2528 2723 {dmg
2545 2648 2574 2715 in

617 2786 720 2855 saepe
742 2760 847 2831 nobis
869 2757 1081 2843 obstrepunt
1104 2747 1171 2820 bac
1193 2748 1441 2848 cogitationes,
1480 2752 1602 2845 curin
1651 2742 1717 2818 hac
1752 2744 1899 2821 historia
1936 2746 2099 2822 Christus
2134 2746 2248 2830 halitu
2280 2756 2426 2847 largitur
2452 2750 2578 2842 Spiritum

615 2863 710 2935 banc
729 2862 839 2933 aciem
856 2854 1010 2928 venisti?
1043 2878 1107 2924 cur
1125 2864 1224 2924 tanta
1248 2850 1345 2922 mole
1363 2852 1605 2946 periculorum
1652 2862 1830 2938 sanctum,
1859 2852 1941 2945 quia
1966 2878 1986 2923 a
2009 2854 2192 2925 voluntate
2215 2857 2362 2949 spiritns
2387 2852 2531 2957 procedit,
2555 2860 2578 2918 et

615 2980 647 3038 st
665 2964 891 3035 miseriarum
903 2972 940 3031 ta
953 2956 1096 3029 onerari
1111 2953 1312 3048 passusne?
1343 2977 1408 3028 cur
1422 2978 1498 3025 non
1512 2955 1618 3045 iugis
1652 2975 1732 3021 snm
1756 2953 1940 3027 voluntate
1962 2979 2024 3034 cor
2046 2957 2085 3027 in
2099 2953 2248 3031 Christo
2270 2960 2466 3054 copulatum
2478 2966 2533 3044 est,
2553 2951 2577 3018 ἱι

615 3092 657 3139 es
673 3062 731 3137 bis
746 3061 925 3135 miseriis?
950 3062 1007 3129 vel
1022 3060 1179 3136 tandem,
1204 3056 1286 3149 quis
1299 3054 1400 3129 iurat
1416 3057 1475 3128 tei
1525 3053 1605 3129 Ad-
1652 3078 1724 3148 quo
1749 3056 1849 3127 ardet
1872 3080 1972 3129 amor
1995 3082 2075 3149 erga
2098 3082 2177 3133 nos.
2608 3034 2609 3091 l

615 3191 740 3239 sersus
753 3162 818 3238 bas
834 3162 1049 3236 tentationes
1062 3180 1186 3231 ornnes
1201 3180 1424 3251 opponamus
1438 3152 1502 3231 bas
1517 3182 1605 3231 con·
1755 3154 1797 3227 ln
1823 3152 1888 3230 hac
1913 3158 2167 3243 similitudino,
2198 3184 2260 3234 ssu
2286 3163 2420 3254 pictura
2441 3158 2529 3231 mulla
2545 3152 2578 3223 di·
2608 3162 2609 3239 ἶ

614 3270 838 3343 solationess'
857 3266 958 3339 Siros
981 3264 1078 3333 misit
1097 3285 1155 3331 ma
1175 3274 1292 3351 potor,
1333 3260 1383 3331 sic
1405 3260 1511 3334 mitto
1531 3284 1606 3339 vos.
1650 3271 1811 3333 suuntur.
1865 3258 2025 3333 Primum
2047 3263 2168 3357 aliquo
2191 3266 2301 3337 modo
2325 3276 2519 3337 mostratur
2535 3256 2580 3325 dis·

616 3373 719 3445 hem:
748 3370 822 3461 Qui
838 3394 893 3439 me
908 3366 1088 3437 confram
1112 3362 1221 3435 inerit
1242 3386 1360 3433 coram
1385 3357 1606 3447 hominibus,
1654 3362 1788 3433 crimen
1811 3362 2067 3451 generationis,
2099 3380 2133 3439 et
2158 3367 2363 3458 spirationis
2386 3368 2423 3440 in
2437 3360 2579 3435 divinitate.
2608 3370 2609 3373 ’

614 3501 697 3548 eum
713 3474 910 3547 conitebor
923 3493 1042 3540 coram
1061 3481 1160 3557 patre
1175 3488 1256 3536 soro
1270 3463 1424 3540 coelesti.
1655 3460 1847 3538 Gesseratio
1870 3480 1920 3538 ιιι
1945 3466 2087 3558 proprie
2104 3491 2124 3538 a
2139 3481 2274 3554 mento,
2310 3468 2450 3562 spiratio
2469 3479 2510 3536 est
2521 3483 2581 3530 aso

785 3615 791 3628 ·
912 3613 1140 3718 omno
1655 3565 1801 3754 ιιι·
1825 3563 2357 3762 ,tristissimas
2371 3570 2582 3759 ffllasl

1780 3719 1791 3753 2
2359 3717 2371 3744 0

715 3773 892 3847 Brevibus
906 3771 1024 3842 verbis
1040 3765 1189 3840 historia
1206 3763 1411 3858 gravissima
1427 3763 1607 3854 recitatur,
1656 3785 1706 3840 est
1730 3769 1845 3858 lilius,
1870 3772 1953 3865 quia
1975 3787 2027 3844 est
2046 3774 2181 3865 imago,
2206 3773 2423 3865 significatur
2437 3771 2525 3844 etiam
2536 3786 2581 3832 ns·
2609 3819 2610 3850 ,

616 3902 710 3975 quae,
729 3890 764 3948 et
785 3886 933 3948 testatur
956 3868 1139 3945 Christum
1161 3883 1289 3942 natura
1310 3867 1425 3941 Deum
1445 3891 1540 3952 asse,
1573 3883 1608 3942 et
1654 3871 1804 3962 gnitudo
1819 3871 2026 3946 amouisDel
2042 3898 2123 3966 erga
2141 3899 2212 3958 eos
2225 3879 2356 3971 quibus
2371 3867 2581 3961 daturSpiritn
2609 3857 2610 3862 ’

616 3980 789 4072 significat
808 3975 926 4076 quadis
948 3975 995 4046 sit
1018 3972 1176 4066 Spiritus
1193 3982 1352 4054 eandm,
1385 3982 1422 4043 et
1443 3972 1540 4061 quod
1562 3971 1608 4044 sit
1654 3987 1806 4049 sanctus.
1858 3975 1953 4065 Quia
1975 3990 2014 4048 nt
2032 3978 2234 4069 spiritum
2248 3994 2372 4050 nostro
2386 3977 2483 4049 corde
2497 3971 2582 4040 allusu
2608 3929 2610 3984 ι

616 4081 807 4152 ministerii
835 4077 1030 4168 evangelici
1056 4076 1284 4168 gubernator.
1338 4069 1503 4144 Primum
1523 4073 1608 4144 dare
1654 4076 1692 4144 iu
1715 4076 1835 4146 osculo
1857 4079 2011 4148 nrsncius
2034 4091 2086 4151 est
2100 4078 2181 4150 'vasi
2204 4081 2354 4166 amoris,
2390 4092 2424 4151 et
2444 4066 2610 4150 tramissis

615 4183 792 4277 Spiritum
814 4192 993 4259 sanctum,
1025 4177 1090 4271 qui
1113 4176 1222 4249 vitam
1241 4186 1446 4259 adunam,
1472 4175 1607 4261 lucem,
1653 4190 1802 4247 naturae
1817 4194 1975 4264 nostrae,
2000 4181 2049 4252 ita
2063 4182 2374 4268 seiamus'rernm,
2398 4203 2468 4252 non
2483 4169 2583 4247 sinuls·
2609 4163 2610 4168 ’

614 4300 651 4357 et
674 4283 851 4356 iusticiam
874 4294 1052 4350 aeternam
1070 4281 1209 4363 inooat,
1234 4289 1287 4349 est
1307 4300 1391 4347 vere
1407 4288 1441 4349 et
1459 4277 1605 4368 propria
1652 4291 1728 4350 turn
1751 4302 1908 4351 amorem
1930 4273 2022 4366 esse,
2052 4307 2133 4355 sum
2150 4280 2246 4354 Dares
2268 4285 2309 4354 in
2329 4297 2396 4356 nos
2415 4279 2584 4372 spiritumet

613 4387 693 4463 Dei,
744 4383 816 4455 Hic
830 4378 992 4456 Christus
1006 4403 1071 4452 suo
1094 4380 1216 4452 aiilatu
1238 4380 1302 4451 dat
1321 4375 1498 4468 Spiritum
1522 4401 1606 4450 san·
1651 4402 1725 4452 sese
1747 4383 1981 4464 transfundit,
2007 4383 2097 4458 sicut
2119 4382 2157 4456 in
2181 4382 2276 4456 locle
2299 4387 2401 4460 dicit:
2440 4375 2584 4454 Effundam

614 4505 711 4562 ctum
726 4512 770 4559 es
790 4509 885 4569 sese,
909 4506 996 4574 ergo
1012 4507 1094 4553 vere
1117 4495 1151 4554 et
1166 4494 1293 4554 natissa
1309 4477 1486 4556 [deusest.
1536 4479 1603 4554 se-
1651 4484 1696 4552 de
1721 4483 1848 4574 spiritu
1867 4509 1946 4558 meo
1964 4509 2226 4578 superomnsm
2246 4511 2400 4562 carnem.
2447 4479 2585 4554 Admone·

615 4593 752 4675 cundo,
777 4587 894 4682 qualis
906 4585 970 4665 sit,
993 4587 1097 4656 docet
1117 4587 1265 4656 verbum
1288 4578 1478 4657 inhalavit.
1525 4579 1603 4655 Etsi
1650 4609 1732 4656 mur
1753 4586 1836 4656 itam
1866 4613 1972 4678 quarn
2003 4589 2165 4660 miranda
2189 4587 2390 4662 similitudo
2415 4585 2458 4659 sit
2485 4577 2585 4654 divinar

616 4692 770 4785 perspici
792 4690 915 4761 divina
938 4700 1064 4757 natura
1087 4709 1161 4756 non
1189 4698 1321 4778 potest,
1363 4696 1483 4758 tamen
1505 4679 1605 4756 Dens
1650 4701 1797 4758 naturae
1817 4689 1855 4758 in
1876 4684 2034 4762 homins.
2094 4687 2143 4762 Et
2171 4705 2345 4784 quantum
2375 4687 2515 4767 malum,
2547 4673 2586 4745 hd

614 4795 819 4864 discernens
841 4812 1028 4882 personas,
1058 4802 1094 4858 st
1115 4811 1258 4859 sumens
1280 4785 1452 4874 imagines
1472 4809 1494 4856 a
1516 4811 1603 4878 pro-
1649 4785 1715 4860 Dei
1734 4789 1921 4880 imagines,
1940 4815 2002 4864 ssu
2016 4792 2269 4864 similitudines
2284 4793 2323 4864 in
2338 4807 2459 4866 natura
2472 4781 2586 4856 human

498 4911 504 4931 “
615 4893 828 4994 prioratibus
844 4888 1018 4976 bominis,
1034 4890 1277 4983 aliquomodo
1293 4889 1469 4971 ostendit,
1487 4889 1606 4981 qualis
1649 4894 1910 4974 contaminare,
1958 4907 2032 4966 ets
2054 4892 2130 4966 Des
2162 4895 2325 4970 avellere.
2381 4893 2473 4968 Haec
2495 4899 2525 4956 et
2541 4875 2586 4950 alit

617 4997 664 5069 sit
684 5009 813 5066 natura
832 4994 973 5073 divina,
1005 5006 1041 5063 et
1062 4991 1181 5085 qualia
1204 4991 1278 5062 sint
1297 4989 1602 5082 discriminoper-
1648 4993 1759 5070 msrlta
1779 4995 1827 5084 pii
1846 4990 1914 5068 boc
1935 4995 2013 5068 luco
2029 4996 2183 5087 cogitare
2204 5011 2353 5090 possunt
2374 4993 2589 5068 considendo

616 5120 798 5170 sonarum.
847 5093 895 5164 Et
917 5119 996 5165 eum
1019 5093 1202 5165 vocabulis
1222 5107 1343 5165 utatur
1363 5089 1480 5171 Deus,
1511 5117 1604 5186 quae
1649 5097 1726 5167 dari
1743 5094 1915 5184 Spiritum
1941 5112 2100 5169 sanctum
2126 5099 2203 5191 ipso
2219 5095 2346 5170 halitu.
2409 5091 2528 5186 Estque
2545 5079 2587 5152 ιιι

615 5201 738 5293 aliquo
759 5199 868 5267 modo
887 5193 1133 5285 intelligimus,
1159 5194 1237 5266 vult
1252 5217 1319 5265 nos
1341 5193 1390 5264 ita
1412 5215 1602 5283 agnoscam
1649 5197 1849 5282 sciendum,
1877 5223 1956 5270 cum
1978 5195 2112 5284 halitu,
2144 5223 2205 5270 seu
2227 5201 2337 5284 flatu,
2362 5221 2421 5270 seu
2441 5189 2587 5267 emisione

615 5316 652 5375 et
671 5301 838 5370 invocare
855 5300 995 5380 Deum,
1023 5311 1154 5368 etcum
1171 5298 1405 5368 discerneres
1420 5319 1606 5375 commen-2
1649 5299 1794 5388 spiritus
1807 5301 2001 5392 corporalis
2016 5325 2057 5372 ex
2073 5314 2213 5393 pectore
2227 5299 2372 5384 Cbristi,
2385 5319 2497 5370 msera
2512 5277 2586 5362 siml

616 5401 942 5475 titiisnnminibus.
993 5397 1270 5472 Filinsrsostnr
1288 5389 1397 5496 λόγος
1421 5414 1458 5469 et
1484 5399 1602 5489 imago
1648 5400 1755 5474 [uisse
1781 5400 1896 5491 ipsum
1923 5400 2097 5493 Spiritum
2128 5417 2309 5488 muoso,
2348 5419 2520 5493 porsonam
2539 5403 2587 5458 ter·

615 5504 746 5596 patris,
770 5502 988 5598 significatur
1007 5524 1111 5589 ergo,
1137 5500 1233 5574 nasci
1255 5502 1371 5572 lilium
1389 5501 1602 5592 cogitatione
1649 5502 1734 5572 tiam
1757 5502 1974 5588 divinitatis,
2007 5517 2047 5577 nt
2067 5499 2154 5574 haec
2169 5515 2469 5594 verecongruant:
2493 5490 2587 5568 Efflss·

617 5606 824 5694 patrissare
846 5602 1038 5686 intuentis,
1064 5615 1100 5671 et
1123 5602 1300 5691 gignentis
1319 5602 1375 5673 sui
1400 5603 1602 5693 imaginem,
1650 5604 1733 5672 dasu
1750 5607 1795 5676 de
1810 5605 1936 5696 spiritu
1949 5629 2042 5678 meo.
2092 5603 2190 5678 Haec
2210 5605 2364 5686 bresitm
2379 5594 2540 5678 recensui,
2562 5594 2587 5654 ⁰¹

614 5707 708 5805 sicut
731 5707 771 5774 in
793 5701 941 5776 bomine
966 5701 1179 5794 cogitatione
1208 5704 1366 5795 gignitur
1399 5705 1517 5796 imago
1549 5705 1604 5774 rei
1650 5706 1798 5778 lectores
1829 5708 2028 5784 invitentur
2047 5709 2093 5780 sd
2116 5708 2280 5801 pianda
2307 5703 2365 5780 bis
2397 5703 2496 5780 tantis
2512 5691 2588 5768 rtbffi

616 5807 806 5898 cogitatae:
837 5805 893 5878 lta
906 5800 1114 5878 inbumam
1130 5805 1342 5897 cogitatim
1355 5805 1478 5902 aliquo
1492 5808 1601 5878 modo
1632 5807 1914 5912 cogitationem.
