5825 6950
571 658 646 736 883
1165 636 1292 718 Plllb.
1327 632 1444 713 MEL·
1474 630 1685 711 SCRIPTA
1719 633 2021 715 exsontes.
2522 642 2587 718 stt

568 849 645 904 tum
665 840 824 899 sanctum
841 822 880 891 in
898 812 1157 898 consolatione,
1182 812 1221 881 in
1247 836 1318 907 qua
1338 812 1406 881 bde
1419 808 1562 903 acquie-
1615 836 1689 883 sese
1707 815 1812 884 nobis
1826 811 2106 885 communicabit
2119 812 2159 883 in
2175 809 2369 885 clarissima
2382 810 2480 899 luce,
2495 827 2527 886 et
2541 817 2589 885 vi-

571 936 701 1006 scimus
733 929 771 997 in
802 922 1013 1001 mediatore,
1052 928 1086 987 et
1114 917 1258 985 accendi
1294 928 1413 985 notus
1434 912 1565 984 taleae
1618 916 1864 988 vibrabit-nos
1891 917 1964 987 vita
1989 931 2151 1002 aeterna,
2175 929 2210 988 et
2229 915 2419 1005 fulgebunt
2441 916 2478 983 in
2499 918 2590 988 nobis

573 1034 711 1127 Spiritu
733 1040 875 1105 sancto,
908 1019 1023 1117 qualis
1054 1018 1130 1107 ipse
1150 1029 1218 1088 est:
1256 1030 1376 1087 tamen
1398 1012 1486 1085 baec
1508 1013 1568 1083 in·
1617 1017 1727 1109 ipsius
1757 1018 1948 1110 sapientia,
1982 1018 2122 1090 iusticia
2154 1031 2192 1091 et
2221 1016 2377 1101 laetitia,
2410 1030 2444 1087 et
2472 1040 2591 1113 nequa-

573 1150 672 1208 coata
697 1127 901 1202 obedientia
934 1124 973 1191 in
1003 1119 1109 1190 uobis
1131 1113 1247 1189 adbuc
1277 1118 1402 1208 procul
1425 1117 1525 1201 abest
1547 1137 1567 1185 a
1617 1144 1723 1214 quam
1738 1122 1846 1192 simul
1862 1132 1967 1191 erunt
1981 1120 2020 1189 in
2036 1120 2142 1193 nobis
2157 1119 2331 1213 reliquiae
2351 1118 2491 1210 peccati.

574 1236 792 1333 perfectione
817 1228 916 1318 legis.
976 1222 1088 1295 Recte
1117 1220 1204 1291 dicit
1225 1214 1425 1306 Osiauder,
1451 1214 1568 1289 Deum
1719 1220 1799 1295 lloc
1829 1236 2117 1295 consummatum
2151 1222 2364 1293 beneficium
2396 1221 2593 1308 intueamur,

484 1401 487 1409 ,
574 1338 738 1411 habitare
754 1327 1057 1408 incredentibus,
1082 1324 1143 1393 sed
1168 1321 1277 1393 simul
1300 1317 1417 1393 adhuc
1440 1322 1481 1389 in
1502 1314 1568 1389 bo·
1608 1322 1959 1396 >cunctabundus
1977 1327 2057 1395 veni
2074 1326 2212 1396 solvere
2226 1323 2434 1413 legem‚sed
2451 1322 2592 1413 implere,

576 1441 735 1513 minibus
765 1454 893 1521 magna
924 1428 1035 1499 moles
1067 1439 1118 1494 est
1149 1424 1294 1516 peccati.
1358 1424 1465 1495 Tunc
1489 1447 1568 1493 curn
1622 1425 1730 1499 ltems
1756 1423 1886 1499 lebova
1907 1426 2047 1498 iusticia
2071 1441 2205 1501 nostra.
2257 1424 2306 1497 tle
2327 1424 2435 1493 simul
2459 1425 2594 1497 sciamur

578 1543 675 1616 Deus
694 1541 761 1612 erit
778 1533 897 1607 omnia
914 1532 953 1600 in
970 1526 1157 1611 omnibus,
1184 1527 1222 1595 id
1238 1539 1308 1607 est,
1323 1550 1402 1598 cum
1420 1523 1570 1615 fulgebit
1618 1529 1660 1599 in
1674 1524 1741 1599 hac
1758 1530 1829 1599 vita
1845 1530 2029 1620 credentes
2051 1526 2181 1600 habere
2204 1526 2307 1601 initia
2329 1539 2490 1597 aetmnue
2507 1526 2595 1613 vitae,

580 1648 619 1715 in
643 1641 772 1721 beatis,
798 1634 988 1730 inquibus
1010 1653 1086 1700 non
1108 1628 1176 1700 erit
1198 1642 1399 1720 peccatum,
1436 1628 1487 1697 ibi
1513 1628 1570 1735 in·
1622 1632 1718 1704 iurta
1734 1633 1886 1703 dictum:
1912 1628 1988 1720 Qui
2003 1627 2109 1703 babet
2124 1624 2392 1714 fitiumbatet
2407 1628 2523 1700 vitam.
2560 1628 2593 1699 ld

580 1746 778 1833 telligemus
795 1738 883 1833 quid
906 1736 953 1805 sit
973 1732 1059 1822 legis
1083 1731 1267 1824 impletio,
1296 1729 1352 1823 ibi
1368 1730 1500 1801 ecimus
1515 1729 1573 1798 iu·
1624 1733 1844 1824 intelligatur
1871 1733 2017 1819 ordine,
2050 1734 2153 1805 etde
2177 1732 2303 1817 initio,
2336 1744 2373 1801 et
2395 1731 2440 1800 de
2461 1730 2527 1801 vita
2546 1756 2593 1801 ὃς.

580 1850 625 1920 8ῑὶ
654 1846 728 1917 1)θο
760 1842 918 1929 fulgente
938 1837 978 1903 3¹¹
1001 1835 1116 1907 ¹¹⁰b52·
1177 1830 1247 1903 Sed
1279 1833 1316 1901 5¹¹
1340 1827 1406 1903 bat
1438 1832 1512 1901 vila
1533 1831 1572 1899 in
1623 1853 1723 1910 terna
1742 1838 1781 1905 in
1797 1836 1860 1905 illa
1877 1836 2018 1909 coelesti
2027 1831 2197 1906 Ecclesia.
2232 1830 2352 1904 Habet
2367 1846 2484 1902 autem
2497 1832 2594 1901 tilium

582 1963 679 2023 tanta
703 1943 909 2013 infirmitate
930 1938 982 2007 sic
1009 1934 1209 2005 accedimus
1236 1935 1280 2004 ad
1305 1932 1441 2017 Deum,
1464 1946 1505 2004 ut
1526 1933 1572 2003 ad
1623 1942 1662 2009 in
1679 1933 1747 2009 hac
1761 1940 1854 2018 vita,
1877 1938 2039 2031 quisquis
2058 1940 2097 2007 11,
2121 1960 2203 2008 m,
2225 1933 2477 2016 comestione,
2501 1936 2594 2004 Μὴ

583 2044 863 2122 mirericordiam
901 2051 1048 2132 propter
1091 2036 1323 2107 mediatorem
1366 2038 1575 2129 promissam
1624 2050 1824 2133 eapropter
1848 2040 2096 2111 obedientiam
2110 2038 2320 2110 mediam,
2339 2030 2471 2131 habu,
2490 2037 2595 2105 mg„

583 2149 845 2240 coniugiumue,
877 2157 912 2213 et
931 2155 1092 2230 tegamur
1126 2162 1145 2207 a
1169 2139 1383 2223 mediatore,
1408 2139 1507 2208 'sicut
1535 2137 1573 2206 in
1624 2144 1761 2217 sionem
1784 2156 2027 2233 peccatorum,
2060 2140 2389 2212 „condumum
2412 2138 2594 2230 mmmm,

583 2252 688 2327 Εῦὸῐᾶ
704 2248 911 2319 minam
927 2242 1103 2313 millam?
1119 2236 1387 2314 Umbmulum·
1419 2236 1468 2310 El
1483 2238 1575 2309 P‘dt't·
1626 2246 1760 2317 tionem
1777 2243 1949 2318 iustitiae.
1999 2242 2077 2315 Hac
2094 2243 2340 2315 consolatione
2354 2264 2436 2311 cum
2456 2240 2592 2329 erigitur,

584 2360 640 2429 ¹¹1⁵
664 2354 797 2447 inqui&
833 2341 1203 2447 Pelhusscffldemlss
1229 2347 1393 2413 accedere
1418 2342 1456 2410 fn
1484 2341 1575 2411 fidu·
1625 2347 1719 2418 ftlius
1746 2347 1881 2416 aeterni
1915 2349 2025 2438 patris
2059 2346 2263 2416 immediate
2300 2357 2354 2416 est
2379 2342 2497 2412 efficax
2524 2367 2592 2412 voce

584 2450 907 2549 eia‚perbdemin
925 2449 1053 2537 ipsum.
1105 2442 1166 2515 Sic
1182 2443 1290 2533 igitur
1312 2460 1494 2537 utcunque
1509 2446 1575 2513 do·
1627 2446 1832 2537 Evangelii,
1866 2462 1901 2519 et
1922 2449 2077 2519 vivificat
2097 2450 2324 2527 credentem,
2357 2460 2393 2517 ct
2411 2444 2549 2513 effundit
2561 2443 2591 2513 iu

586 2560 689 2632 cendi
708 2578 809 2625 causa
826 2553 926 2633 dico,
951 2550 1061 2635 legem
1078 2546 1229 2615 stabiliri
1247 2546 1315 2615 lide
1332 2545 1530 2638 tripliciter.
1626 2574 1688 2622 cor
1709 2549 1885 2643 Spiritum
1920 2564 2099 2637 sanctum,
2131 2574 2204 2643 quo
2232 2548 2370 2619 laetitia
2392 2546 2591 2641 acquiescens

689 2658 869 2731 Primum,
896 2648 1118 2721 ⁰⁰¹tse⁵⁵5⁰¹¹⁰
1134 2648 1309 2729 veritatis,
1330 2650 1425 2741 quod
1453 2650 1498 2719 sit
1521 2649 1575 2718 lex
1627 2654 1665 2721 in
1681 2649 1777 2735 Deo,
1803 2652 1947 2723 dilectio
1962 2650 2027 2724 Dei
2049 2667 2083 2724 et
2106 2676 2189 2723 vera
2209 2651 2400 2721 invocatio
2417 2652 2591 2719 accendam

586 2762 655 2835 Dei
677 2762 769 2831 iuste
793 2756 955 2827 ittdicans
985 2768 1019 2821 et
1044 2753 1217 2818 damnans
1230 2773 1321 2841 uos,
1345 2763 1379 2819 ct
1396 2754 1494 2843 qttod
1510 2774 1576 2820 no·
1628 2772 1696 2825 tur.
1753 2752 1850 2823 llaec
1865 2769 1948 2825 sunt
1971 2756 2074 2825 initia
2092 2754 2182 2825 vitae
2202 2770 2387 2826 aeternae:
2408 2751 2459 2820 sic
2474 2750 2590 2819 concio-

587 2880 659 2938 stra
682 2860 819 2931 iusticia
847 2880 920 2925 non
945 2866 1121 2923 mereatur
1141 2852 1488 2939 reconciliationem,
1512 2877 1577 2922 nec
1628 2871 1735 2928 natur
1759 2871 1793 2927 et
1809 2854 2006 2941 Dominus,
2030 2856 2213 2950 inquiens:
2239 2853 2282 2927 si
2301 2854 2387 2949 quie
2405 2851 2517 2941 diligit
2536 2875 2588 2935 me,

590 2969 641 3039 ‘ii
655 2966 741 3055 ¹⁰8ss
758 2959 931 3051 ἱῐῃΡῙθῑῙῦ·
1629 2982 1826 3029 sermonem
1850 2982 1967 3029 meum
1989 2959 2161 3043 servabit,
2190 2972 2226 3029 et
2252 2970 2355 3047 pater
2374 2977 2470 3025 meus
2492 2954 2589 3043 diliget

695 3066 878 3144 Secundo,
912 3056 1147 3148 imputatione
1167 3053 1325 3127 iusticiae
1344 3068 1491 3147 propter
1504 3081 1578 3126 me·
1628 3086 1729 3146 eum,
1754 3076 1789 3129 et
1812 3062 1995 3131 veniemus
2019 3064 2062 3130 ad
2085 3084 2183 3146 eum,
2218 3075 2253 3129 et
2275 3060 2496 3128 mansionem
2515 3060 2589 3147 apul

588 3173 774 3243 dictorem.
833 3161 928 3248 Quia
952 3159 1046 3227 enim
1068 3158 1136 3226 lide
1159 3158 1382 3245 agnoscimus
1404 3160 1578 3229 mediato·
1628 3187 1708 3234 eum
1724 3162 1904 3235 faciemus.
1956 3161 2119 3234 Primum
2138 3161 2403 3235 tubetbtiuase
2422 3158 2546 3239 audiri,
2565 3172 2590 3227 et

590 3297 686 3358 rem,
708 3282 742 3341 et
764 3268 941 3337 credimus
964 3260 1069 3329 nobis
1094 3274 1238 3349 propter
1260 3284 1340 3328 eum
1358 3260 1436 3330 dari
1453 3261 1577 3329 remis-
1629 3266 1740 3364 accipi
1759 3290 1879 3333 vocem
1895 3260 2094 3353 Evangelii.

590 3377 726 3446 sionem
741 3380 961 3459 peccatorum
977 3376 1011 3431 ει
1026 3361 1368 3443 reconciliationem,
1391 3376 1424 3431 et
1441 3385 1508 3431 nos
1522 3386 1578 3432 re·
1730 3365 1783 3437 lta
1791 3367 1933 3437 orditur
1947 3368 2166 3452 sanastionem
2182 3362 2500 3455 avoceEvangelii.
2521 3358 2589 3432 Cre.

593 3477 708 3569 putari
733 3474 842 3542 iustos
865 3481 1008 3559 propter
1030 3460 1140 3555 ipsius
1164 3464 1423 3549 obedientiam,
1456 3487 1579 3535 sumus
1630 3471 1771 3540 dentem
1802 3483 1917 3540 autem
1948 3469 2066 3559 diligit
2096 3482 2213 3559 pater,
2252 3468 2338 3538 vide
2369 3467 2589 3560 proprietatem

590 3579 674 3650 iusti
698 3589 733 3646 0²
753 3570 884 3662 mettii
908 3568 984 3640 130⁰
1008 3567 1047 3634 5¹¹
1065 3561 1130 3635 hac
1145 3568 1214 3636 Vlla
1240 3583 1383 3657 propter
1405 3567 1577 3635 obedien·
1630 3572 1812 3646 orationis.
1863 3567 1944 3642 Etsi
1966 3575 2128 3642 nondum
2152 3573 2190 3641 in
2210 3567 2277 3643 hac
2292 3571 2367 3642 vita
2384 3573 2460 3641 sine
2474 3579 2588 3661 peceato

590 3683 676 3753 tiam
699 3677 782 3759 lilii,
817 3675 898 3746 lide.
947 3669 1137 3741 Stabilituc
1160 3688 1242 3757 ergo
1267 3669 1337 3752 lex,
1364 3667 1445 3762 quia
1468 3693 1577 3760 agno·
1630 3696 1770 3759 sumus,
1796 3685 1914 3744 tamen
1936 3671 2400 3762 credensdiligituraDeo‚
2426 3672 2589 3750 catiustus,

592 3785 722 3854 scimus
738 3781 850 3868 legem
876 3795 949 3842 nou
972 3793 1045 3841 esse
1067 3770 1174 3838 inane
1196 3793 1377 3851 murmur,
1404 3772 1465 3841 sed
1495 3794 1580 3863 poe·
1630 3775 1712 3870 quia
1728 3788 1827 3868 pater
1847 3799 1928 3846 eum
1946 3798 2012 3867 per
2033 3777 2310 3847 misericordiam
2333 3790 2478 3867 propter
2496 3772 2588 3842 lilium

593 3911 675 3954 nam
697 3905 761 3973 pro
783 3899 910 3970 genere
925 3868 1081 3943 humano
1098 3871 1207 3942 fuisse
1230 3873 1518 3962 persolvendam,
1545 3888 1581 3945 et
1631 3879 1860 3950 mediatorem
1881 3878 2025 3970 recipit,
2051 3893 2087 3948 et
2103 3878 2254 3967 imputat
2274 3879 2309 3947 ei
2327 3876 2509 3949 iusticiam.
2552 3869 2590 3941 Ul

594 3985 686 4056 banc
701 3980 977 4074 persolutionem
993 3973 1099 4044 nobis
1115 3977 1280 4044 donatam
1305 3997 1388 4049 esse.
1440 3971 1579 4065 Regula
1629 3994 1746 4050 autem
1767 3992 1802 4049 ει
1816 3993 1942 4049 natura
1965 3994 2086 4050 nostra
2103 3981 2327 4067 restituatur,
2351 3979 2458 4050 simul
2474 3974 2533 4048 boc
2545 3973 2586 4041 lit:

595 4101 647 4158 est
668 4100 784 4174 autem
806 4078 958 4151 stabiliri
973 4089 1007 4146 et
1023 4073 1227 4146 confirmari
1249 4075 1343 4164 leges
1356 4100 1481 4167 poena.
1531 4075 1578 4148 Ει
1633 4080 1826 4152 Veniemus
1840 4084 1886 4151 ad
1910 4105 2009 4166 eum,
2035 4095 2069 4152 ει
2091 4083 2311 4152 mansionem
2338 4085 2432 4176 apud
2456 4101 2530 4150 eum
2546 4075 2588 4142 fa-

596 4209 798 4283 qnanquam
817 4185 854 4252 in
870 4177 936 4250 lme
950 4179 1024 4247 vita
1040 4178 1203 4248 incoatur
1215 4177 1435 4264 obedientia,
1462 4193 1580 4250 tamen
1629 4184 1773 4254 ciemns.
1808 4181 1985 4254 Aeternus
2006 4196 2105 4273 pater
2119 4185 2215 4256 misit
2230 4185 2345 4255 lilium
2368 4187 2412 4254 ad
2432 4182 2588 4274 proferen-

563 4316 569 4324 ·
594 4287 711 4362 adhuc
727 4288 849 4379 procul
865 4285 1032 4353 absumus
1047 4305 1065 4346 a
1081 4279 1297 4370 perfectione
1313 4280 1416 4369 legis,
1444 4283 1506 4351 sed
1524 4306 1580 4351 re·
1629 4287 1710 4354 dam
1727 4309 1847 4356 vocem
1866 4279 2048 4374 Evangelii
2069 4309 2234 4355 arcanam
2256 4300 2291 4357 ει
2315 4288 2470 4376 ignotam
2489 4279 2588 4352 omni-

596 4407 763 4486 putamur
777 4387 877 4469 ῑῑῐὸὶὶ,
906 4384 941 4454 ld
957 4397 1027 4467 0⁸¹2
1053 4376 1224 4452 h³b²¹¹128
1239 4384 1482 4452 ΐθῐῐιῑιιὶοὓεω
1500 4407 1582 4475 pec·
1631 4388 1696 4456 bue
1711 4387 1900 4466 creaturis,
1921 4383 1969 4456 Ει
1985 4410 2048 4476 per
2065 4382 2161 4458 hunc
2174 4388 2286 4460 filium
2312 4387 2509 4458 immediate
2528 4379 2587 4451 col·

595 4507 752 4564 catorum
778 4505 811 4560 ει
836 4485 1156 4558 reconciliationem
1182 4496 1327 4573 propter
1349 4487 1578 4555 mediatorem
1630 4488 1707 4578 ligit
1722 4487 1914 4558 Ecclesiam
1930 4513 2016 4558 voce
2030 4487 2228 4578 Evangelii.
2278 4487 2350 4560 llic
2370 4489 2461 4559 filius
2480 4487 2585 4554 imme·

595 4597 678 4665 lide:
706 4595 756 4664 sic
779 4587 954 4662 habemus
975 4583 1043 4656 hoc
1061 4586 1157 4678 qnod
1175 4585 1229 4653 lex
1245 4584 1480 4674 significabat,
1506 4611 1579 4657 non
1630 4592 1724 4660 diste
1738 4606 1789 4663 eet
1807 4591 1945 4674 efficax,
1969 4615 2050 4660 cusu
2071 4591 2110 4661 lit
2132 4592 2330 4664 consolatio
2351 4615 2436 4662 voce
2445 4585 2586 4671 Evange-

595 4711 718 4766 nostra
736 4693 942 4783 impletione
956 4689 1034 4760 tolli
1052 4690 1142 4757 iram
1158 4684 1246 4770 Dei,
1272 4700 1306 4756 et
1328 4688 1403 4758 fieri
1421 4692 1579 4759 reconei·
1629 4693 1669 4761 lii
1685 4716 1766 4762 vere
1779 4695 1876 4762 adest
1889 4685 2010 4791 λόγος,
2036 4705 2072 4764 ει
2085 4693 2242 4766 ostendit
2266 4709 2424 4785 patrem,
2446 4692 2529 4760 sicul
2541 4687 2584 4753 itt·

595 4799 798 4878 liationem,
844 4797 905 4862 sed
935 4788 1138 4861 mediatoris
1177 4789 1417 4859 obedientiam
1451 4791 1579 4861 donari
1628 4794 1722 4887 quit:
1748 4791 1862 4864 Nesuo
1877 4797 1978 4865 novit
1995 4808 2144 4884 patrem,
2159 4796 2229 4865 nisi
2250 4795 2364 4881 lilius,
2388 4809 2422 4866 et
2435 4792 2488 4862 eui
2507 4787 2585 4862 filim

594 4899 830 4972 credentibus.
869 4894 929 4966 Sic
944 4889 1052 4966 Rom.
1067 4887 1102 4962 5.
1125 4890 1270 4962 dicitur:
1299 4888 1481 4964 laetificati
1497 4917 1580 4963 san·
1630 4896 1723 4965 volet
1744 4896 1911 4965 revelare.
1967 4891 2015 4967 Ει
2038 4911 2124 4966 tunc
2149 4897 2256 4968 simul
2279 4912 2377 4990 pater
2396 4909 2429 4966 et
2442 4893 2528 4962 lilius
2544 4888 2583 4956 ci·

595 5003 703 5093 &⁰5⁰²
719 4999 813 5081 Εἶθ’,
838 4994 1055 5066 *ditabimur
1068 5015 1222 5084 pereum
1237 4993 1283 5062 ab
1300 4992 1364 5068 ira.
1628 4997 1782 5066 fundunt
1797 4996 1971 5088 Spiritum
1993 5012 2152 5069 sanctum
2177 5000 2217 5068 in
2236 5023 2299 5070 cor
2319 4997 2504 5070 credentis:
2533 4993 2584 5059 da-

697 5099 839 5184 Tertio,
865 5093 1045 5186 stabilitur
1067 5095 1122 5164 lex
1146 5095 1232 5178 lide,
1256 5095 1353 5164 iusta
1381 5093 1516 5163 dictum
1532 5094 1577 5162 ad
1628 5111 1687 5168 tur
1710 5100 1804 5168 enim
1829 5099 1987 5189 Spiritus
2009 5112 2150 5171 sanctus
2175 5123 2239 5191 per
2257 5101 2387 5184 lilium,
2417 5119 2493 5168 cum
2514 5113 2583 5161 voce

595 5203 758 5276 Galatas:
785 5199 858 5272 Nos
878 5199 1007 5291 spiritu
1032 5219 1074 5266 ex
1105 5195 1173 5266 fide
1206 5219 1302 5286 spem
1334 5195 1495 5268 iusticiae
1516 5217 1576 5263 ex·
1628 5195 1812 5291 Evangelii
1838 5201 1877 5270 lit
1900 5201 2108 5273 consolatio.
2174 5200 2221 5276 Et
2247 5217 2332 5274 uota
2358 5201 2404 5272 ait
2431 5192 2581 5268 sententia

593 5319 793 5400 Pellam,
817 5303 855 5376 id
882 5315 950 5381 0⁸12
983 5296 1200 5371 reconcilitli
1226 5297 1294 5366 fide
1318 5292 1502 5369 habebunt
1518 5296 1575 5364 in·
1626 5297 1831 5385 Athanasii,
1858 5302 1899 5370 lu
1912 5326 2102 5398 quocuuqe
2116 5303 2249 5375 dicitur
2264 5327 2338 5374 esse
2352 5301 2500 5394 Spiritus
2512 5317 2580 5365 san-

592 5424 726 5498 tegram
750 5405 924 5479 iusticiam
944 5403 983 5472 iu
1006 5401 1082 5491 lege
1098 5399 1349 5490 significatam.
1410 5397 1578 5469 Certisai-
1626 5403 1783 5488 ctns,ibi
1801 5417 1852 5474 est
1864 5428 1926 5496 per
1937 5401 2105 5478 Verbum.
2127 5403 2294 5496 Quareet
2308 5407 2399 5476 infra
2412 5400 2451 5472 fit
2465 5399 2580 5470 unius·

591 5535 688 5579 mum
713 5523 765 5580 est
787 5505 937 5578 enimin
959 5505 1036 5592 lege
1058 5523 1132 5572 non
1148 5514 1285 5572 tantum
1311 5500 1577 5590 significarim·
1625 5529 1694 5598 que
1707 5527 1878 5597 personae
1893 5508 2048 5592 mentio,
2073 5504 2320 5581 Romanorum
2335 5509 2371 5579 0.
2384 5504 2508 5593 capite:
2529 5495 2577 5567 si-

592 5613 809 5696 ccationem,
842 5630 932 5702 quae
954 5607 993 5675 bt
1023 5603 1062 5673 in
1093 5597 1159 5674 hac
1187 5603 1277 5682 vita,
1302 5607 1363 5673 sed
1384 5603 1576 5694 significari
1624 5609 1767 5696 qsridem
1790 5607 1937 5698 spiritus
1959 5605 2028 5678 Dei
2051 5605 2189 5682 habitat
2203 5611 2243 5680 iu
2265 5609 2377 5680 vobis.
2428 5603 2522 5674 ltems
2543 5594 2576 5665 si

589 5713 777 5804 perfectam
811 5707 1095 5784 conformitatem
1125 5727 1205 5775 cum
1236 5703 1337 5791 Deo,
1377 5729 1468 5798 quae
1496 5707 1574 5786 erit,
1621 5702 1785 5777 Christus
1807 5721 1860 5778 eat
1883 5710 1920 5778 in
1940 5711 2055 5782 vobis.
2094 5707 2141 5782 Ει
2164 5714 2240 5802 ipse
2260 5710 2392 5803 inquit:
2421 5705 2491 5793 Ego
2510 5717 2576 5768 sum

589 5839 668 5885 cum
693 5810 790 5885 Deus
815 5813 883 5884 erit
905 5808 1025 5880 omnia
1050 5807 1088 5878 in
1110 5806 1298 5893 omuibus,
1331 5808 1368 5876 id
1392 5821 1462 5888 est,
1489 5831 1571 5878 cum
1622 5810 1720 5898 vitia,
1746 5833 1810 5880 vos
1823 5811 1986 5903 palmites
1995 5866 2006 5899 ,
2034 5812 2109 5902 Qui
2129 5829 2249 5887 manet
2264 5814 2304 5884 in
2318 5837 2392 5899 me,
2415 5798 2574 5894 ειΕεοῐῦ
