5825 6950
1171 691 1298 778 Ptttt.
1325 689 1443 782 trun
1467 693 1682 784 SCRIPTA
1704 690 2009 781 monstret.

565 881 702 952 furtum
725 875 764 948 tit
786 886 910 947 contra
937 870 1068 961 legem,
1103 866 1184 938 ideo
1222 879 1403 959 peceatum
1435 880 1487 942 ert
1526 881 1561 944 et
1589 871 1833 962 ¹coniecturae
1854 870 1902 944 ab
1922 868 2110 961 operibus,
2143 882 2263 944 utrum
2286 871 2408 944 simus
2431 870 2469 940 in
2487 874 2601 962 gratia,

569 995 697 1053 contra
718 975 994 1059 conscientiam,
1026 971 1064 1044 in
1087 995 1150 1058 eo,
1179 970 1387 1063 qui'sciens
1407 971 1561 1044 furatur.
1609 999 1644 1050 st
1668 990 1785 1054 tamen
1810 987 1972 1050 orarunt
1995 972 2207 1058 adversarii,
2242 976 2344 1066 quod
2367 974 2418 1044 sit
2440 975 2600 1046 dubitari.

568 1079 926 1172 Haeciuterpretatio
942 1097 1023 1146 vera
1043 1087 1076 1144 et
1092 1073 1284 1143 necessaria
1310 1086 1375 1142 est.
1410 1073 1562 1144 Necesse
1609 1081 1714 1162 dum,
1740 1077 1885 1168 etquod
1908 1075 2084 1154 duhimtio
2104 1099 2179 1147 nou
2196 1076 2461 1166 sicpercatum.
2512 1075 2599 1152 llaec

570 1201 621 1259 est
644 1185 743 1254 cuim
766 1183 804 1252 in
829 1181 1011 1274 operando
1043 1176 1197 1268 primum
1221 1175 1404 1251 consulere
1435 1178 1561 1266 legem,
1610 1195 1683 1254 tota
1701 1179 2057 1269 imaginationum
2073 1201 2154 1256 rum
2170 1179 2336 1250 doctrina
2355 1180 2403 1256 de
2419 1178 2500 1254 fide.

569 1304 611 1362 ut
634 1288 806 1370 sciamus,
831 1307 921 1378 quae
936 1301 1044 1374 opera
1061 1275 1158 1351 Deus
1173 1272 1362 1372 prohibeat
1383 1293 1444 1349 aut
1460 1302 1561 1370 prae·
1711 1278 1827 1350 Porro
1847 1305 1922 1358 non
1940 1302 2108 1372 negamus
2126 1276 2271 1350 haerere
2286 1281 2328 1348 in
2347 1280 2483 1350 animis
2505 1295 2600 1352 natu-

571 1391 699 1483 cipiat,
732 1403 767 1460 et
789 1409 896 1476 opera
926 1396 1050 1456 contra
1082 1379 1196 1470 legem
1218 1377 1290 1450 Dei
1314 1401 1388 1452 esse
1409 1395 1563 1476 peccata,¹
1610 1382 1720 1453 ralem
1736 1381 2014 1464 dubitationem,
2036 1381 2344 1468 erutffidmrtam,
2358 1402 2470 1476 quam
2488 1407 2601 1453 omues

570 1518 647 1566 non
664 1490 814 1562 dubium
833 1501 895 1559 est.
1610 1485 1852 1576 experiuntur,
1922 1485 1997 1560 set
2033 1485 2124 1558 illud
2164 1485 2355 1562 aientem
2398 1497 2472 1568 est,
2519 1481 2601 1556 hane

672 1592 743 1666 Sed
759 1615 839 1662 cum
856 1587 988 1660 Paulus
1005 1582 1166 1658 ruminat
1182 1583 1307 1668 fidem,
1329 1606 1403 1654 non
1421 1597 1559 1655 tautum
1610 1588 1722 1678 ipsam
1738 1587 1999 1662 dubitationem
2013 1601 2048 1658 et
2063 1587 2298 1660 diffidentiam
2316 1609 2396 1658 esse
2415 1602 2600 1676 peceatum,

570 1695 721 1790 requirit
735 1695 866 1784 legem,
885 1705 947 1761 aut
970 1687 1139 1760 noticiam
1167 1682 1394 1771 historicam,
1418 1689 1478 1756 sed
1499 1710 1560 1754 ve-
1609 1703 1642 1760 et
1660 1689 1750 1762 oriri
1773 1713 1814 1762 ex
1838 1691 1991 1762 naturali
2013 1690 2196 1776 caecitate,
2222 1713 2315 1783 quae
2335 1689 2509 1780 repudiat
2523 1713 2599 1780 pro·

569 1823 647 1871 cam
671 1797 794 1878 fidem,
825 1816 866 1863 ae
887 1795 990 1862 docet
1012 1812 1118 1884 opera
1134 1783 1300 1858 mandata
1321 1800 1381 1860 aut
1396 1809 1559 1860 concessa
1588 1791 1818 1868 ,missionem
1836 1789 2032 1882 Evangelii.
2090 1787 2168 1866 Etsi
2198 1791 2307 1880 igitur
2325 1785 2455 1865 haeret
2477 1792 2514 1862 in
2530 1792 2598 1860 ant.

570 1929 590 1972 a
606 1901 705 1982 Deo,
730 1897 891 1967 iacienda
908 1916 980 1964 esse
996 1892 1034 1962 iu
1050 1893 1135 1970 fide,
1156 1891 1192 1960 id
1208 1904 1277 1977 est,
1291 1915 1370 1960 cum
1387 1885 1451 1960 hac
1468 1891 1558 1960 bdu—
1609 1894 1676 1968 rnis
1689 1895 1751 1964 illa
1767 1894 1964 1980 dubitatio,
1979 1908 2097 1972 toturn
2113 1895 2246 1986 opponi
2264 1890 2403 1968 desem
2421 1889 2508 1964 haer
2522 1895 2598 1977 duo,

570 2003 646 2087 cia,
661 2000 755 2093 quod
773 1999 867 2070 Deus
884 2009 1029 2088 propter
1044 1991 1275 2064 mediatorem
1292 1987 1474 2063 Christum
1494 2016 1558 2063 no·
1608 1995 1745 2073 scilicet,
1754 1997 1944 2087 promissio
1959 1995 2177 2084 euangelica..
2195 1999 2485 2085 sumendorum,
2511 2000 2599 2088 quod

567 2106 625 2179 bis
645 2103 690 2173 sit
713 2099 910 2192 propicius,
936 2110 970 2167 et
996 2097 1091 2189 quod
1114 2109 1259 2186 propter
1279 2094 1382 2164 illum
1414 2093 1558 2186 pontifi·
1588 2099 1797 2190 praeripit,
1823 2113 1863 2172 ut
1886 2101 2072 2172 redamus
2095 2099 2149 2172 illi
2173 2097 2426 2188 promissioni.
2485 2095 2596 2188 Repu·

568 2231 645 2278 cem
661 2217 782 2274 nostra
799 2223 906 2293 opera
930 2197 1100 2291 placeant.
1154 2196 1276 2285 Quare
1298 2197 1433 2268 dictum
1455 2194 1558 2268 Pauli
1607 2202 1788 2289 gnandurn
1812 2215 1864 2272 est
1888 2201 1996 2289 igitur
2017 2200 2255 2283 dubitationi,
2279 2215 2318 2270 et
2342 2199 2521 2273 vincenda
2535 2201 2596 2270 dis-

566 2333 642 2380 non
665 2320 801 2377 tanturn
825 2305 868 2373 ad
894 2303 1023 2391 legem,
1048 2301 1107 2370 sed
1134 2299 1240 2369 etiam
1262 2299 1306 2367 ad
1322 2294 1557 2390 Evangelium
1608 2303 1771 2387 fidentia,
1801 2325 1842 2372 ac
1872 2305 2118 2382 statuendum,
2149 2303 2245 2394 quod
2270 2299 2374 2373 Deus
2399 2327 2483 2374 vere
2505 2302 2594 2390 igno-

566 2406 827 2482 arrornmodari
847 2426 987 2472 neeesse
1001 2416 1063 2470 est.
1606 2416 1679 2474 scat
1700 2405 1949 2488 credentibus,
1977 2427 2106 2497 eosque
2134 2427 2214 2475 vere
2242 2403 2421 2494 recipiat,
2450 2419 2544 2476 curet
2565 2417 2594 2474 et

670 2509 740 2582 Sed
769 2519 914 2600 quaerat
949 2503 1094 2596 aliquis:
1130 2500 1322 2590 Quomodo
1363 2513 1558 2572 statuamus
1607 2508 1783 2581 exaudiat.
1859 2505 1905 2580 Et
1941 2501 2033 2581 henr
2072 2499 2177 2578 idem
2210 2508 2324 2576 verbo
2358 2505 2453 2580 attici
2485 2520 2517 2578 rt
2549 2507 2590 2578 ali

565 2612 643 2688 Deo
661 2613 798 2706 placere
815 2631 882 2678 nos
894 2619 958 2678 aut
974 2629 1081 2698 opera
1096 2620 1235 2689 nostra,
1251 2603 1457 2695 praesertim
1475 2629 1556 2674 rum
1587 2680 1589 2689 Ι
1608 2609 1772 2688 sciamus,

564 2715 855 2787 contaminentur
904 2706 1065 2795 contagio
1103 2705 1433 2796 concupiscentiae?
1483 2703 1557 2776 Re·
1708 2708 1782 2782 Nec
1804 2711 1920 2782 sotum
1935 2708 2124 2802 promissio
2147 2708 2320 2801 requirit,
2346 2720 2388 2783 ut
2413 2711 2586 2792 credamus,

506 2876 509 2882 ,
565 2817 744 2909 spondeos
769 2811 894 2884 Securi
917 2809 979 2902 qui
1002 2809 1078 2876 sine
1102 2807 1319 2899 poenitentia
1343 2820 1447 2890 sunt,
1482 2830 1556 2877 nou
1606 2813 1666 2882 scd
1698 2813 1803 2886 etiarn
1833 2827 2057 2903 praeceptum
2099 2814 2262 2882 additum
2288 2824 2343 2882 est
2369 2811 2588 2892 immutabile,

564 2920 771 3007 intelligunt
797 2909 890 2983 hanc
913 2910 1110 2980 doctrinam
1134 2911 1177 2977 de
1203 2909 1290 2993 fide,
1322 2910 1382 2978 sed
1407 2910 1557 2979 iuveris
1606 2915 1702 3006 quod
1718 2913 1938 2983 severissime
1956 2917 2121 2996 mandet,
2145 2927 2187 2986 ut
2203 2916 2415 2998 credamus,
2441 2937 2588 2984 verenn-

564 3019 819 3092 afflictionibus
843 3012 1014 3085 illucescit
1040 3010 1199 3091 animus,
1234 3034 1314 3082 cum
1338 3013 1494 3101 rogitant
1520 3035 1556 3082 se
1606 3016 1661 3086 bis
1684 3015 1889 3106 contingere
1913 3031 2058 3107 propter
2078 3015 2191 3084 filiurn
2215 3013 2304 3101 Dei,
2341 3039 2383 3084 ea
2406 3038 2588 3108 qnaepro·

564 3147 640 3193 non
664 3118 822 3193 exaudiri
849 3114 983 3199 aDeo,
1006 3139 1043 3184 se
1068 3114 1222 3182 abiectos
1245 3136 1337 3192 esse,
1364 3127 1399 3184 et
1415 3113 1555 3184 nullum
1607 3117 1710 3188 missa
1743 3127 1838 3188 suut.
1889 3117 1989 3190 Sicut
2012 3117 2144 3186 dicitur
2168 3119 2201 3189 1.
2226 3115 2326 3192 loan.
2353 3117 2406 3186 b:
2447 3115 2523 3186 Hoc
2543 3127 2586 3184 est

534 3212 539 3221 ⁹
563 3229 640 3296 fore
655 3224 762 3293 finem
777 3219 1015 3290 calamitatum
1034 3229 1099 3288 etc.
1153 3213 1195 3284 ln
1216 3215 1349 3286 talibus
1369 3215 1557 3286 doloribus
1607 3220 1813 3290 mandatum
1836 3219 1929 3300 eius,
1957 3221 2195 3298 succedamus
2211 3218 2247 3286 in
2264 3220 2419 3294 nuntius
2434 3219 2495 3288 lilii
2514 3217 2585 3290 eius.

565 3323 725 3418 erigendi
742 3332 826 3394 suut
842 3317 955 3391 ani'ml
972 3311 1062 3401 fide,
1086 3331 1126 3387 ut
1143 3330 1338 3388 statuamus
1354 3315 1471 3388 Deum
1489 3319 1557 3388 no·
1608 3318 1714 3392 ltem:
1743 3319 1815 3410 Qui
1833 3321 2034 3395 noseredit
2049 3318 2143 3406 Deo,
2169 3325 2379 3398 resumam
2404 3321 2489 3394 iacit
2507 3343 2583 3400 curo,

564 3431 622 3502 bis
638 3451 719 3499 vere
733 3425 914 3519 ignoscere
930 3433 1076 3516 propter
1091 3413 1293 3507 Christum,
1316 3443 1397 3491 vere
1414 3443 1480 3491 nos
1495 3443 1555 3491 rx·
1606 3424 1778 3519 quianon
1796 3424 1908 3494 credit
1932 3427 1970 3495 in
1985 3423 2227 3497 testimouium
2235 3471 2248 3507 ,
2275 3425 2381 3517 qrsod
2401 3422 2584 3495 testibrrtut

563 3532 688 3603 audire
712 3542 746 3599 et
770 3545 905 3600 curare.
1607 3540 1659 3597 est
1676 3522 1830 3603 Deuade
1848 3524 2016 3599 filiosuo.
2069 3520 2119 3596 Et
2132 3522 2219 3597 libr.
2234 3524 2291 3603 h:
2318 3526 2503 3601 Artemam
2516 3546 2583 3591 rum

665 3630 708 3702 ln
731 3631 793 3701 tali
818 3626 1062 3700 consolatione
1088 3635 1202 3714 potest
1226 3623 1397 3714 intelligi,
1424 3623 1486 3717 qui
1511 3624 1556 3696 sit
1606 3628 1733 3701 fiducia
1766 3631 1809 3699 ad
1842 3624 2012 3699 thronum
2046 3628 2189 3717 gratiae.
2250 3626 2320 3699 llis
2353 3626 2527 3700 mandatis
2554 3638 2584 3693 et

562 3736 670 3819 fides,
697 3756 737 3803 ac
753 3746 839 3801 tunc
854 3730 940 3799 fides
959 3739 1132 3819 repugnat
1148 3727 1301 3795 naturali
1321 3727 1554 3817 dubitationi,
1605 3722 1902 3823 promissionibus
1938 3742 2109 3823 repugnat
2143 3731 2330 3816 doeutna,
2375 3753 2466 3824 quae
2500 3727 2582 3797 iubet
2627 3780 2628 3783 ι

564 3854 597 3908 et
614 3836 725 3905 vincit
741 3831 989 3904 diffidentiam.
1043 3828 1208 3910 Hachdc
1231 3828 1387 3919 primum
1404 3852 1554 3916 persona
1606 3832 1778 3903 dubitare.
2627 3896 2628 3899 ,

562 3942 678 4033 placet
695 3935 769 4007 Deo
784 3948 929 4027 propter
939 3927 1140 4014 Christum,
1165 3931 1296 3999 deinde
1310 3931 1431 4001 statuit
1448 3932 1554 4002 etiam
1708 3932 1829 4021 Quare
1854 3936 2061 4007 luctandum
2090 3947 2143 4005 ert
2171 3956 2252 4003 cum
2278 3932 2518 4016 dubitatione,
2553 3941 2581 3997 et

563 4040 811 4134 placerebona
836 4058 942 4127 opera
966 4047 1110 4124 propter
1136 4032 1338 4121 porrtiticem
1359 4028 1553 4119 Christum,
1605 4036 1771 4127 erigenda
1787 4038 1873 4107 tides
1889 4037 2040 4109 inomni
2058 4035 2293 4109 invocatione.
2325 4034 2428 4109 Siren
2445 4030 2580 4103 etlarob
2627 4054 2628 4145 p

563 4141 703 4214 tametsi
720 4152 803 4209 strnt
820 4138 1022 4226 imperfetto
1042 4147 1075 4204 rt
1102 4134 1296 4206 itumuutlo.
1348 4130 1555 4207 Etnecesse
1605 4137 1793 4229 praecipit:
1829 4136 1988 4209 Postulet
2011 4140 2049 4207 in
2073 4139 2141 4207 fide
2165 4131 2259 4207 nihil
2283 4133 2472 4215 haesitans.
2518 4130 2580 4203 Nrs
2627 4160 2628 4205 1

563 4259 616 4315 est
639 4241 758 4314 doceri
785 4236 968 4321 homines,
994 4238 1107 4331 quod,
1123 4237 1282 4328 requirat
1307 4234 1420 4321 Deus,
1451 4237 1553 4309 utin
1607 4240 1746 4330 placent
1774 4237 1849 4311 Deo
1873 4241 1990 4315 cultas
2013 4242 2052 4309 ira
2083 4240 2177 4320 illis,
2207 4239 2269 4331 qui
2299 4264 2375 4315 noa
2399 4245 2579 4329 repugnant

564 4348 634 4416 fide
650 4342 951 4423 serviamus,non
970 4340 1007 4407 in
1024 4339 1250 4408 dubitatione
1265 4350 1443 4429 perpetua.
1471 4338 1554 4409 Non
1606 4340 1844 4427 dubitationi,
1878 4346 1937 4413 sed
1965 4344 2061 4415 taciti
2083 4342 2231 4432 apudse
2257 4342 2417 4413 retinent
2429 4336 2578 4419 diffiten-

564 4450 616 4518 sic
640 4446 815 4534 cogitent,
850 4443 913 4511 etsi
937 4442 1054 4512 servio
1073 4438 1167 4524 Deo,
1191 4453 1226 4509 et
1245 4439 1373 4508 invoco
1396 4464 1477 4511 eum
1500 4455 1552 4510 ta·
1605 4442 1711 4527 tiam,
1737 4445 1831 4535 quod
1856 4468 1929 4517 nou
1951 4444 2204 4536 respiciantur,
2235 4446 2334 4534 quod
2360 4441 2434 4520 siut
2455 4435 2576 4509 abiecti·

564 4573 648 4621 meu
664 4546 828 4617 dubitare
847 4546 976 4627 debeo,
1003 4567 1048 4610 au
1071 4537 1156 4611 haer
1179 4541 1213 4610 ei
1233 4541 1405 4633 placeant.
1456 4538 1554 4613 Haec
1605 4541 1703 4615 Haec
1719 4559 1860 4636 peccata
1876 4570 2063 4637 agnoscere
2077 4546 2278 4628 discamus,
2296 4558 2339 4615 ut
2353 4544 2576 4632 eisrepugut·

564 4650 741 4721 dubitatio
762 4646 920 4718 continet
942 4644 1053 4713 multa
1080 4656 1237 4736 peccata,
1263 4657 1368 4732 negat
1389 4640 1553 4736 Evange·
1606 4670 1704 4726 mus,
1731 4660 1766 4717 et
1782 4672 1861 4720 aera
1881 4650 2047 4722 exercitia
2059 4646 2142 4721 fidei
2167 4646 2371 4721 excitemus.

563 4754 673 4837 lium,
704 4761 811 4838 negat
833 4745 948 4818 Deum
971 4746 1150 4816 remittere
1179 4761 1337 4837 peccata,
1371 4741 1464 4814 nihil
1494 4770 1553 4816 ex·
1708 4747 1767 4819 Sir
1796 4772 1878 4840 ergo
1910 4751 2130 4840 intelligatur
2158 4749 2294 4823 dictum
2320 4745 2440 4823 Pauli:
2471 4736 2574 4811 Omne

563 4867 680 4947 pectat
702 4848 832 4934 aDeo,
856 4862 892 4923 et
912 4848 1014 4919 tacite
1038 4847 1265 4937 indignatur,
1290 4862 1324 4920 et
1346 4846 1467 4918 fremit
1490 4851 1554 4918 sd·
1607 4850 1703 4943 quod
1722 4874 1794 4920 uon
1814 4866 1866 4923 est
1889 4876 1930 4926 err
1953 4852 2040 4936 lide,
2065 4864 2246 4945 peccatum
2268 4863 2332 4922 est.
2382 4838 2573 4917 Memineri-

563 4977 688 5027 versus
709 4952 838 5026 Deum.
887 4948 983 5021 llaec
1005 4966 1089 5023 sunt
1114 4964 1274 5042 peccata,
1300 4974 1390 5044 quae
1412 4952 1554 5043 proprie
1607 4974 1685 5023 mus
1709 4952 1869 5023 facienda
1893 4978 1967 5025 esse
1991 4979 2098 5046 opera
2119 4967 2346 5055 praereptae
2364 4950 2460 5029 Deo,
2484 4957 2515 5015 et
2529 4940 2572 5009 lt·

462 5120 472 5137 ,
564 5080 631 5149 per
645 5057 756 5142 legem
777 5053 951 5138 existunt,
976 5067 1015 5124 ut
1034 5066 1134 5123 vorat
1153 5051 1296 5122 Paulus.
1475 5052 1478 5061 “
1607 5055 1730 5125 cienda
1747 5050 1867 5127 iubar
1883 5058 1971 5141 lide,
1995 5059 2091 5149 qrrod
2108 5052 2205 5127 Deus
2225 5055 2272 5127 sit
2293 5051 2398 5125 nobis
2411 5043 2572 5141 propicius

668 5156 789 5247 Quare
814 5178 953 5225 necesse
970 5162 1021 5225 est
1041 5149 1134 5225 haur
1148 5152 1411 5225 dubitationem
1431 5153 1469 5223 iu
1484 5150 1554 5227 Ec·
1606 5169 1751 5250 propter
1780 5157 2010 5230 mediatorem
2039 5153 2244 5240 Christum,
2283 5171 2317 5228 et
2345 5164 2483 5245 propter
2502 5160 2570 5213 tum

565 5258 672 5331 etesia
697 5252 931 5351 reprehendi,
962 5269 998 5327 et
1026 5256 1162 5349 opponi
1186 5256 1385 5327 doctrinam
1406 5257 1454 5327 de
1473 5258 1555 5329 fide,
1607 5257 1771 5331 exaudiat
1792 5272 1828 5329 et
1847 5273 1948 5330 curet
1968 5284 2054 5343 nos,
2092 5273 2126 5330 et
2150 5264 2328 5331 condonet
2348 5250 2568 5325 infirmitatem

564 5356 897 5453 Reprehendendus
931 5371 984 5429 est
1017 5358 1122 5428 ctiam
1151 5355 1417 5443 vulgatissimus
1440 5381 1554 5443 error,
1607 5374 1642 5433 et
1656 5360 1752 5431 bona
1766 5382 1874 5451 opera
1890 5363 2073 5452 approbet.

563 5465 628 5557 qui
646 5463 684 5533 in
699 5458 893 5535 Ecclesiam
909 5481 1051 5551 sparsus
1065 5473 1133 5542 est,
1157 5457 1311 5544 scilicet,
1336 5461 1433 5553 quod
1449 5454 1554 5533 Chri·
1708 5458 1784 5531 lam
1814 5464 1858 5531 sd
1883 5457 1976 5535 itane
2000 5462 2210 5535 sententiam
2232 5448 2567 5534 rontemntnrrultot

565 5568 701 5637 stiauus
731 5566 859 5635 debeat
887 5560 1071 5645 dubitare,
1109 5584 1157 5630 au
1187 5561 1232 5631 sit
1260 5562 1384 5651 gratia.
1452 5558 1555 5648 ltem,
1606 5558 1830 5656 hypocritiri.
1890 5564 1981 5637 Cum
2004 5566 2135 5635 saciant
2157 5588 2261 5655 opera
2284 5586 2357 5633 non
2380 5556 2564 5629 mandatas

524 5704 528 5711 ·
566 5662 1050 5761 quodhserdubitationon
1073 5662 1334 5754 supernarum,
1360 5664 1464 5735 etad
1487 5656 1555 5735 hor
1606 5661 1704 5748 Deo,
1729 5688 1802 5734 non
1828 5684 1975 5757 possrrrn
2001 5668 2144 5737 credere
2168 5667 2273 5737 talem
2298 5664 2427 5735 cultum
2450 5655 2479 5723 ti
2500 5648 2563 5739 1³¹²·

478 5809 484 5815 ⁴
565 5768 721 5857 allegant
738 5767 875 5840 dictum
895 5788 938 5837 ex
961 5762 1188 5837 Ecclesiaste:
1228 5762 1347 5837 Nescit
1374 5762 1483 5837 bomo
1507 5788 1554 5835 an
1606 5788 1702 5850 cere,
1735 5766 1818 5855 quia
1844 5769 1983 5840 nullum
2007 5764 2140 5842 habent
2168 5769 2316 5841 verbum
2336 5767 2379 5835 de
2405 5757 2561 5827 volrrntstt

568 5892 689 5941 amore
719 5868 777 5939 vel
797 5868 882 5941 odio
903 5868 1034 5959 dignus
1054 5866 1112 5942 sit.
1169 5864 1310 5939 Deinde
1334 5881 1555 5961 quaeruntur
1604 5862 1684 5939 Dei.
1737 5866 1925 5957 Secundo,
1958 5868 2052 5958 Quia
2076 5871 2275 5945 doctrinam
2300 5870 2342 5939 de
2365 5864 2428 5938 fids
2447 5858 2560 5943 imi*
