5825 6950
331 703 412 780 sss
513 705 617 788 xut.
666 713 704 786 e.
729 705 1095 790 coartabuntur
1123 713 1173 788 tu
1199 710 1353 790 uutsr.
1380 659 1531 790 etun
1556 707 1628 785 uo
1650 707 1914 792 nouenos.
1964 710 2071 792 cau.
2099 709 2199 791 vm.
2297 709 2373 786 sae

330 899 528 980 personam
551 879 713 950 conversi
736 893 770 951 et
793 883 998 957 sanctificati
1010 913 1034 955 ε·
1057 888 1158 981 quasi
1186 889 1224 957 in
1247 911 1329 959 san-
1380 885 1570 979 petitiones
1584 902 1752 957 sensuum
1769 899 1829 959 aut
1846 901 1989 959 externa
2002 887 2177 966 membra,
2190 883 2252 956 sed
2266 883 2374 956 ettam

330 981 497 1052 ctibcatis
511 980 633 1050 nullae
648 981 720 1053 sint
736 983 909 1080 reliquiae
931 988 1085 1077 peccati,
1116 1003 1179 1063 aut
1200 1007 1327 1063 namra
1380 989 1556 1081 potentias
1593 987 1832 1080 superiores,
1853 989 2029 1062 rationem
2070 1002 2106 1060 et
2141 988 2374 1064 voluntatem,

332 1083 479 1176 penitus
493 1081 539 1152 sit
552 1097 722 1155 renovata
730 1135 743 1170 ,
770 1100 804 1156 ct
821 1087 913 1157 nulli
931 1090 1003 1162 sint
1021 1091 1141 1161 vitiosi
1164 1106 1292 1165 motus.
1378 1105 1554 1184 quatenus
1584 1113 1659 1160 nou
1690 1106 1776 1165 sunt
1804 1093 1985 1165 renovatis
2017 1089 2110 1167 sicut
2132 1090 2227 1164 inlrs
2248 1109 2374 1160 rursus

438 1183 560 1254 Facile
574 1199 693 1256 autem
710 1187 987 1281 illaimagiuatio
995 1193 1109 1264 refelli
1120 1209 1329 1288 potestcon-
1378 1194 1569 1264 dicendum
1584 1205 1648 1266 est.

335 1308 442 1360 sensu
464 1285 733 1378 scripturarum.
785 1289 993 1366 Namatio
1019 1289 1139 1369 Galat.
1163 1297 1330 1370 similiter
1485 1293 1593 1386 Quod
1611 1295 1748 1395 inquit:
1777 1291 1891 1368 Miser
1904 1317 1987 1386 ego,
2018 1293 2098 1390 quis
2122 1316 2181 1366 me
2202 1290 2373 1366 liberabit

265 1390 267 1395 ’
338 1388 555 1459 describitur
568 1384 635 1460 boc
651 1393 828 1463 certamen
847 1395 885 1464 in
910 1399 1057 1484 sanctis,
1089 1424 1169 1470 cum
1192 1401 1329 1496 inquit:
1377 1420 1558 1491 scorpore
1571 1392 1679 1470 buius
1695 1398 1848 1471 mortis?
1880 1421 1950 1469 vox
1964 1409 2016 1468 est
2031 1419 2107 1468 non
2130 1396 2235 1492 impii
2258 1405 2293 1466 et
2314 1418 2371 1464 sc-
2466 1427 2468 1432 ·

339 1490 494 1583 Spiritus
517 1493 735 1586 concupiscit
756 1497 924 1569 adversus
949 1525 1109 1588 carnem,
1147 1499 1240 1575 Caro
1265 1506 1328 1573 ad·
1377 1501 1474 1586 curi,
1503 1501 1564 1570 sed
1582 1501 1762 1588 conversi,
1787 1501 1851 1596 qui
1864 1513 2023 1571 versatur
2043 1499 2082 1570 in
2103 1523 2146 1572 eo
2167 1495 2372 1580 certamine,

339 1613 460 1663 sersus
492 1593 672 1685 spiritum.
729 1596 778 1669 Et
809 1623 913 1692 saepe
944 1603 983 1672 in
1008 1601 1177 1691 Psalmis,
1210 1603 1328 1677 David
1377 1607 1472 1697 quod
1490 1617 1542 1674 est
1558 1602 1743 1696 proprium
1757 1602 2007 1698 poenitentiae.
2059 1599 2167 1673 Hunc
2182 1599 2291 1692 igitur
2312 1599 2371 1668 lo-

341 1718 531 1768 conrersos
546 1709 581 1767 et
602 1706 743 1770 san'ctos
766 1703 928 1791 deplorat
948 1727 1112 1797 praesens
1135 1719 1328 1798 peccatum,
1367 1731 1457 1777 ⁴cum
1473 1706 1579 1777 nobis
1593 1697 2372 1799 iutcr'exemplspoenitentiaeproponamus,

283 1824 287 1833 ·
344 1813 379 1870 ut
402 1797 440 1866 in
464 1795 557 1867 Pssl.
580 1797 632 1870 De
656 1804 846 1892 profundis
869 1821 934 1879 etc.
976 1805 1068 1883 Psal.
1088 1807 1163 1884 12:
1190 1805 1327 1882 Delicta
1376 1822 1414 1880 et
1439 1809 1617 1879 discamus
1648 1809 1752 1879 talem
1782 1833 1855 1880 esse
1883 1821 2089 1902 perpetuam
2113 1801 2369 1898 poenitentiam

265 1862 303 1989 i
346 1901 418 1994 quis
433 1900 627 1990 intelligit?
651 1901 710 1974 Ab
725 1908 873 1979 occultis
894 1899 983 1979 m'eis
1004 1913 1137 1983 munda
1162 1937 1229 1986 me.
1280 1909 1329 1985 llt
1375 1910 1721 2002 piorum,videlicet
1735 1934 1924 2002 agnoscere
1940 1909 2117 1980 miseriam
2134 1933 2215 1980 cum
2231 1903 2381 1998 ingenti⁸

268 2011 301 2045 r.-
345 2002 468 2074 Psslm.
491 2000 594 2078 lib:
626 2002 709 2077 Non
731 2007 843 2080 intres
866 2008 905 2081 in
927 2012 1102 2084 iudicium
1122 2039 1202 2086 cum
1224 2038 1327 2085 servo
1376 2014 1520 2098 dolore,
1560 2008 1629 2085 hoc
1650 2026 1721 2100 est,
1756 2035 2004 2106 expauescere,
2036 2012 2158 2104 aliquo
2180 2009 2290 2080 modo
2312 2005 2368 2074 vi·

349 2119 417 2189 too,
432 2099 498 2199 qui
516 2129 589 2176 non
608 2106 857 2182 iustificabitur
873 2119 910 2183 in
927 2129 1116 2208 conspectu
1133 2130 1195 2187 tuo
1209 2117 1328 2188 omnis
1376 2117 1499 2187 dentes
1513 2117 1679 2188 morbum
1696 2128 1864 2202 naturae,
1889 2116 1985 2210 quod
2001 2139 2076 2186 non
2094 2125 2179 2184 suut
2202 2111 2367 2182 ardentes

349 2209 473 2278 vivens.
526 2201 575 2278 Et
592 2207 651 2278 Ps.
669 2211 748 2286 bb:
778 2211 851 2284 Pro
867 2211 936 2288 boc
950 2214 1068 2289 orabit
1085 2220 1130 2290 ad
1152 2231 1187 2291 te
1209 2221 1327 2291 omnis
1376 2217 1427 2309 pii
1445 2233 1561 2291 motus
1578 2218 1617 2289 in
1641 2219 1756 2290 nobis.
1810 2217 1960 2299 Timor,
1992 2217 2097 2299 tides,
2132 2213 2276 2287 dilectio
2299 2209 2368 2281 fri·

348 2319 558 2384 sanctusetc.
608 2307 924 2390 Haectestimo'nia
941 2317 1164 2392 Psalmorum
1182 2343 1327 2414 prorsus
1375 2335 1479 2410 gent,
1511 2321 1879 2394 etinterimcarnales
1900 2345 2006 2392 curae
2028 2331 2063 2391 et
2084 2317 2231 2390 affectus
2253 2311 2367 2405 magis

293 2400 299 2429 ¹
346 2411 565 2484 consentiunt
578 2420 662 2483 cum'
675 2411 743 2486 boc
762 2418 840 2491 loro
856 2417 980 2507 Pauli,
1012 2434 1046 2494 et
1066 2423 1162 2494 idem
1187 2426 1326 2510 docent,
1375 2423 1555 2510 eminent,
1587 2438 1623 2496 et
1640 2446 1766 2513 magna
1784 2445 1866 2515 pars
1881 2422 1973 2494 vitae
1991 2422 2123 2493 directa
2148 2433 2200 2490 est
2220 2419 2265 2490 sd
2288 2439 2367 2487 car·
2427 2436 2431 2449 ¹

283 2537 289 2546 ·
344 2515 429 2609 qood
449 2509 511 2584 bic
525 2514 682 2606 disputat
694 2515 852 2603 Paulus,
871 2523 1056 2612 videlicet,
1089 2524 1197 2617 Quod
1220 2551 1325 2598 nemo
1375 2526 1471 2598 nalia
1493 2525 1659 2598 consilia:
1693 2550 1766 2596 non
1790 2538 1865 2597 toto
1888 2526 2020 2618 impetu
2043 2523 2227 2614 quaeritur
2251 2516 2365 2610 gloria

339 2616 402 2707 legi
433 2615 649 2703 satisfaciat,
691 2623 787 2714 quod
826 2642 993 2700 maneant
1015 2627 1052 2698 in
1082 2629 1212 2701 sanctis
1241 2631 1326 2700 reli·
1373 2627 1455 2704 Dei.
1504 2626 1601 2700 Haec
1627 2629 1712 2699 vitia
1728 2629 1848 2699 videre
1864 2629 1996 2700 debent
2015 2625 2084 2718 pii,
2118 2635 2259 2716 agentes
2279 2643 2366 2714 poe-

337 2721 437 2812 quiae
455 2721 608 2811 peccati,
634 2719 741 2812 Quod
760 2727 871 2798 sancti
887 2729 958 2800 siut
973 2729 1075 2820 iusti,
1101 2732 1136 2802 id
1163 2745 1232 2817 est,
1265 2757 1325 2803 ac·
1375 2731 1583 2817 nitentiam,
1616 2745 1656 2802 ut
1671 2731 1904 2802 exclamemus
1927 2753 2007 2800 cum
2026 2727 2154 2800 Paulo:
2184 2723 2276 2816 Quis
2298 2745 2366 2794 uos

335 2820 422 2914 cepti
453 2843 520 2913 per
540 2823 848 2914 misericordiam,
880 2831 1063 2906 credentes
1091 2833 1159 2905 sibi
1189 2835 1324 2906 remitti
1372 2835 1735 2927 liberabitacorpore
1750 2833 1877 2905 mortis
1893 2828 2029 2904 huius?

289 3002 294 3019 Ι
333 2937 473 3025 peecata
499 2937 644 3014 propter
665 2921 864 3004 Christum.
915 2931 1016 3006 Sicut
1040 2937 1151 3030 igitur
1172 2937 1209 3006 in
1224 2937 1323 3007 Psat·
1704 2998 1713 3018 .
1779 2999 1786 3016 .
1906 2996 1915 3016 .

331 3028 417 3112 mis,
445 3026 607 3117 exemplo
624 3026 789 3116 Davidis,
817 3034 1067 3110 describuntur
1088 3063 1213 3110 omnes
1235 3063 1320 3110 con·
1632 2995 1735 3098 Qum
1753 2995 1928 3072 hb'mbn
1943 3021 2015 3088 ’Μ’
2041 3007 2104 3076 ²¹⁰⁶

331 3129 421 3201 versi
449 3142 485 3200 et
507 3129 618 3200 sancti
641 3129 680 3200 in
700 3127 878 3211 Ecclesia:
914 3140 962 3210 ita
987 3154 1022 3212 et
1044 3137 1104 3211 bic
1124 3140 1257 3212 Paulus
1278 3146 1323 3213 de
1475 3134 1537 3208 Est
1553 3148 1587 3208 et
1599 3139 1713 3207 forma
1728 3135 1903 3208 sermonis
1915 3133 2157 3214 observanda,
2173 3126 2270 3225 quod
2286 3150 2361 3198 non

274 3214 285 3265 '¹
331 3253 559 3304 seconcerso
574 3243 608 3301 et
622 3235 835 3309 sanctificato
852 3239 1029 3334 loquitur,
1062 3255 1096 3314 et
1117 3265 1182 3314 suo
1205 3269 1322 3316 erem·
1370 3238 1510 3334 inquit:
1545 3237 1636 3336 Quis
1660 3236 1829 3310 liberabit
1850 3261 1907 3310 mc
1927 3239 1974 3310 ab
1996 3233 2064 3310 bac
2086 3245 2220 3318 morte,
2256 3230 2364 3302 seda

331 3337 388 3427 plo
403 3333 578 3405 describit
591 3359 715 3406 omncs
730 3355 869 3412 sanctos
884 3342 921 3414 in
936 3337 1106 3417 Ecclesia.
1371 3363 1531 3434 corpore.
1593 3340 1676 3414 Non
1702 3343 1798 3412 enim
1822 3342 1866 3412 de
1889 3363 2005 3434 poena
2027 3351 2166 3410 tantum
2188 3331 2364 3428 loquitur,

433 3433 549 3531 ldquc
578 3428 772 3513 ostendunt
801 3443 876 3536 ipsa
904 3447 1031 3534 verba,
1071 3468 1151 3519 cum
1186 3447 1323 3543 inquit:
1371 3446 1432 3516 sed
1455 3447 1499 3515 de
1520 3457 1678 3536 peccato.
1735 3440 1784 3517 Et
1804 3456 1954 3517 testatur
1976 3463 2103 3536 corpus
2123 3436 2261 3531 ipsum,
2293 3429 2364 3505 boc

273 3543 277 3556 '
332 3540 500 3611 Delector
513 3538 588 3628 lege
599 3538 685 3617 Dei.
738 3540 993 3619 ltemaMcnte
1007 3551 1124 3621 servio
1147 3552 1214 3643 legi
1239 3551 1319 3623 Dei.
1372 3562 1443 3633 est,
1469 3542 1561 3619 hanc
1576 3563 1738 3624 naturam
1755 3545 1932 3619 carnalem
1957 3544 2158 3616 immersam
2183 3561 2257 3609 esse
2280 3559 2363 3629 pec-

334 3642 441 3715 ltem:
469 3638 572 3711 Velle
593 3644 692 3716 adest
712 3642 816 3723 mibi.
866 3647 957 3721 Nam
980 3651 1018 3721 in
1043 3653 1161 3745 impiis
1184 3655 1321 3726 etiamsi
1372 3665 1449 3723 cato
1466 3665 1501 3722 et
1516 3652 1634 3722 morti.
1685 3638 2361 3735 CorinenimnominatCorpusmortis.

335 3760 383 3817 est
398 3741 534 3816 noticia
549 3743 667 3839 aliqua
683 3746 788 3838 legis,
814 3763 933 3823 tamen
948 3778 1023 3826 non
1040 3770 1091 3827 est
1110 3756 1200 3827 illud
1216 3758 1321 3845 velle,
1370 3753 1540 3844 intelligit
1556 3767 1721 3825 naturam
1736 3752 1941 3824 immersam
1966 3765 2127 3841 peccato,
2160 3759 2194 3817 ct
2217 3752 2362 3835 propiet

335 3863 393 3920 aut
409 3846 578 3917 delectari
597 3847 673 3940 lege
689 3847 777 3937 Dei,
803 3855 847 3922 de
863 3878 934 3948 quo
952 3852 1011 3927 bic
1029 3858 1201 3951 loquitor.
1237 3858 1320 3930 Non
1370 3869 1552 3948 peccatum
1583 3856 1776 3927 subiectam
1807 3854 1932 3940 morti,
1965 3846 2035 3923 hoc
2065 3861 2135 3937 est,
2168 3846 2363 3917 subiectam

338 3952 430 4019 mim
458 3947 589 4037 frigide
617 3951 847 4040 intettigenda
875 3972 960 4031 eunt
983 3955 1069 4031 haec
1092 3960 1216 4031 verba:
1248 3956 1321 4033 De.
1370 3957 1543 4045 iraeDci,
1572 3956 1713 4052 poenis,
1737 3956 1954 4041 terroribus,
1981 3955 2089 4026 morti
2112 3963 2276 4023 aeternae
2296 3958 2361 4016 ctc.

339 4054 443 4125 lector
456 4050 534 4140 lege
552 4050 643 4137 Dei,
667 4052 768 4127 Velle
784 4061 884 4129 adest
899 4054 987 4130 mihi
1005 4076 1069 4137 etc.
1119 4062 1191 4134 Sed
1214 4078 1320 4136 testa·
1369 4055 1473 4132 Sicut
1493 4058 1634 4132 Psalmo
1654 4060 1718 4131 28.
1750 4058 1901 4131 dicitur:
1953 4052 2105 4152 Propter
2133 4048 2361 4147 iniquitstem

340 4152 533 4225 turPsulus
546 4176 583 4223 se
599 4148 730 4227 habere
747 4158 922 4232 incoctam
939 4164 1196 4252 obedientiam,
1211 4190 1319 4257 agno-
1369 4164 1571 4257 corripuisti
1591 4160 1786 4241 hominem.

340 4278 429 4327 scere
444 4254 580 4343 Deum,
607 4258 893 4348 confidereDeo,
919 4290 992 4337 non
1012 4267 1168 4363 relinqui
1191 4268 1229 4337 in
1252 4272 1319 4339 du-

341 4360 526 4443 bitatione,
551 4360 612 4429 scd
630 4360 717 4451 erigi
734 4362 816 4434 bde.
869 4364 978 4455 ltem,
1004 4370 1157 4441 libenter
1173 4370 1320 4443 obedire
1717 4399 1783 4491 ca·
1810 4408 1857 4489 ut
1889 4396 2016 4484 vffl.

340 4457 463 4533 Deoin
477 4460 743 4535 afflictionibus.
792 4462 1320 4561 Hacc'siguificatverbuch·
1391 4515 1396 4526 ,
1782 4426 1809 4511 p

341 4563 444 4636 lector
457 4564 533 4655 lege
550 4562 637 4648 Dei,
662 4591 752 4661 quae
767 4582 861 4641 certe
873 4595 947 4641 non
964 4589 1048 4647 sunt
1065 4574 1102 4643 in
1120 4574 1250 4669 impiis.
1471 4564 1653 4639 Hactenus
1670 4567 1762 4640 dixit
1778 4569 1822 4638 dc
1839 4576 1980 4661 peccato
1996 4576 2030 4635 et
2051 4561 2097 4631 dc
2115 4559 2203 4649 lege.
2254 4550 2361 4672 Nune

434 4662 578 4738 Rursus
604 4668 710 4739 etiam
742 4664 802 4741 hie
831 4672 1031 4746 monendus
1062 4690 1113 4748 est
1144 4676 1255 4749 tector
1277 4678 1321 4749 de
1371 4670 1463 4743 redit
1479 4668 1956 4761 addescriptionemgratiae.
1979 4661 2359 4776 Potestenimquacn:

342 4768 541 4841 discrimine
571 4768 750 4843 interioris
784 4787 818 4845 ct
848 4771 1033 4849 exterioris
1062 4773 1242 4868 bominis,
1277 4781 1322 4851 de
1372 4773 1412 4848 Si
1427 4770 1544 4843 adbuc
1562 4787 1612 4844 est
1628 4782 1810 4865 peccatum
1828 4771 1867 4839 in
1890 4767 2045 4851 rentii&
2086 4762 2267 4861 qu⁰¹⁰⁰d⁰
2290 4757 2359 4849 58¹·

342 4886 452 4941 mente
470 4884 506 4943 et
522 4873 567 4941 de
587 4894 703 4948 earne,
756 4872 908 4947 interior
931 4874 1040 4952 homo
1060 4881 1233 4973 significat
1255 4876 1321 4953 ho·
1372 4889 1527 4949 tursunt
1543 4874 1653 4946 iusti?
1677 4874 1857 4968 quomodo
1873 4872 1962 4943 bunt
1978 4866 2093 4941 salvi?
2121 4862 2191 4935 Hic
2210 4882 2360 4953 respon·

340 4975 488 5056 minem,
530 4988 707 5069 qustenus
731 4990 923 5051 renovatus
952 4996 1003 5055 est
1026 4982 1165 5075 Spiritu
1189 4998 1323 5072 sancto,
1372 4982 1432 5051 det
1447 4994 1482 5051 et
1498 4978 1651 5048 declarat
1668 4975 1940 5069 amplitudinem
1955 4970 2098 5063 gratiae.
2147 4964 2292 5085 Dictum
2308 4974 2361 5033 est

341 5070 404 5145 boc
415 5087 488 5167 est,
515 5090 691 5171 quatenus
709 5074 816 5151 babet
834 5105 957 5153 verum
972 5086 1136 5157 timorem
1151 5098 1184 5156 et
1200 5110 1321 5158 veram
1372 5096 1489 5153 autem
1506 5104 1634 5171 supra,
1658 5082 1754 5173 quod
1771 5077 1882 5167 gratia
1897 5074 2069 5166 significet
2083 5080 2361 5161 acceptationem

339 5178 511 5253 fiduciam.
565 5177 615 5249 lta
631 5194 667 5253 et
689 5204 790 5252 mens
812 5206 887 5253 non
907 5188 1079 5278 significat
1101 5183 1160 5259 bic
1184 5199 1321 5260 tantum
1371 5182 1582 5276 gratuitam,
1604 5205 1709 5277 quem
1726 5176 1786 5252 bii
1801 5178 1970 5251 dffltllbil
1990 5173 2163 5267 minin·

342 5298 469 5371 partem
506 5297 797 5370 cognoscentem,
848 5290 909 5358 sed
926 5292 1134 5385 'utramque
1170 5304 1320 5384 partem,

339 5395 602 5471 cognoscentem
618 5398 654 5456 et
675 5400 918 5477 appetentem,
952 5408 1127 5486 quatenus
1151 5407 1320 5465 renovata

339 5500 387 5555 est
399 5485 537 5575 Spiritu
552 5502 693 5575 sancto,
709 5490 800 5561 sic'ttt
815 5490 950 5588 inquit:
976 5492 1057 5586 Ego'
1068 5508 1186 5567 sutem
1203 5510 1320 5568 mente

1369 5350 1497 5431 Nullo
1510 5374 1608 5427 nunc
1620 5345 1877 5423 condemnatio
1894 5356 1946 5421 cst
1963 5338 2043 5428 lis,
2070 5334 2190 5447 quiin
2205 5330 2361 5413 Christo
2419 5320 2425 5331 ’

1712 5450 1801 5527 Iesu
1820 5444 2030 5523 ambulant.

339 5590 452 5657 servio
465 5588 533 5677 legi
549 5588 630 5659 Dei.
1470 5588 1513 5663 ld
1546 5604 1615 5675 est,
1654 5590 1834 5664 iustificati
1864 5589 1934 5660 fide
1953 5586 2094 5678 placent
2117 5578 2192 5651 Deo
2212 5586 2360 5669 propter

434 5687 591 5761 Econtra
615 5691 768 5763 exterior
794 5688 925 5775 bomo,
958 5716 1020 5767 seu
1040 5694 1152 5785 Caro,
1184 5694 1320 5791 signifi.
1368 5691 1571 5781 Christum,
1595 5694 1731 5767 etiamsi
1749 5687 1866 5765 adhuc
1888 5692 1927 5760 in
1950 5688 2001 5758 eis
2021 5681 2142 5756 haeret
2164 5691 2358 5773 peccatum,

340 5804 544 5862 cauttotum
563 5787 766 5881 hominem,
799 5808 974 5890 quatenns
997 5813 1145 5871 nonest
1168 5824 1317 5873 renora—
1368 5798 1533 5870 videlicet
1555 5794 1839 5890 concupiscentis
1861 5804 1899 5865 et
1918 5788 2039 5862 vitiosi
2063 5786 2219 5857 affectus.
2275 5778 2359 5853 Non

341 5904 392 5963 tus
403 5890 542 5988 Spiritu
557 5907 696 5968 sancto:
725 5911 763 5974 et
783 5898 983 5993 significant
995 5922 1071 5975 non
1092 5912 1232 5978 tantum
1253 5928 1318 6001 sp
1366 5902 1483 5985 enim,
1509 5898 1646 5999 inquit,
1670 5900 1814 5973 nudam
1829 5916 1904 5969 esse
1915 5901 2100 5991 pcecstum
2114 5885 2154 5955 in
2175 5882 2266 5978 955⁸·
2297 5876 2361 5954 *ὦ
