5825 6950
2619 408 2623 448 l

587 636 669 711 ,23
1181 558 1304 685 erato.
1334 608 1452 685 aruo.
1478 612 1690 689 scotera
1717 612 2035 698 exesurus.
2550 533 2624 752 sal

596 808 684 879 lium
709 799 747 871 in
772 794 920 891 speciem
944 791 1060 875 triste,
1098 786 1226 857 deinde
1247 787 1398 857 salutare
1421 788 1498 857 sore
1521 812 1585 881 po-
1637 787 1803 873 adiovat‚
1828 802 1868 859 ut
1886 789 1969 859 baut
1987 788 2099 859 msrlta
2117 787 2182 879 ipsi
2194 800 2315 881 grata,
2348 802 2382 859 et
2404 790 2513 859 nobis
2538 792 2595 859 sab

597 909 696 1005 pulo,
1637 893 1746 975 tatia,
1768 890 1953 971 videlicet,
1980 915 2060 959 cum
2078 908 2170 960 recte
2187 895 2354 972 docetur,
2381 916 2460 961 cum
2488 891 2527 961 bt
2552 816 2626 992 reid

699 1006 750 1079 De
773 996 903 1069 atsxilio
934 989 991 1065 hic
1017 992 1102 1062 dicit
1124 985 1305 1061 Christos:
1348 984 1502 1081 Oportet
1528 1014 1587 1057 me
1610 953 1615 1104 l
1638 993 1816 1064 invocatio
1837 992 1926 1078 Dei,
1952 1017 2031 1061 cum
2051 994 2193 1083 politiae
2205 1005 2296 1063 recte'
2323 1008 2447 1083 regunt
2470 994 2625 1083 discipli-¹

596 1112 709 1179 lairere
733 1127 836 1195 opera
860 1101 953 1181 eius,
986 1096 1047 1190 qui
1080 1095 1174 1164 misit
1202 1118 1275 1179 me,
1311 1092 1441 1188 quibus
1471 1092 1614 1175 verbis!
1638 1120 1744 1175 uam,
1781 1120 1864 1163 cum
1884 1118 2002 1163 mores
2027 1110 2110 1165 suru
2135 1096 2184 1185 pii
2212 1108 2248 1164 et
2279 1096 2383 1177 casti,
2417 1109 2484 1167 etc.
2538 1094 2608 1164 Con

597 1228 778 1303 utrunque
794 1202 984 1293 significat,
1014 1221 1050 1266 se
1073 1197 1236 1265 mandata
1262 1220 1369 1289 opera
1392 1218 1410 1261 a
1431 1194 1506 1264 Deo
1525 1220 1587 1285 pa·
1638 1199 1755 1268 lirmat
1773 1221 1841 1265 nos
1857 1198 1901 1266 de
1924 1196 2110 1267 eventibus
2133 1214 2167 1269 et
2188 1197 2251 1266 illa
2279 1220 2365 1265 vox:
2395 1121 2626 1285 Evangeliod

584 1330 668 1399 tre,
701 1310 833 1387 lacere,
865 1316 900 1373 et
926 1301 999 1370 lieri
1023 1325 1061 1368 ea
1090 1298 1165 1389 ipso
1189 1297 1351 1389 iuvante,
1385 1297 1437 1365 sic
1463 1309 1495 1363 et
1522 1320 1588 1363 nos
1638 1314 1690 1369 est
1707 1299 1864 1389 potentia
1881 1295 1950 1367 Dei
1967 1300 2011 1367 ad
2028 1300 2174 1369 salutem
2192 1298 2293 1369 omni
2309 1300 2478 1371 credenti.
2532 1294 2576 1367 Et
2595 1301 2626 1399 iq

598 1438 700 1505 saepe
724 1408 941 1481 consolator:
975 1398 1053 1471 Non
1076 1402 1278 1493 relinquam
1305 1423 1367 1468 vos
1394 1394 1588 1489 orphanos.
1638 1426 1767 1493 genere
1791 1403 1835 1470 de
1866 1415 2035 1491 utroque,
2089 1402 2219 1471 scilicet
2247 1400 2290 1467 de
2320 1400 2452 1471 auxilio
2478 1413 2513 1470 et
2537 1402 2627 1469 esitut

598 1516 707 1587 liam:
742 1508 817 1599 Ego
834 1508 963 1595 rogabo
987 1519 1141 1597 pastrem,
1177 1517 1209 1571 et
1235 1504 1345 1571 alium
1370 1502 1587 1600 paracletum
1639 1504 1793 1584 dicitnr,
1830 1506 1862 1573 1.
1888 1498 2152 1577 Corinth.15.s
2203 1500 2324 1573 Labor
2348 1518 2465 1572 vester
2486 1528 2561 1571 non
2584 1516 2627 1573 est

596 1618 696 1687 italiis
728 1614 847 1689 vobis,
887 1624 927 1679 ut
957 1620 1097 1677 maneat
1120 1604 1302 1672 vobiscum
1328 1604 1364 1672 in
1392 1616 1589 1686 aeternnm,
1640 1603 1811 1675 inrutisin
1826 1604 1986 1675 domino.
2351 1611 2354 1616 ’

596 1722 760 1811 spiritum
777 1712 944 1784 veritatis.
997 1708 1084 1777 ltem
1101 1700 1325 1779 M.orb.10.:
1354 1704 1508 1775 Dabitur
1525 1729 1588 1772 vo-

1694 1767 1811 1849 Venit
1832 1794 1929 1851 nor,
1962 1794 2043 1840 cum
2066 1790 2170 1838 nemo
2187 1770 2342 1867 operari
2358 1779 2497 1867 potest,
2525 1766 2623 1841 donec

598 1824 709 1891 bisin
730 1814 817 1891 hora
838 1816 917 1897 illa,
943 1812 1032 1905 qnid
1056 1808 1270 1903 loquamini:
1307 1806 1390 1877 Non
1411 1810 1506 1876 enim
1528 1829 1591 1876 vos
1751 1873 1760 1890 ‚
2400 1874 2407 1891 ο

1743 1898 1784 1942 m
1801 1866 2057 1958 mendosum,
2084 1868 2156 1941 lrex
2169 1894 2252 1941 snm
2272 1868 2418 1949 munds.

595 1926 699 2010 estis,
727 1920 788 2015 qui
803 1914 1015 2013 loquimini,
1043 1912 1102 1982 sed
1121 1912 1267 2003 spiritus
1291 1910 1400 2001 patris
1426 1923 1499 1994 est,
1528 1907 1590 2000 qni

595 2028 756 2121 loquitor
773 2023 810 2089 in
828 2019 940 2087 vobis.
993 2012 1158 2107 Denique
1182 2013 1309 2104 passim
1327 2025 1520 2079 occurrunt
1540 2025 1590 2079 te·
1717 2008 1899 2079 Posterior
1926 2007 2100 2081 sententia
2131 2008 2285 2079 declarat
2308 2011 2484 2100 priorem,
2523 2012 2623 2081 donae

594 2128 764 2201 stimonia
786 2126 831 2191 de
854 2118 986 2191 auxilio
1012 2117 1098 2201 Dei,
1138 2140 1228 2209 quae
1259 2114 1462 2182 meminisse
1485 2114 1593 2181 debe·
1643 2116 1680 2185 in
1697 2114 1949 2195 mundosum,
1980 2109 2043 2180 lux
2065 2133 2143 2179 sum
2169 2112 2312 2195 mundi,
2337 2108 2624 2183 donecChristus

596 2256 696 2313 mus,
731 2242 763 2297 et
782 2238 900 2319 petere
924 2236 963 2292 ut
986 2222 1023 2288 in
1049 2218 1157 2289 tantis
1184 2216 1348 2307 periculis
1371 2238 1537 2305 regamur
1560 2228 1595 2284 et
1644 2216 1823 2310 praedicat
1843 2214 1936 2304 ipse,
1967 2230 2002 2285 et
2019 2216 2132 2281 donec
2148 2236 2216 2281 vox
2238 2213 2313 2284 eius
2334 2228 2438 2283 sonat
2459 2214 2496 2281 in
2523 2216 2624 2283 mini·

596 2335 828 2405 adiuvemur,
854 2326 942 2395 sicot
962 2322 1115 2391 subinde
1131 2320 1285 2389 clamant
1306 2314 1523 2408 Prophetae,
1559 2330 1594 2386 et
1644 2317 1771 2396 sterio,
1801 2317 1864 2385 lus
1888 2330 1959 2399 est,
1993 2316 2126 2399 idest,
2159 2310 2322 2385 homines
2346 2316 2525 2386 donantur
2544 2318 2626 2393 luce.

598 2426 1030 2523 2·P³r³llp·20·dltl¹t¹r=
1055 2420 1594 2514 Cotnignoramusquidagen·
1645 2420 1827 2509 agnitione
1844 2441 1925 2485 vera
1942 2418 2028 2500 Dei,
2062 2416 2155 2484 veris
2179 2417 2352 2498 cultibus,
2386 2420 2457 2487 vita
2480 2435 2624 2490 aeterna.

600 2542 688 2607 drrm
713 2537 779 2619 sit,
814 2530 937 2599 oculos
967 2540 1106 2595 nostros
1134 2525 1177 2591 ad
1201 2538 1234 2592 te
1257 2522 1456 2611 dirigimus.
1517 2518 1596 2588 lloc
1646 2520 1744 2591 Haec
1759 2544 1833 2587 non
1858 2520 1961 2588 aliter
1983 2518 2051 2589 uisi
2073 2542 2158 2587 voce
2183 2514 2369 2608 Evangelii
2390 2522 2542 2589 sonantis
2564 2544 2625 2609 per

598 2639 770 2707 stasilium
802 2656 876 2701 non
912 2640 1040 2697 norant
1068 2620 1345 2707 Demosthenes,
1384 2620 1527 2704 Cicero,
1562 2633 1596 2691 et
1645 2618 1848 2706 Christum,
1884 2634 1947 2691 aut
1975 2619 2158 2689 ministros
2189 2622 2408 2710 contingunt.
2462 2620 2528 2691 Sed
2558 2621 2622 2689 nbi

603 2742 738 2807 similes
766 2738 1031 2826 gubernatores.
1099 2724 1184 2795 ldco
1213 2728 1429 2815 franguntur
1457 2723 1598 2807 animis,
1646 2722 1810 2795 Christus
1837 2724 1955 2804 abest,
1996 2722 2129 2806 idest,
2163 2745 2242 2808 cum
2262 2718 2486 2812 Evangelium
2508 2724 2625 2791 extin-

603 2858 636 2909 et
648 2845 793 2911 tandem
809 2827 1183 2917 indicantl'ogiendam
1200 2852 1273 2898 esse
1288 2850 1404 2896 rerum
1420 2828 1598 2914 guberna·
1647 2827 1785 2919 guitur,
1817 2838 1954 2895 tacente
1975 2819 2139 2907 Christo,
2174 2839 2207 2895 et
2232 2824 2427 2896 tacentibus
2445 2824 2625 2910 ministris,

603 2945 759 3023 tionem,
782 2938 840 3008 sed
867 2958 932 3004 nos
949 2934 987 3001 iu
1006 2928 1160 3001 Ecclesia
1178 2930 1350 3013 sciamus,
1376 2952 1449 2996 non
1467 2928 1597 2996 frustra
1648 2951 1704 2999 eas
1721 2928 1883 2996 tenebras
1897 2920 1955 2995 hic
1972 2940 2074 2995 vocat
2090 2939 2249 3013 noctem,
2274 2941 2360 2998 tunc
2375 2952 2477 2997 nemo
2492 2929 2625 3019 operari

603 3046 709 3117 nobis
727 3040 789 3113 has
804 3052 921 3113 tantas
936 3034 1187 3125 promissiones
1201 3032 1347 3100 traditas
1362 3052 1448 3101 esse.
1483 3027 1599 3098 Dein·
1648 3044 1780 3122 potest,
1807 3028 1992 3111 videlieet,
2017 3050 2123 3117 opera
2141 3028 2219 3097 Deo
2242 3028 2435 3120 placentia,
2466 3044 2497 3099 et
2519 3044 2626 3097 aeter-

604 3150 649 3217 ele
664 3152 709 3215 de
733 3144 828 3215 csitu
851 3164 913 3209 seu
936 3152 1065 3207 eventu
1088 3133 1297 3223 colligamus
1319 3132 1528 3215 sententias,
1556 3141 1596 3198 ut
1649 3156 1731 3201 nam
1755 3128 1864 3199 vitam
1895 3130 2084 3197 incoantia.
2142 3128 2188 3201 Ut
2206 3146 2345 3217 ‘magna
2373 3131 2441 3201 luit
2463 3131 2623 3221 sapientia

603 3250 755 3320 sciamus
770 3246 909 3314 labores
923 3252 1063 3309 nostros
1081 3260 1153 3305 rson
1172 3238 1293 3304 inanes
1308 3234 1395 3304 lore.
1430 3232 1597 3302 Psatt:
1650 3234 1789 3305 Atticae
1819 3231 1971 3301 civitatis
2001 3244 2158 3323 tempore
2185 3230 2351 3317 Solonis,
2398 3247 2458 3303 aut
2479 3232 2627 3315 Periclis,

604 3350 650 3422 Et
669 3352 736 3421 erit
752 3363 919 3442 tanquam
937 3343 1045 3411 arbor
1069 3338 1222 3429 plantata
1239 3339 1283 3404 ad
1302 3336 1398 3405 rivos
1413 3353 1599 3428 aquarum,
1649 3334 1774 3421 magna
1807 3334 1877 3403 luit
1901 3330 2088 3405 Romanae
2117 3333 2289 3419 civitatis,
2336 3349 2495 3426 tempore
2524 3334 2628 3417 fabii,

607 3478 698 3548 qnae
727 3454 883 3520 fructum
914 3466 1016 3514 suum
1051 3440 1151 3510 dabit
1180 3440 1218 3508 in
1247 3452 1403 3531 tempore
1441 3460 1525 3520 suo,
1565 3451 1601 3505 et
1649 3436 1849 3527 Scipionis,
1883 3433 2015 3519 Laelii,
2044 3447 2078 3505 et
2099 3434 2270 3505 similium
2298 3460 2521 3508 summorum
2544 3437 2628 3506 viro.

607 3549 738 3626 ΝΜ·
758 3551 833 3628 ¹³⁶
860 3547 932 3636 Q¹¹l
956 3567 1039 3614 ΜΟ
1065 3541 1101 3610 ln
1128 3551 1257 3618 ΨΜ
1282 3541 1411 3608 b⁰¹¹³m
1436 3539 1601 3620 ⁸⁶¹⁰le
1650 3563 1741 3609 rum.
1793 3537 1862 3608 Sed
1881 3537 1967 3626 qnid
1984 3550 2034 3606 est
2051 3538 2216 3608 universa
2232 3540 2423 3631 sapientia,
2447 3540 2628 3630 sineagni·

607 3659 763 3728 fructum
782 3651 905 3733 affert,
931 3661 965 3717 et
989 3643 1073 3714 lacit
1098 3643 1194 3712 aliud
1218 3641 1425 3732 centuplum
1449 3655 1531 3724 eto,
1567 3653 1602 3708 et
1651 3642 1749 3710 tione
1769 3661 1851 3706 vera
1867 3635 1954 3727 Dei,
1988 3639 2262 3710 deliberationes
2283 3643 2428 3713 sontde
2450 3643 2629 3713 rehum.

609 3765 648 3834 2.
664 3750 828 3828 Corinth.
847 3753 881 3822 8.
907 3751 951 3816 de
968 3746 1183 3816 ministerio:
1222 3741 1404 3812 Fiduciam
1430 3736 1602 3810 habemus
1650 3741 1762 3812 ducis.
1798 3737 1846 3810 Et
1862 3753 1980 3810 errant
1997 3741 2108 3809 animi
2123 3742 2389 3834 multipliciter,
2413 3768 2494 3814 cum
2515 3767 2628 3814 verum

609 3863 717 3930 talem
736 3881 797 3948 per
813 3849 1016 3930 Christum,
1045 3871 1117 3916 non
1140 3847 1234 3940 quod
1258 3843 1469 3912 sufficientes
1492 3843 1603 3910 simos
1650 3858 1881 3915 etaeteruum
1904 3841 2010 3910 finem
2036 3867 2109 3911 non
2136 3844 2376 3935 prospiciunt,
2406 3869 2481 3914 non
2503 3861 2632 3918 norunt

610 3989 650 4036 es
666 3960 770 4031 nobis
791 3953 926 4049 aliquid
944 3949 1116 4041 cogitare,
1141 3959 1311 4040 tanquam
1329 3969 1367 4014 ex
1385 3943 1602 4036 nobisipsis,
1652 3945 1787 4028 Deum,
1815 3963 1889 4011 non
1906 3957 2030 4034 petunt
2053 3946 2099 4013 ab
2120 3970 2162 4014 eo
2184 3947 2373 4018 consilium
2397 3961 2431 4017 et
2454 3950 2632 4024 arrxilium,

611 4066 670 4136 sed
690 4057 898 4132 sullicientia
917 4065 1036 4124 nostra
1047 4077 1086 4120 ex
1099 4047 1173 4120 Deo
1190 4063 1252 4132 est,
1278 4061 1311 4117 et
1323 4047 1452 4116 deinde
1467 4058 1602 4139 quanto
1651 4071 1725 4116 oon
1741 4045 1864 4114 vident
1880 4067 2019 4132 causas,
2042 4070 2106 4116 cur
2118 4045 2266 4145 imperia
2291 4049 2543 4121 constituenda
2561 4053 2632 4125 sint.

610 4165 723 4254 magis
741 4158 808 4234 hor
824 4154 1060 4228 ministerium
1078 4153 1146 4222 erit
1161 4152 1198 4220 in
1216 4150 1346 4240 gloria,
1373 4147 1408 4217 id
1427 4164 1497 4232 cst,
1524 4147 1602 4216 etti·
1652 4173 1724 4218 non
1745 4160 1881 4217 norunt
1898 4147 1994 4216 illam
2010 4148 2204 4232 iusticiam,
2229 4174 2319 4243 quae
2336 4151 2437 4221 aliert
2454 4152 2567 4222 vitam
2584 4177 2632 4220 ae-

612 4292 694 4346 ras,
730 4259 902 4336 habentes
917 4258 1023 4331 talem
1049 4279 1145 4349 spem
1165 4275 1289 4342 magna
1314 4250 1441 4321 fiducia
1455 4251 1602 4329 utimur,
1655 4265 1813 4328 ternam,
1848 4261 1883 4318 ct
1904 4247 1986 4343 quia
2010 4265 2093 4320 sunt
2116 4252 2261 4321 subiecti
2286 4252 2470 4348 tyrannidi
2493 4256 2634 4333 diaboli,

611 4385 646 4442 et
662 4369 705 4440 ad
723 4361 817 4438 Phil.
832 4365 887 4437 2:
915 4358 1013 4430 Deus
1034 4356 1161 4450 estqui
1178 4353 1397 4446 operatorio
1419 4353 1539 4438 vobis,
1564 4362 1604 4421 ιιι
1652 4351 1888 4444 impelluntur
1904 4346 2145 4436 horribiliter,
2171 4367 2210 4422 ut
2228 4355 2373 4425 turbent
2387 4352 2553 4446 Respnb.
2568 4381 2634 4429 ma.

611 4471 728 4542 velitis
749 4463 999 4560 etperliciatis,
1026 4475 1065 4532 ut
1087 4458 1206 4552 aliqua
1226 4457 1312 4526 fiant
1328 4454 1393 4546 ipsi
1411 4469 1529 4545 grata,
1565 4453 1603 4521 id
1652 4456 1696 4524 lis
1721 4452 1897 4538 consiliis,
1937 4466 1972 4525 et
1996 4455 2034 4522 io
2062 4456 2197 4544 privata
2230 4457 2302 4525 vita
2333 4457 2578 4531 contaminent
2606 4483 2634 4528 se

610 4589 682 4657 est,
708 4567 965 4653 Deusadiuvat
987 4585 1072 4648 nos,
1106 4572 1146 4630 ut
1170 4558 1226 4651 pia
1250 4573 1284 4628 et
1305 4557 1472 4627 salutaria
1495 4553 1605 4625 laria·
1654 4556 1776 4626 multis
1791 4555 1927 4646 magnis
1951 4555 2160 4638 sceleribus,
2193 4574 2231 4628 ut
2246 4553 2528 4644 Themistocles,
2558 4561 2635 4632 Ab·

613 4697 703 4744 mus.
763 4669 902 4741 Deinde
926 4665 1031 4736 etiam
1059 4662 1204 4732 adiuvat
1229 4681 1294 4730 nos
1320 4659 1538 4748 iungendo,
1564 4657 1603 4726 in
1651 4661 1804 4744 rander,
1831 4657 1937 4728 etalii
1954 4657 2251 4744 innumerabiles,
2278 4683 2482 4754 quanquam
2499 4666 2635 4754 sapien·

616 4771 832 4856 ministerio,
866 4771 903 4837 in
921 4763 1198 4857 gubernatione,
1232 4763 1269 4830 in
1294 4761 1461 4831 omnibus
1482 4783 1603 4829 neces·
1653 4762 1699 4830 tia
1726 4775 1759 4832 et
1783 4759 1912 4830 virtute
1933 4759 2194 4846 excelluerunt,
2231 4774 2349 4831 tamen
2374 4776 2451 4855 post
2475 4763 2635 4838 victoria,

616 4872 718 4945 sariis
733 4869 948 4953 actionibus,
980 4867 1134 4961 denique
1159 4879 1193 4935 et
1215 4877 1361 4933 eventus
1381 4863 1554 4952 gubernet
1569 4874 1604 4932 et
1652 4863 1755 4932 valde
1776 4885 1796 4931 a
1821 4861 1945 4952 seipsis
1968 4863 2245 4949 degenerarunt,
2277 4875 2314 4934 et
2337 4862 2474 4952 magnis
2500 4867 2635 4937 sceleri.

617 4997 779 5052 causam,
803 4983 843 5039 ιιι
861 4971 943 5039 bam
963 4971 1134 5064 quaedam
1154 4966 1218 5057 ipsi
1236 4979 1350 5054 grata,
1377 4963 1479 5057 quasi
1494 4965 1603 5032 dicat:
1652 4967 1720 5035 bns
1734 4966 1842 5033 decus
1857 4976 1959 5031 autea
1982 4977 2121 5054 partum
2144 4963 2445 5040 deformaverunt.
2496 4965 2551 5040 Ut
2566 4993 2635 5058 ergo

487 5101 493 5108 ·
614 5071 789 5148 Diabolus
804 5071 887 5138 odio
903 5069 968 5139 llai
986 5072 1127 5158 instigat
1143 5091 1204 5138 sua
1221 5089 1364 5156 organa,
1391 5079 1429 5136 ut
1449 5065 1602 5156 plurima
1652 5091 1721 5136 nos
1739 5079 1813 5135 erat
1828 5066 1921 5156 apud
1937 5078 2057 5154 gentes
2076 5064 2215 5154 ignaras
2231 5066 2302 5134 Dei
2325 5080 2401 5139 toto
2422 5068 2510 5139 orbe
2536 5085 2635 5142 terra·

615 5177 746 5246 facian,
777 5169 998 5248 hoffibffim
1018 5171 1241 5268 ,13„,1;„„,;,
1269 5167 1363 5249 Deo,
1402 5169 1486 5237 serie
1510 5167 1604 5235 blas.
1653 5193 1753 5240 rum:
1787 5167 1838 5236 sio
1861 5161 2026 5236 Christus
2045 5165 2241 5238 vaticinans
2264 5169 2309 5238 de
2328 5169 2457 5240 futuris
2479 5173 2632 5245 miseriis

616 5272 791 5368 phemius,
815 5273 963 5362 impellit
979 5275 1022 5340 ad
1038 5273 1202 5360 lingenda
1219 5272 1337 5353 idola,
1363 5269 1406 5338 ad
1430 5268 1605 5338 movenda
1652 5269 1825 5360 significat
1843 5290 1965 5337 rursus
1981 5281 2166 5336 venturam
2189 5282 2350 5352 noctem,
2382 5271 2518 5366 idest,
2557 5291 2635 5346 tens

617 5377 709 5446 bella
725 5374 885 5452 inutilia,
913 5373 955 5440 ad
972 5373 1161 5442 laxandum
1186 5375 1327 5443 frenum
1353 5368 1536 5458 flagitiosis
1560 5367 1606 5438 li.
1652 5394 1721 5470 pos
1740 5394 1812 5463 quo
1829 5369 1898 5438 late
1914 5368 2138 5458 extinguetur
2155 5369 2216 5440 lux
2232 5365 2439 5464 Evangelii,
2461 5387 2502 5444 ιιι
2523 5381 2635 5451 statio

616 5475 818 5550 bidinibus.
869 5470 937 5542 llis
960 5473 1141 5542 furoribus
1164 5469 1471 5545 vehementissime
1491 5469 1606 5540 offen·
1654 5475 1692 5540 in
1710 5471 1844 5562 populo
1863 5467 2007 5542 ludaico
2029 5494 2101 5540 nos
2121 5486 2238 5542 secuta
2255 5487 2326 5560 est,
2350 5487 2386 5547 et
2401 5475 2574 5570 deinceps
2588 5505 2635 5550 or·

618 5580 717 5648 ditur
740 5587 774 5645 et
798 5575 959 5646 irritatur
983 5575 1103 5652 Deus,
1144 5597 1188 5642 ue
1221 5575 1330 5664 igitur
1355 5586 1471 5644 totum
1494 5592 1606 5662 genus
1654 5573 1699 5648 tis
1716 5568 1938 5655 haeresibus,
1971 5583 2006 5642 et
2027 5585 2146 5664 postea
2167 5585 2249 5644 nata
2270 5573 2347 5666 lege
2358 5571 2581 5664 Mahometi,
2608 5608 2635 5650 at

615 5673 815 5752 humanum
833 5689 970 5745 tantum
987 5677 1030 5744 ad
1048 5674 1239 5767 perniciem
1262 5689 1439 5760 nascatur,
1465 5697 1506 5745 ac
1525 5686 1606 5742 tan·
1653 5674 1786 5746 deinde
1801 5672 1993 5744 constituto
2009 5695 2119 5763 regno
2135 5672 2310 5758 Tuccico,
2332 5678 2429 5772 qood
2453 5681 2518 5749 etsi
2543 5685 2634 5754 floret

616 5796 692 5852 tusu
710 5777 794 5852 odio
811 5775 917 5867 digna
933 5775 1048 5858 tactae,
1075 5775 1148 5868 ipse
1165 5775 1203 5846 in
1217 5771 1371 5847 Ecclesia
1387 5799 1448 5846 sua
1466 5775 1606 5870 aliquos
1654 5773 1826 5870 sapientia
1857 5773 1898 5844 in
1926 5773 2234 5849 administratione
2265 5777 2408 5873 imperii
2436 5795 2472 5852 et
2501 5786 2634 5878 opibut
