5825 6950
328 704 414 784 ιιι
746 706 831 789 ιιι
879 641 1705 785 olmoooooooooc
1760 702 1868 783 css.
1893 704 1991 781 ιιι.
2293 710 2372 793 ιιι

327 904 400 953 nos
414 880 600 963 exaudiat,
622 903 671 954 sn
688 874 984 978 acquiescendum
1000 880 1049 955 sit
1064 879 1103 953 in
1118 881 1327 975 promissio·
1377 880 1602 974 temptarer.
1653 874 1696 951 ln
1721 872 1789 951 hac
1809 872 1959 951 historia
1981 900 2073 975 qnae
2097 874 2158 953 hic
2182 882 2365 972 recitatur,

326 984 452 1059 nibus.
503 986 563 1055 Ad
587 979 675 1057 haec
689 984 812 1059 omnis
826 978 970 1057 ethnico
987 1006 1088 1056 more
1107 988 1325 1077 respondent
1377 996 1449 1055 tres
1461 998 1547 1061 sunt
1560 984 1630 1057 loci
1644 982 1841 1079 prrecipui:
1866 978 2010 1055 Primus
2024 986 2070 1057 de
2083 985 2281 1061 ministerio
2294 984 2398 1063 ds-'

327 1080 1179 1175 MonaehietMahumetistse‚tluhitsodnmesse.
1203 1084 1324 1161 lton
1375 1098 1435 1159 tur
1447 1090 1656 1161 mandatnm
1672 1086 1864 1173 ministris,
1888 1100 1928 1159 ut
1944 1086 2095 1176 diligant
2106 1082 2308 1179 Christum,
2324 1108 2361 1169 et

326 1204 383 1261 tra
404 1211 493 1260 vero
515 1184 826 1264 Bothusiastseet
845 1182 1126 1284 ademptione,
1161 1213 1244 1263 cam
1267 1193 1323 1263 vi-
1375 1204 1518 1281 pascant
1538 1186 1745 1281 Ecclesiam,
1794 1189 1981 1261 Secundus
2005 1192 2051 1260 de
2076 1190 2280 1265 discrimine
2299 1196 2359 1267 di-

324 1293 438 1365 desnt
460 1287 555 1363 hanc
577 1289 838 1367 dubitationem
863 1288 1044 1365 ethnicam
1070 1314 1165 1382 esse,
1193 1296 1319 1368 iubent
1373 1292 1545 1384 sciplinae
1558 1310 1595 1366 et
1609 1295 1735 1365 cruris.
1778 1290 1924 1365 Tertius
1937 1294 1982 1363 de
1996 1293 2199 1381 vocatione,
2217 1308 2257 1367 ut
2272 1318 2357 1371 snae

323 1407 467 1486 petere,
490 1407 532 1467 ut
545 1396 697 1469 risibilis
711 1397 846 1491 species
859 1397 966 1467 nohis
979 1401 1198 1469 ostendatur.
1246 1397 1317 1472 Sed
1371 1396 1522 1491 quisque
1538 1396 1715 1469 vocationi
1732 1396 1964 1485 obtemperet,
1972 1416 2039 1466 nec
2052 1395 2231 1490 relinquat
2242 1420 2355 1484 suam,

325 1519 428 1569 error
446 1510 686 1593 utrommqne
705 1501 933 1573 detestandus
947 1512 1020 1581 est,
1060 1512 1094 1570 et
1115 1506 1317 1595 quaerenda
1369 1512 1431 1569 sut
1452 1500 1637 1593 frangatur
1657 1498 1799 1581 auimo,
1824 1496 1961 1571 etiamsi
1975 1497 2087 1569 alium
2108 1498 2213 1573 aliter
2234 1504 2355 1575 vocari

331 1622 409 1670 sera
424 1612 459 1671 et
474 1596 578 1672 brma
600 1602 762 1677 doctrina
777 1606 822 1674 de
833 1603 923 1691 fide,
955 1616 991 1674 et
1006 1602 1214 1675 discendum
1228 1606 1315 1701 quid
1368 1600 1477 1673 ridet.

334 1703 378 1773 sit
398 1702 491 1779 ides.
1442 1704 1503 1775 De
1524 1705 1641 1797 primo
1664 1704 1759 1787 loco,
1785 1702 1951 1775 videlicet
1976 1703 2022 1773 de
2041 1702 2235 1786 mandatis,
2260 1728 2353 1801 qnae

423 1802 487 1877 Sic
499 1802 609 1895 igitnr
622 1806 837 1899 respondeo:
852 1797 1026 1879 'Primum
1036 1831 1111 1880 non
1126 1811 1315 1903 petendam
1366 1806 1499 1880 dantur
1512 1804 1706 1901 Apostolis,
1722 1820 1763 1879 ιιι
1778 1804 1930 1897 diligant
1943 1799 2141 1889 Christum,
2157 1819 2192 1878 et
2205 1822 2353 1899 pascant

330 1928 397 1977 esse
415 1907 570 1999 speeiem
593 1904 660 1981 Dei
677 1909 874 1995 visibilem,
900 1932 965 1981 nec
977 1911 1218 1985 dubitandum
1239 1938 1315 1986 esse
1365 1930 1525 2001 gregem,
1549 1913 1701 1983 sciamus
1715 1904 1774 1979 hic
1788 1908 1945 2001 regulam
1969 1908 2080 1990 tradi,
2106 1909 2350 1987 continentem

324 2032 366 2077 an
382 2023 478 2081 recte
494 2007 608 2081 Deum
622 2011 845 2098 invocemus,
870 2014 930 2084 sed
953 2026 1039 2085 tunc
1061 2038 1142 2087 vere
1162 2029 1199 2090 et
1220 2031 1316 2092 recte
1364 2012 1572 2105 praecipuas
1594 2014 1742 2086 virtutes
1762 2010 1924 2083 omnium
1950 2010 2154 2081 docentium
2171 2011 2210 2081 in
2224 2008 2349 2085 Eccle-

322 2108 439 2181 Deum
468 2112 695 2198 invocamus,
741 2138 822 2186 cum
853 2136 954 2186 mens
984 2116 1180 2211 alloquitur
1208 2120 1312 2193 illum
1363 2114 1430 2186 sis.
1469 2113 1574 2188 Prior
1588 2130 1658 2203 est,
1678 2128 1718 2187 ut
1733 2114 1885 2205 diligant
1897 2108 2096 2199 Christum,
2119 2113 2155 2183 id
2171 2126 2222 2185 est
2236 2136 2348 2205 agno·

318 2210 459 2299 Βιιιιιι,
486 2215 550 2308 qui
572 2237 609 2285 se
625 2217 788 2307 patefecit
803 2219 887 2288 dato
902 2214 1121 2308 Evangelio,
1148 2236 1184 2294 et
1204 2224 1312 2295 misso
1361 2230 1481 2303 scant,
1505 2231 1540 2290 et
1557 2242 1641 2291 vera
1653 2220 1723 2289 fide
1739 2219 1905 2289 invocent
1921 2210 2124 2303 Christum,
2147 2228 2181 2287 et
2196 2214 2348 2309 diligant

320 2316 394 2387 blio
405 2312 568 2387 Domino
585 2330 709 2388 nostro
723 2313 966 2391 sesach-too.
1019 2319 1117 2393 llaec
1132 2324 1311 2398 invocatio
1363 2319 1440 2391 eius
1452 2321 1669 2410 doctrinam,
1684 2344 1750 2391 nec
1763 2318 1874 2411 magis
1887 2332 2006 2389 ament
2024 2340 2124 2390 snam
2140 2319 2347 2408 potentiam,

322 2417 490 2490 discernit
512 2414 810 2510 Xenophontem
843 2434 878 2493 et
897 2418 1105 2511 Paulinam,
1136 2440 1173 2498 et
1197 2429 1312 2523 placet
1360 2444 1463 2517 opes,
1490 2423 1707 2519 voluptates,
1741 2446 1847 2517 quam
1870 2417 2065 2495 Christum.
2117 2418 2196 2492 Hoc
2214 2420 2359 2495 funds-'

326 2516 421 2605 liro,
449 2533 485 2592 et
508 2524 606 2612 quod
631 2524 717 2593 satis
740 2522 1069 2613 circumvasere,
1108 2529 1211 2602 docet
1240 2525 1310 2602 hoo
1360 2538 1519 2596 ruentum
1542 2526 1612 2597 nisi
1636 2527 1681 2599 sit
1701 2526 1739 2598 in
1761 2528 1906 2597 doctore
1924 2546 1985 2595 sen
2000 2524 2254 2614 gubernatore,
2277 2548 2345 2597 nec

329 2623 470 2691 dictum:
496 2618 602 2695 Beati
624 2624 687 2719 qui
704 2648 784 2696 cnm
802 2648 877 2697 non
890 2628 1067 2715 viderint,
1090 2644 1210 2702 tamen
1233 2639 1310 2704 crc-
1359 2627 1560 2699 doctrinam
1577 2642 1778 2703 constanter
1796 2628 1983 2707 defendet,
2005 2648 2071 2699 nec
2092 2640 2245 2699 caeteras
2260 2650 2344 2719 par·

320 2726 432 2806 dunt,
472 2738 512 2797 et
533 2740 735 2816 congmunt
764 2730 810 2799 nd
840 2723 932 2800 hanc
957 2731 1158 2805 doctrinam
1187 2736 1308 2806 omnia
1358 2740 1411 2800 tes
1424 2730 1614 2803 ministerii
1630 2731 1783 2803 fideliter
1794 2727 2075 2814 administrabit,
2094 2740 2136 2801 ιιι
2149 2728 2254 2800 multi
2264 2751 2343 2801 sm·

318 2827 408 2896 dicta
427 2820 703 2905 castellon.
721 2824 776 2903 6.:
798 2828 891 2903 Fide
911 2835 1109 2907 accedimns
1123 2838 1168 2907 ad
1179 2834 1309 2925 Deum,
1357 2830 1495 2904 bitione
1511 2846 1546 2907 et
1562 2835 1755 2927 cupiditate
1769 2831 1958 2918 vindictae,
1972 2844 2178 2923 sparsemnt
2192 2843 2227 2903 et
2242 2852 2343 2924 spar-

317 2944 348 3001 et
362 2926 475 3003 Rom.
489 2929 570 3003 101:
604 2928 724 3024 Prope
736 2944 789 3004 est
803 2934 1083 3009 verbnminore
1095 2942 1168 3015 trio.
1207 2938 1308 3010 Tan·
1356 2948 1446 3025 gunt
1467 2936 1554 3007 falsa
1578 2939 1759 3027 dogmata,
1802 2936 1885 3030 quia
1912 2932 2024 3024 magis
2046 2946 2168 3005 amant
2190 2932 2341 3024 gloriam

315 3046 388 3105 tum
407 3052 479 3102 nos
495 3034 539 3106 sd
553 3028 622 3103 hoc
636 3036 785 3106 verbum
798 3038 967 3125 deducit,
992 3039 1125 3112 inhuc
1147 3042 1226 3115 vult
1246 3067 1307 3114 ro-
1356 3059 1477 3120 soam,
1504 3062 1611 3132 qaam
1626 3036 1811 3111 Christum
1828 3052 1862 3110 et
1877 3036 2058 3108 veritatem
2074 3030 2280 3125 Evangelii,
2306 3051 2343 3112 et

314 3134 417 3223 gitsri
442 3130 580 3220 Deum,
614 3148 651 3207 et
672 3131 738 3207 hac
760 3138 831 3209 lide
852 3161 943 3211 enm
974 3143 1201 3239 compellari,
1240 3168 1306 3217 neo
1356 3162 1453 3209 nunc
1466 3141 1691 3213 manifestum
1707 3154 1759 3213 est
1773 3133 1977 3223 monachos,
1993 3150 2136 3230 propter
2155 3150 2340 3231 quaestum

313 3236 411 3307 aliud
439 3236 603 3331 requirit.
654 3236 794 3311 Deinde
816 3242 880 3312 de'
895 3243 1082 3336 'voluntate
1109 3246 1305 3337 plurimum
1354 3240 1447 3313 roert
1464 3242 1723 3333 impioscultus
1738 3258 1977 3328 mortuorum,
2000 3238 2341 3327 etsuasMissas,et

314 3339 420 3410 refert
441 3332 511 3408 hoc
531 3339 731 3413 firmissime
755 3345 887 3430 teneri,
912 3347 1208 3440 acquiescendum
1229 3372 1305 3419 esse
1353 3344 1442 3413 alias
1466 3346 1746 3436 superstitiones.
1798 3344 1848 3418 Ut
1873 3344 1982 3435 igitur
2004 3344 2165 3413 doctores
2188 3342 2340 3433 integri·

312 3439 349 3509 in
370 3441 690 3534 promissionibus,
709 3446 869 3538 'perinde
886 3470 932 3519 ac
949 3448 980 3518 si
1001 3472 1116 3520 novae
1136 3475 1241 3523 voces
1258 3453 1303 3524 de
1354 3457 1460 3518 tatem
1478 3460 1512 3520 et
1530 3448 1634 3520 fidem
1657 3448 1697 3519 in
1720 3448 1918 3520 ministerio
1941 3444 2124 3536 Evangelii
2146 3456 2338 3537 praestent,

311 3545 410 3614 coelo
434 3543 533 3615 inter
554 3546 712 3619 tonitrua
731 3560 767 3619 et
782 3548 933 3642 fulmina
949 3565 990 3622 nt
1008 3553 1047 3622 in
1065 3568 1187 3625 monte
1203 3553 1304 3644 Sina,
1353 3549 1455 3641 prius
1478 3549 1517 3621 in
1541 3553 1591 3622 eis
1611 3548 1777 3624 Christus
1797 3550 2025 3622 dilectionem
2043 3547 2188 3637 flagitat.
2238 3545 2338 3619 Haec

312 3660 497 3718 sonarent.
521 3641 600 3717 Etsi
615 3663 735 3719 antem
750 3649 958 3725 difficileest
974 3655 1078 3726 nohis
1091 3657 1144 3726 sic
1158 3659 1303 3752 acquir·
1352 3651 1458 3744 piam
1482 3667 1516 3724 et
1538 3655 1722 3750 perspicua
1738 3667 1838 3740 sunt,
1865 3653 1949 3749 quia
1966 3673 2072 3722 nemo
2092 3647 2248 3722 fideliter
2263 3671 2338 3722 ser·

311 3771 422 3836 scere,
433 3762 473 3822 et
488 3771 616 3840 magna
626 3751 787 3825 lucta‘est
802 3755 1149 3850 eordtsdispuuotts,
1165 3783 1210 3830 an
1221 3785 1303 3833 vere
1352 3755 1405 3827 vit
1416 3756 1483 3826 ulli
1499 3757 1669 3843 domino,
1694 3758 1766 3827 nisi
1782 3757 1905 3848 diliget
1920 3779 2014 3828 cnm.

310 3845 398 3921 haec
419 3852 469 3924 sit
489 3851 655 3922 voluutas
681 3851 747 3924 Dei
768 3876 848 3946 erga
868 3864 909 3927 'te
930 3881 1093 3954 quoqne,
1134 3860 1242 3956 quam
1260 3865 1301 3935 in
1401 3903 1410 3915 ·
1455 3857 1563 3949 Quod
1587 3873 1705 3931 autem
1726 3883 1769 3930 ex
1791 3856 1860 3930 hoc
1886 3860 1964 3929 loeo
1991 3865 2104 3926 sumta
2124 3865 2208 3924 snut
2230 3873 2336 3946 argn-

309 3952 549 4042 promissione
560 3955 730 4040 tradidit,
753 3969 796 4029 ut
809 3980 891 4030 cum
906 3961 1011 4033 dicit:
1026 3961 1169 4036 ·Venite
1181 3967 1227 4036 ad
1245 3988 1304 4036 me
1351 3972 1470 4032 menta
1488 3963 1532 4030 de
1549 3963 1704 4054 primatu
1726 3959 1884 4036 Romani
1909 3955 2105 4052 pontificis,
2128 3955 2346 4028 breuissima¹

309 4077 438 4125 omnes
458 4055 522 4149 qui
548 4057 738 4150 laboratis,
763 4069 877 4150 et‘ego
894 4064 1146 4147 reficiamus,
1180 4081 1300 4139 tamen
1351 4065 1534 4156 responsio
1552 4077 1604 4135 est
1620 4065 1779 4156 piorum:
1811 4065 1949 4134 etiamsi
1967 4053 2337 4132 iuredivinoRoma·

307 4158 555 4230 eadhmunde
570 4173 621 4230 est
632 4176 736 4230 mens
751 4159 856 4256 dictis
870 4166 915 4234 ds
930 4167 1018 4248 fide,
1044 4165 1212 4245 Romfnt
1237 4169 1300 4242 Iu·
1351 4187 1419 4237 nus
1436 4167 1620 4259 episcopus
1642 4181 1731 4238 esset
1751 4189 1928 4249 summus,
1954 4178 2071 4234 tamen
2090 4183 2231 4234 necesse
2246 4172 2338 4233 esset

303 4259 450 4332 stificati
466 4259 536 4331 lide
551 4283 673 4353 pacem
684 4260 879 4352 habemns,
904 4281 941 4340 et
953 4269 1131 4341 similibus
1146 4273 1260 4347 dictis}
1349 4269 1396 4337 ab
1413 4293 1455 4339 eo
1471 4270 1678 4355 dissentire,
1705 4293 1785 4340 cum
1803 4268 1968 4339 defendat
1982 4268 2145 4356 dogmata
2167 4283 2335 4355 pugnan-

409 4359 487 4433 Nec
510 4363 602 4434 aliae
634 4363 916 4440 illuminationes
943 4385 1039 4441 extra
1063 4368 1298 4464 Evangelium
1349 4372 1397 4443 tia
1420 4395 1501 4441 cum
1518 4367 1735 4462 Evangelio,
1768 4383 1802 4442 et
1825 4371 1939 4456 idola,
1979 4381 2020 4440 ut
2039 4364 2173 4436 Paulus
2197 4363 2335 4457 inquit:

304 4465 535 4557 quaerendae
547 4479 611 4538 ent
622 4470 822 4558 poscendae
836 4483 933 4566 tunt.
984 4471 1083 4544 Haec
1103 4477 1298 4547 necessaria
1349 4471 1388 4545 Si
1405 4473 1487 4567 quis
1504 4475 1650 4562 angelus
1671 4476 1716 4544 de
1738 4473 1837 4544 coelo
1859 4473 1957 4542 aliud
1973 4463 2210 4558 Evangelium
2230 4485 2335 4556 prac-

302 4579 337 4637 et
369 4567 537 4639 ulands
564 4567 725 4640 domrina
747 4573 793 4668 de
814 4575 997 4663 agnitione
1017 4592 1052 4649 et
1072 4577 1300 4650 invocatione
1348 4574 1500 4654 dicabit,
1541 4572 1728 4646 anathema
1750 4578 1809 4650 sit.
1866 4571 2100 4645 Manifestum
2132 4580 2186 4639 est
2214 4577 2335 4636 sutem

300 4669 462 4741 traditur
477 4670 518 4740 in
532 4665 603 4741 hoc
616 4671 733 4743 dictor
752 4671 855 4768 Beati
872 4678 936 4772 qui
952 4675 1028 4749 non
1045 4680 1207 4752 videntes
1222 4707 1299 4753 crc-
1348 4691 1483 4749 atroces
1497 4700 1635 4748 errores
1643 4691 1676 4750 et
1684 4679 1780 4750 idola
1793 4671 2142 4747 defeddiaRomano
2157 4667 2334 4760 episcopo,

300 4773 418 4858 dunt,
439 4783 475 4842 et
490 4772 798 4870 maginperspirna
812 4779 873 4851 het
886 4773 995 4851 huius
1010 4779 1096 4854 dicti
1113 4786 1299 4872 sententia,
1349 4790 1382 4853 et
1403 4781 1481 4850 eius
1503 4777 1729 4854 satellitibus.
1792 4779 1842 4850 lta
1868 4775 2051 4856 ieremias,
2074 4785 2109 4843 et
2130 4763 2333 4852 Zacharias,

300 4873 776 4962 ethetillnstriorutilitas,
803 4881 833 4953 si
849 4898 928 4954 mm
945 4904 1050 4978 saepe
1065 4885 1299 4978 cogitabimus
1348 4882 1468 4954 etalii
1491 4885 1732 4955 dissenserunt
1755 4905 1775 4953 a
1797 4883 1871 4952 snis
1895 4875 2143 4970 pontificibus,
2194 4871 2334 4944 temetsi

301 4973 401 5049 inter
425 4975 677 5050 invocandum.
1016 5007 1022 5020 ·
1348 4986 1576 5057 manifestum
1590 4981 1872 5057 eratLeriticum
1888 4979 2096 5054 Pontificem
2112 4976 2190 5046 inre
2206 4973 2334 5046 divino

1260 5099 1266 5106 '
1347 5089 1566 5180 superiorem
1594 5109 1669 5158 esse
1698 5086 1844 5159 caeteris
1866 5081 2117 5158 sacerdotibus.
2175 5074 2254 5148 Hac
2275 5097 2335 5146 re·

654 5197 794 5316 caput
823 5202 948 5294 XXI·
1350 5191 1542 5281 sponsione
1574 5189 1729 5281 primum
1760 5189 1810 5282 pii
1831 5211 1870 5260 se
1892 5187 2102 5260 confirment
2131 5180 2172 5250 in
2202 5173 2334 5250 hurum

1348 5307 1548 5384 temporum
1573 5305 1835 5365 controversus.

357 5375 403 5448 ln
419 5391 602 5470 postremo
619 5382 735 5474 capite
750 5401 873 5461 narrat
888 5389 1150 5482 plurafactr,in
1167 5393 1299 5488 quihus
1452 5392 1592 5465 Deinde
1608 5394 1711 5464 facile
1725 5407 1777 5465 est
1793 5393 2006 5484 respondere
2020 5387 2065 5459 ad
2082 5383 2227 5457 vitiosas
2245 5403 2334 5453 con·
2439 5443 2444 5452 .

301 5476 476 5553 Christus
495 5503 534 5550 se
549 5497 633 5574 post
652 5491 948 5562 mumectionem
970 5492 1154 5587 Apostolis
1175 5496 1299 5566 claris·
1347 5496 1536 5582 nexiones,
1561 5498 1608 5567 sd
1633 5493 1778 5568 Petrum
1802 5493 2013 5565 nominatim
2044 5487 2192 5558 dicitnr:
2225 5481 2335 5556 Pasce

302 5583 574 5658 simeostendit.
600 5583 1296 5690 Nosomnistestimoniacoilecta,saepe
1348 5621 1432 5668 ores
1452 5621 1567 5684 meas,
1612 5621 1695 5688 ergo
1717 5598 1864 5669 caeteris
1885 5591 2070 5684 Apostolis
2093 5584 2334 5680 anteponitur.

304 5687 862 5778 noenum-decomodare
883 5695 990 5765 fidem
1005 5713 1174 5770 nostram.
1224 5697 1298 5772 De·
1348 5697 1517 5790 Neganda
1535 5717 1586 5770 est
1602 5701 1863 5794 consequentia.
1916 5692 2004 5767 Nam
2027 5691 2113 5762 aiibi
2131 5686 2335 5760 t⁰mmss¹¹5⁸

305 5787 395 5858 inde
409 5809 493 5858 cnm
509 5787 584 5858 fere
603 5790 644 5861 in
667 5793 819 5883 singolis
838 5795 1030 5868 conciones
1052 5801 1193 5895 aliquae
1215 5802 1300 5888 sint,
1349 5805 1515 5874 mandata
1539 5805 1672 5875 dantur
1694 5801 1881 5890 omnibus,
1915 5812 1957 5872 ut
1977 5795 2094 5867 Lucae
2115 5789 2266 5873 ultimo,
2299 5799 2337 5856 et

308 5887 486 5978 insignem
499 5890 702 5970 doctrinam
715 5896 960 5992 contineater,
976 5895 1040 5972 has
1054 5925 1297 5998 qnoquecon·
1349 5925 1455 6006 supra
1479 5906 1517 5974 in
1543 5900 1720 5978 iohanne:
1759 5899 1926 5982 Onerum
1956 5894 2160 5970 remiseritis
2181 5900 2337 5984 peccate,

356 5995 538 6064 licusm.
555 5996 661 6069 Orsa.
689 5993 776 6075 voc.
791 6001 869 6071 XV.
1767 6003 1832 6078 „28
