5825 6950
354 685 422 760 tes
522 681 626 760 xnt.
674 685 713 764 2.
745 678 1110 762 contestatura
1137 674 1546 763 intemeratum
1571 675 1930 760 Innumeros,
1981 679 2088 762 CAP.
2114 684 2215 764 XVI.
2299 691 2394 768 ast

352 856 492 936 Christo
509 859 710 946 credimus,
734 854 793 932 hic
808 859 1031 934 declaremus
1046 860 1347 945 Iidemnostrssn,
1392 859 1548 941 rictum,
1583 857 1653 929 nisi
1670 840 1722 930 ds'
1752 859 1918 950 publico,
1951 855 2090 932 hebere
2119 849 2211 932 nnn'
2227 882 2386 956 possunt.

354 978 386 1034 et
399 957 749 1058 hacspehumsnius
764 976 798 1036 et
813 963 999 1036 liberalius
1019 966 1210 1037 tractemus
1228 985 1343 1033 secer·
1394 958 1480 1030 Ideo
1503 959 1638 1034 Paulus
1671 963 1877 1054 gravissime
1908 965 2023 1049 dixit,
2066 985 2274 1055 comparans
2305 991 2386 1038 cnm

352 1069 467 1150 dotes,
505 1071 730 1158 expectantes
758 1060 943 1138 Christum
974 1061 1070 1140 hand
1100 1066 1212 1138 dubie
1238 1066 1343 1137 nobis
1392 1063 1571 1137 militibus
1596 1059 1692 1138 huuc
1720 1066 1910 1152 ordinem,
1954 1080 2030 1138 tum
2053 1067 2275 1153 docentium,
2309 1082 2386 1140 tum

351 1159 526 1241 cumulate
538 1166 764 1242 redditurum
786 1185 860 1240 esse
874 1168 1037 1258 gratiam.
1392 1165 1622 1238 discentium:
1649 1166 1761 1240 Nemo
1776 1170 1908 1240 militat
1923 1169 2208 1260 suis-stipendiis.
2262 1169 2386 1261 Sigui-

448 1268 532 1342 Hoc
553 1269 661 1342 olficii
691 1293 803 1361 genus
831 1284 987 1345 meretur
1014 1269 1127 1342 multa
1148 1283 1183 1341 et
1212 1292 1341 1361 magna
1390 1265 1471 1340 licat
1486 1270 1580 1340 enim
1596 1271 1750 1362 publicis
1766 1269 1952 1364 stipendiis
1968 1272 2116 1342 alendos
2131 1293 2205 1344 esse
2220 1268 2299 1360 hos,
2323 1275 2385 1369 qni

348 1371 521 1466 praemia,
546 1387 624 1446 tum
641 1371 860 1465 spiritualia,
885 1373 1195 1466 concorporatis,
1218 1397 1338 1465 pacem
1389 1365 1567 1442 Ecclesiae
1587 1373 1759 1448 serviunt.

295 1554 300 1565 ¹
352 1475 546 1568 publicam,
576 1476 783 1548 facultatum
805 1489 1008 1548 noctuarum
1031 1477 1269 1559 incrementa,
1304 1489 1339 1546 et
1492 1472 1562 1546 Sed
1582 1468 1668 1546 haec
1683 1477 1814 1548 frustra
1829 1477 2068 1548 declamamus
2092 1471 2149 1547 his
2174 1477 2385 1548 miserrimis

352 1575 611 1658 delensionem,
643 1578 735 1649 sicut
763 1575 898 1650 Paulus
929 1578 1032 1650 docet
1061 1574 1341 1650 scortumst.
1389 1576 1619 1666 temporibus,
1636 1579 1767 1671 quibus
1783 1579 1871 1649 iacet
1883 1600 2049 1672 oppressa
2059 1579 2249 1672 multiplici
2261 1595 2384 1675 tyran·

349 1675 391 1750 Et
405 1693 551 1752 econtra
567 1674 674 1752 huius
687 1679 796 1750 officii
814 1680 1073 1768 praetermissio
1090 1682 1240 1773 punitur
1255 1704 1336 1770 gra-
1388 1677 1475 1748 uide
1489 1677 1613 1769 religio
1624 1677 1843 1752 Christiana.
1876 1679 1970 1750 Boni
1983 1694 2101 1752 tamen
2115 1675 2182 1751 hoc
2193 1684 2303 1772 magis
2320 1685 2384 1752 ad-

351 1782 500 1853 vissimis
513 1782 658 1874 poeuis,
683 1796 724 1854 ut
739 1781 779 1851 in
795 1779 963 1873 Haggaeo
980 1783 1150 1875 scriptum
1166 1798 1232 1854 est:
1266 1781 1340 1854 Ubi
1386 1782 1559 1851 monendi
1569 1797 1664 1867 snut,
1680 1807 1727 1852 ne
1741 1784 1910 1874 exemplis
1923 1783 1999 1852 illis
2009 1785 2245 1869 adducantur,
2260 1799 2299 1854 ut
2314 1785 2383 1876 ipsi

297 1932 304 1961 .
349 1879 442 1954 Dens
456 1884 539 1954 ideo
554 1898 738 1977 corruptas
759 1906 834 1954 esse
857 1899 990 1974 segetes
1010 1885 1151 1980 inquit,
1177 1899 1212 1956 et
1235 1908 1339 1976 prae-
1387 1905 1530 1978 qnoque
1547 1908 1671 1975 parurn
1687 1899 1892 1957 reverenter
1903 1889 2057 1958 sentiant
2072 1887 2116 1954 de
2130 1886 2383 1960 sacerdotibus.

297 1966 302 2011 ¹
350 2001 438 2056 terea
452 1985 543 2061 alias
556 1985 771 2060 calamitates
786 1986 974 2074 accidisse,
1001 1988 1084 2081 quia
1103 1988 1256 2080 populus
1274 2011 1338 2058 ne-
1387 1983 1554 2058 Vidimus
1576 1987 1671 2056 enim
1696 2001 1870 2080 quantum
1895 1984 1982 2058 haec
2005 1989 2165 2079 exempla
2190 1990 2295 2076 vulgo
2313 2013 2382 2059 no-

293 2131 295 2138 ·
350 2089 453 2178 gligat
468 2085 662 2178 Templum
682 2102 717 2161 et
743 2087 962 2164 Sacerdotes.
1014 2087 1115 2162 Haec
1137 2092 1233 2161 enim
1255 2105 1337 2162 sunt
1387 2100 1501 2162 ceant.
1556 2085 1679 2178 Quare
1695 2086 1782 2162 haec
1804 2092 1910 2162 nobis
1934 2091 2001 2183 ipsi
2020 2112 2122 2182 saepe
2138 2091 2380 2175 subiiciamus,

289 2218 298 2261 2
348 2191 467 2262 verbs:
502 2188 598 2280 Quia
613 2193 833 2263 domusmes
849 2192 1058 2282 negIIgitur,
1084 2207 1119 2265 et
1135 2217 1197 2264 vos
1212 2217 1337 2264 cumn·
1387 2211 1493 2282 saepe
1509 2183 1595 2261 haec
1610 2191 1828 2265 inculcemus
1842 2195 1996 2287 populo:
2021 2189 2155 2282 Magna
2170 2215 2236 2263 nos
2251 2193 2381 2262 mereri

286 2318 288 2325 ι
346 2293 685 2388 latisnnusquisqne
701 2293 799 2364 domi
816 2317 911 2366 suae.
962 2293 1115 2388 Propter
1138 2291 1208 2366 hoc
1231 2319 1337 2389 snper
1387 2293 1561 2384 praemia,
1586 2295 1615 2363 si
1633 2298 1830 2367 sacerdotes
1845 2297 1996 2387 benigne
2015 2307 2223 2382 tractemus,
2250 2317 2309 2366 eos
2325 2295 2380 2366 in-

343 2417 404 2464 eos
439 2389 613 2487 prohibiti
648 2409 733 2468 suut
767 2396 876 2482 coeli,
910 2420 955 2468 ne
988 2397 1116 2469 darent
1146 2421 1263 2468 rorem
1303 2412 1337 2468 et
1388 2417 1527 2477 semus,
1555 2395 1586 2464 si
1601 2393 1736 2468 Christi
1754 2399 1951 2470 doctrinam
1979 2396 2131 2467 fideliter
2155 2399 2198 2468 ad
2221 2410 2379 2488 posteros

344 2509 438 2568 terra
452 2492 636 2588 prohibita
653 2509 726 2579 est,
750 2521 797 2569 nc
811 2500 913 2570 daret
928 2521 1091 2588 germen,
1116 2513 1184 2574 ete.
1387 2498 1572 2590 prapagari
1588 2521 1770 2586 terremus,
1801 2514 1836 2572 et
1861 2497 2053 2573 horribiles
2068 2521 2201 2592 poenas
2217 2498 2296 2572 Deo
2314 2501 2379 2570 da·
2415 2569 2417 2574 ,
2444 2585 2449 2590 ¹

446 2597 546 2686 Quid
562 2613 679 2670 antem
697 2623 793 2670 nunc
811 2600 874 2672 fit?
908 2599 1117 2674 Sacerdotes
1132 2602 1221 2672 alibi
1239 2603 1338 2694 plns·
1387 2613 1486 2671 turos
1504 2623 1577 2670 esse
1594 2600 1723 2686 iustos,
1750 2603 1811 2698 qui
1828 2604 1987 2675 crudeles
2009 2617 2093 2676 sunt
2110 2602 2148 2672 in
2167 2603 2376 2692 sacerdotes,

344 2720 449 2794 qnam
466 2696 633 2796 Scythica
649 2703 859 2780 crudelitate
874 2703 1117 2796 trucidantur,
1143 2705 1230 2775 alibi
1247 2729 1337 2797 pene
1387 2701 1450 2798 qui
1467 2717 1631 2774 recusant
1651 2704 1767 2776 studia
1785 2705 1966 2776 doctrinae
1984 2700 2208 2778 Christianae
2225 2705 2357 2775 invare.

344 2816 518 2894 coguntur
537 2804 631 2874 fame
653 2804 770 2896 perire
800 2828 881 2876 cum
902 2806 1276 2898 miseris-coniugibus
1302 2819 1349 2899 etp
1488 2801 1655 2876 Vicissim
1672 2820 1706 2878 et
1721 2808 1777 2878 sui
1799 2809 1906 2878 officii
1926 2807 2154 2880 meminerint
2170 2808 2378 2890 sacerdotes,

346 2905 460 2993 parvis
481 2905 615 2992 liberis.
667 2904 828 2998 Populus
849 2932 925 2978 non
949 2910 1064 2980 solum
1090 2911 1136 2979 de
1157 2927 1222 2978 suo
1241 2904 1334 2978 nihil
1385 2921 1424 2978 ut
1447 2920 1541 2977 recte
1563 2909 1730 2992 doceant,
1758 2923 1797 2980 ut
1819 2911 2051 2981 conscientias
2073 2911 2292 3000 ambigentes
2317 2931 2373 2978 sa-

347 3006 501 3098 impertit
516 3007 588 3093 eis,
614 3009 675 3078 sed
698 3008 804 3078 etiam
829 3011 1037 3101 pensiones,
1063 3035 1154 3106 quae
1175 3011 1333 3081 liberali·
1384 3023 1490 3094 nent,
1514 3023 1554 3081 nt
1568 3012 1819 3083 commoditate
1834 3036 1973 3082 morum
1989 3024 2117 3081 ornent
2126 3005 2374 3101 Evangelinm.

348 3124 413 3180 tate
428 3110 606 3180 maiorum
620 3105 790 3180 Ecclesiis
811 3112 965 3183 donatae
987 3127 1090 3197 sunt,
1115 3115 1160 3184 ad
1185 3114 1333 3183 alendos
1384 3107 1467 3180 Non
1489 3111 1585 3181 enim
1609 3114 1727 3183 vocari
1744 3115 1943 3185 sacerdotes
1959 3123 2153 3185 merentur.
2206 3109 2374 3204 Epicurei

351 3225 378 3282 et
407 3212 572 3282 doctores
600 3225 635 3284 et
667 3206 896 3285 scholasticos
928 3238 1107 3284 sacrarum
1139 3215 1334 3300 literarum,
1382 3211 1442 3283 isti
1466 3213 1529 3306 qui
1553 3236 1628 3284 non
1650 3215 1767 3286 solum
1793 3239 1868 3286 non
1890 3212 2286 3306 doceutEvaugelium,
2313 3216 2374 3283 sed

351 3313 443 3383 laede
465 3313 601 3406 diripit.
648 3310 729 3403 Qua
744 3314 783 3384 in
797 3339 836 3384 re
850 3316 980 3407 duplex
994 3316 1126 3388 malum
1147 3330 1220 3388 est:
1250 3341 1331 3386 nam
1381 3314 1538 3385 suaviter
1552 3315 1704 3387 irrident
1718 3341 1841 3388 omnes
1857 3318 2067 3410 religiones,
2092 3330 2127 3389 et
2153 3316 2296 3390 iuterim
2318 3338 2374 3386 sa·

353 3427 380 3484 et
398 3428 597 3507 praesentes
624 3418 823 3489 sacerdotes
845 3418 939 3489 fame
969 3431 1158 3504 necantur,
1190 3432 1224 3491 et
1248 3420 1330 3512 quia
1381 3434 1440 3488 cra
1455 3417 1496 3487 in
1513 3433 1661 3511 quaestu
1676 3413 1818 3495 habent.

310 3501 318 3590 i
354 3518 436 3589 nulli
456 3520 501 3589 de
525 3518 670 3611 publico
692 3519 860 3605 aluntur,
886 3520 948 3615 qui
964 3521 1102 3592 discant
1117 3545 1231 3593 sacras
1247 3522 1329 3592 lite-

311 3601 318 3654 t
354 3641 417 3711 ras,
441 3621 550 3711 paulo
571 3633 652 3712 post
671 3620 830 3693 deluturi
852 3639 936 3694 suut
956 3617 1123 3695 homines
1145 3620 1267 3699 idonei
1283 3626 1328 3693 ad

300 3762 305 3772 ·
354 3714 517 3793 Ecclesias
545 3723 734 3798 docendas.
797 3722 850 3793 Ea
878 3748 933 3794 res
960 3726 1143 3796 interitum
1173 3727 1332 3797 minatur
1724 3670 1865 3781 caput
1907 3674 2029 3759 XVI·

302 3881 305 3887 ,
355 3824 527 3895 universae
541 3824 706 3915 religioni
723 3819 959 3901 Christianae.
1017 3825 1208 3915 Quomodo
1233 3829 1329 3897 enim
1483 3818 1561 3893 Huc
1576 3818 1693 3915 Caput
1716 3823 1788 3893 iere
1814 3836 1927 3895 totum
1952 3824 2175 3896 consumitur
2191 3826 2228 3893 in
2244 3827 2375 3897 saluta·

298 3995 302 4006 ‚
356 3926 545 3997 conservari
559 3926 685 4016 religio
708 3928 856 4018 poterit,
888 3929 965 3999 sine
988 3929 1171 4001 literarum
1194 3930 1332 4015 studiis,
1352 3906 1358 3973 Ι
1380 3922 1552 3999 tionibus.
1604 3927 1658 3995 Ac
1682 3926 1825 4016 prodest
1844 3920 1912 3995 hoc
1935 3928 2134 4018 exemplum
2163 3929 2374 4014 meminisse,

297 4084 305 4110 ,.
354 4026 417 4096 sine
439 4029 580 4099 idoneis
602 4029 835 4099 doctoribus?
872 4030 921 4101 ita
942 4032 1105 4123 sacrilegi
1135 4033 1213 4117 isti,
1255 4056 1329 4101 non
1379 4028 1549 4095 adversus
1566 4020 1770 4121 hypocritas
1791 4032 1983 4122 quosdam,
2019 4028 2082 4123 qui
2105 4031 2227 4101 omnia
2248 4027 2374 4101 huma-

297 4175 298 4180 ι
354 4129 456 4199 solum
479 4152 564 4221 erga
594 4144 795 4221 praesentes
825 4135 1023 4204 sacerdotes
1052 4134 1213 4205 crudeles
1235 4149 1331 4217 sunt,
1380 4128 1504 4199 nitatis
1519 4129 1634 4198 officia
1652 4130 1783 4199 sanctis
1805 4129 1991 4213 adimunt,
2016 4155 2096 4201 cnm
2120 4132 2264 4226 qcridem
2288 4127 2374 4201 haec

352 4234 400 4299 sed
442 4232 549 4303 etiam
590 4232 792 4303 nniversam
831 4234 1040 4325 religionem
1078 4230 1331 4319 Christianam,
1378 4230 1527 4301 comitas
1558 4229 1847 4321 significationem
1875 4227 2003 4305 habeat
2024 4229 2249 4311 Christianae
2279 4233 2370 4302 dile-

350 4348 514 4423 quantum
530 4332 569 4403 in
587 4334 674 4426 ipsis
687 4348 760 4419 est,
784 4334 902 4405 delere
917 4350 1105 4410 conantur.
1378 4332 1524 4417 edonis,
1549 4346 1583 4403 et
1599 4333 1655 4402 vel
1671 4334 1857 4425 praecipue
1873 4336 1995 4405 deceat
2010 4337 2186 4405 doctores.

433 4434 605 4507 Veterum
621 4436 825 4528 principum
838 4437 932 4528 leges
945 4437 1183 4510 atrocissimas
1200 4462 1329 4531 poenas
1481 4430 1523 4503 ln
1540 4434 1610 4503 line
1625 4436 1811 4515 admonet,
1839 4458 1883 4504 ne
1898 4437 2098 4519 admittant,
2123 4458 2210 4503 neve
2224 4436 2372 4505 audiant

346 4535 376 4604 in
393 4537 577 4629 sacrilegia
600 4539 841 4625 constituunt,
865 4564 958 4626 non,
984 4553 1025 4612 ut
1048 4542 1204 4634 imperiti
1229 4542 1327 4611 indi·
1377 4536 1595 4627 perniciosos
1618 4537 1798 4623 doctores,
1824 4550 1858 4608 et
1874 4552 2029 4607 serentes
2053 4536 2251 4605 doctrinam
2290 4560 2369 4607 cum

289 4702 292 4708 .
343 4652 436 4725 tant,
457 4639 710 4733 superstitione
736 4640 876 4735 aliqua,
900 4643 1000 4737 qnasi
1015 4640 1114 4712 Deus
1135 4666 1225 4714 auro
1250 4641 1326 4733 pla·
1373 4634 1819 4729 Ev³n8015⁰ptlb¹¹³⁰l⁶ffl·
1879 4634 1927 4709 Ul
1958 4638 2052 4707 enim
2079 4636 2256 4718 medicum
2289 4662 2370 4707 tum

285 4786 287 4796 ,
339 4743 405 4811 cari
428 4756 466 4815 et
487 4742 559 4813 coli
581 4742 686 4829 velit,
714 4744 776 4811 sed
800 4746 897 4835 quod
917 4745 1164 4835 intelligebant
1184 4744 1326 4835 sapien·
1375 4740 1530 4810 remedia
1546 4740 1775 4825 monstravit,
1801 4740 1898 4811 iubet
1915 4738 2020 4811 etiam
2050 4760 2173 4808 cavere
2194 4762 2253 4823 ea,
2277 4762 2367 4832 quae

337 4844 458 4913 tissimi
483 4843 664 4937 principes
688 4844 733 4913 ad
755 4845 874 4917 studia
895 4847 1080 4918 doctrinae
1101 4841 1326 4918 Christianae
1376 4842 1545 4913 videntur
1561 4841 1741 4911 nocitura:
1774 4842 1821 4910 ita
1840 4841 2037 4932 Apostolus
2059 4853 2244 4931 postquam
2263 4862 2370 4933 supra

339 4947 600 5031 conservanda,
638 4942 877 5019 Ecclesiarum
910 4949 1095 5019 facultates
1121 4948 1326 5019 retinendas
1375 4944 1522 5014 tradidit
1547 4942 1775 5037 praecipuum
1794 4943 1913 5012 locum
1932 4942 2114 5015 doctrinae
2132 4935 2366 5023 Christianae,

335 5070 417 5123 esse.
471 5046 512 5117 ld
536 5048 633 5117 enim
653 5044 889 5139 Reipublicae
910 5050 1074 5136 interest,
1107 5074 1182 5121 non
1205 5050 1322 5122 solum
1376 5042 1542 5117 hortatur
1562 5059 1601 5116 ut
1624 5044 1696 5115 sint
1724 5044 1986 5136 circumspecti,
2024 5058 2058 5115 et
2083 5042 2299 5133 advigilent,
2323 5068 2367 5113 ne
2401 5066 2406 5075 ·

335 5164 370 5219 ut
392 5148 641 5241 praesentibus
663 5150 905 5223 sacerdotibus
927 5166 1072 5224 curetur
1097 5154 1231 5234 victus,
1263 5155 1323 5223 sed
1374 5148 1437 5242 qni
1452 5149 1625 5239 obrepant
1640 5145 1726 5235 ipsis
1744 5148 1907 5215 doctores
1924 5146 2040 5236 impii.

336 5251 437 5322 etiam
452 5264 494 5323 nt
508 5253 670 5323 doctrina
686 5247 888 5325 Christiana
904 5268 1120 5347 propagetur
1135 5256 1180 5325 ad
1205 5265 1322 5345 poste·
1475 5244 1523 5319 Et
1546 5261 1587 5318 ut
1608 5270 1730 5317 cavere
1750 5248 1891 5318 facilius
1914 5249 2072 5339 possint,
2104 5261 2197 5319 artes
2222 5247 2383 5337 indicat,¹

339 5374 406 5429 ros.
459 5352 502 5424 Id
526 5352 631 5426 aliter
652 5352 728 5423 heri
752 5377 828 5425 non
851 5370 983 5447 potest,
1016 5357 1087 5427 nisi
1107 5358 1153 5425 de
1176 5356 1322 5449 publico
1372 5352 1504 5445 quibus
1526 5349 1707 5441 imperitos
1732 5348 1790 5421 isti
1821 5350 2032 5439 impostores
2074 5350 2369 5425 circumveniunt.
2424 5360 2429 5365 '

337 5454 474 5528 alantur
493 5457 589 5527 bons
606 5455 768 5547 ingenia,
794 5457 968 5530 destinata
990 5458 1119 5532 studiis
1140 5480 1321 5529 sacrarum
1370 5451 1587 5545 Deripiunt,
1621 5450 1759 5546 inquit,
1799 5474 1862 5545 per
1893 5448 2162 5551 χρηστολογίας
2180 5447 2243 5523 καὶ
2266 5446 2367 5522 etilo·

264 5599 266 5606 -
338 5554 535 5642 literarum,
560 5569 600 5627 ut
622 5560 668 5628 sd
692 5570 851 5647 posteros
871 5560 1003 5651 reliqui
1027 5560 1117 5646 sint,
1143 5560 1205 5653 qui
1228 5572 1323 5629 recte
1371 5547 1469 5652 piac.

341 5660 455 5729 docere
470 5658 620 5753 possint.
670 5657 819 5729 Necesse
834 5672 885 5730 est
902 5662 998 5731 enim
1020 5657 1086 5731 hos
1108 5664 1153 5730 de
1176 5660 1320 5751 publico
1473 5646 1749 5752 Xpspocoloyius
1766 5646 1859 5723 haud
1878 5653 1989 5723 dubie
2005 5652 2367 5743 significantblaudos

343 5760 394 5845 ali,
417 5762 511 5833 sicut
524 5760 667 5845 milites,
691 5760 776 5855 qnia
792 5762 878 5830 dnm
894 5754 979 5832 huic
993 5764 1044 5834 rei
1061 5785 1205 5853 operam
1220 5764 1320 5840 dant,
1372 5779 1564 5829 sermones.
1616 5754 1710 5827 Sunt
1727 5770 1844 5826 autem
1876 5754 2072 5825 blanditiae
2093 5769 2126 5826 et
2148 5755 2186 5823 iu
2208 5754 2367 5823 moribus

343 5880 403 5935 ton
416 5875 566 5957 possunt
583 5862 670 5934 alias
685 5873 915 5956 quaestuosas
928 5876 1021 5938 artes
1033 5864 1185 5951 discere,
1211 5885 1321 5957 quare
1370 5861 1596 5947 docentium,
1624 5870 1659 5929 et
1676 5856 1807 5951 inipso
1822 5876 1949 5949 genere
1978 5856 2171 5934 doctrinae.
2221 5850 2365 5925 Etenim
