5825 6950
526 641 679 770 ὡς
769 731 775 743 ,
995 700 998 709 2
1157 655 1300 755 'anto
1329 679 1446 755 uno.
1485 678 2020 770 scatrranxnonnca
2319 698 2326 707 ·
2461 695 2583 775 'aros

686 862 783 934 Haec
800 862 844 929 de
861 856 1035 929 vocabulo
1051 842 1135 926 satis
1149 856 1194 926 sit
1210 848 1269 925 hic
1285 878 1443 928 monere.
1480 852 1571 925 Nam
1618 854 1804 927 ‘Sacrificio
1827 858 1868 927 in
1884 856 1996 929 lsrais'l
2013 858 2175 931 instituta
2192 864 2353 933 maced
2375 880 2484 937 certos
2505 894 2584 945 osns.

523 1020 525 1025 ·
585 969 747 1042 doctrina
771 968 907 1051 integra
932 964 979 1031 de
999 959 1199 1049 precatione
1224 958 1311 1028 alibi
1333 958 1506 1037 traditur,
1540 970 1575 1026 et
1626 958 1675 1027 At
1705 962 1902 1030 sacerdotes
1926 963 2184 1034 transtulerunt
2211 986 2252 1033 ea
2282 969 2327 1035 ad
2352 990 2512 1059 pompam
2537 992 2585 1045 aar

586 1067 862 1144 familiarissime
875 1078 996 1134 notam
1017 1072 1091 1131 es'se
1107 1062 1274 1130 omnibus
1290 1074 1450 1151 oportet,
1480 1073 1521 1129 ut
1536 1060 1575 1127 in
1627 1074 1844 1153 quaestum·
1874 1061 1993 1133 Coena
2017 1063 2168 1133 Domini
2186 1069 2231 1135 ad
2254 1090 2358 1137 ossam
2381 1083 2522 1155 cestram,
2543 1078 2587 1144 vi.

590 1171 801 1270 quotidiana
823 1164 1050 1237 invocatione
1066 1163 1112 1233 sit
1129 1164 1167 1231 in
1188 1176 1401 1254 conspectu,
1425 1176 1461 1232 et
1484 1185 1579 1231 sem·
1627 1165 1754 1233 delicet
1768 1168 1811 1231 ad
1829 1165 2108 1236 consolationem
2133 1168 2428 1240 conscientiarum
2450 1175 2586 1247 instituta

589 1299 653 1368 per
675 1275 783 1343 addas
806 1270 882 1361 ipss
906 1264 1002 1336 hanc
1029 1279 1127 1335 tuam
1154 1265 1448 1335 asseverationem
1477 1264 1577 1334 finita
1628 1278 1689 1336 est.
1747 1265 1870 1336 Postea
1903 1263 2127 1337 horribiliter
2157 1266 2378 1360 propbarrata
2407 1289 2475 1358 cst,
2512 1293 2543 1348 et
2558 1282 2587 1349 io

588 1376 807 1471 precatione:
834 1370 951 1443 Credo
975 1366 1152 1451 Domine,
1178 1361 1263 1437 haec
1285 1390 1362 1437 mea
1387 1379 1468 1435 vota
1494 1390 1579 1456 pro-
1628 1390 1755 1457 magna
1772 1383 1871 1460 parte
1886 1372 2024 1458 generis
2041 1366 2190 1439 humaui
2206 1375 2406 1445 celebratur
2420 1392 2459 1446 ut
2475 1396 2589 1469 specta-

591 1496 670 1572 pter
690 1477 805 1546 lilium
826 1473 1055 1543 mediatorem
1072 1494 1090 1538 a
1106 1484 1141 1539 te
1157 1469 1289 1558 recipi,
1314 1471 1373 1539 sed
1398 1492 1501 1557 opero
1526 1470 1581 1537 ier
1603 1509 1606 1540 t
1630 1472 1770 1550 culum,
1797 1484 1857 1541 aut
1873 1487 2039 1565 quaestus
2062 1497 2176 1547 causa.
2228 1476 2422 1549 certarunt
2438 1476 2590 1553 Ecclesiae

522 1616 554 1639 κ
590 1604 690 1651 meae
712 1574 959 1647 imbecillitati.
1011 1570 1094 1647 Scio
1111 1573 1154 1641 de
1173 1572 1262 1639 velle
1286 1566 1381 1641 hunc
1403 1566 1579 1640 bonorem
1631 1575 1675 1640 de
1696 1573 1753 1641 die
1775 1569 1983 1658 Paschatos,
2015 1589 2049 1645 et
2071 1598 2174 1665 saepe
2195 1578 2241 1644 de
2262 1578 2342 1646 aliis
2360 1603 2435 1649 noo
2454 1606 2588 1652 necessa·

592 1684 658 1755 tibi
677 1678 807 1763 tribui,
833 1690 873 1747 ut
886 1677 1070 1745 credamus
1086 1687 1121 1743 te
1138 1696 1219 1741 vere
1235 1674 1328 1741 allici
1345 1697 1428 1743 cura
1453 1673 1581 1755 nostri,
1631 1676 1695 1744 riis
1727 1677 2005 1767 qrraestiooibus.
2058 1676 2109 1747 De
2143 1675 2212 1747 boc
2238 1694 2312 1749 toto
2338 1704 2465 1766 genere
2492 1703 2588 1756 monet

593 1802 628 1857 et
650 1806 715 1858 nos
744 1778 924 1857 exaudiri,
966 1799 1032 1845 nec
1061 1774 1315 1867 promissiones
1345 1790 1424 1846 tuas
1456 1776 1582 1847 inanes
1605 1757 1608 1818 ¹
1632 1776 1783 1862 Paulus,
1807 1793 1848 1847 ut
1869 1803 1942 1847 non
1966 1779 2062 1847 velut
2087 1779 2187 1868 pueri
2212 1785 2418 1868 spectaculis
2436 1787 2589 1857 etritibus

595 1900 702 1959 sonos
734 1906 822 1955 esse.
873 1879 915 1951 ln
942 1874 1012 1947 hoc
1037 1891 1161 1949 nostro
1196 1877 1360 1947 exercitio
1393 1877 1583 1959 discimus,
1605 1821 1609 1912 1
1632 1879 1830 1980 capiamur,
1873 1883 1933 1950 sed
1966 1882 2142 1972 sapienter
2173 1905 2335 1973 regamus
2353 1888 2532 1966 actiones,
2563 1906 2588 1960 et

594 2010 704 2085 quare
726 1983 917 2077 antiquitas
939 2004 1078 2073 semper
1103 1980 1282 2050 addiderit
1310 1980 1583 2070 precationibus,
1606 2038 1609 2081 Ι
1632 2004 1753 2049 causas
1776 1982 1996 2066 intueamur,
2022 1997 2056 2054 et
2072 2006 2177 2054 suum
2192 1986 2322 2079 cuique
2342 1986 2460 2057 locum
2480 1992 2589 2059 tribna-

592 2091 721 2163 Amen,
1632 2103 1723 2158 mus.
1772 2080 1820 2152 Et
1843 2085 2001 2174 regulam
2025 2081 2084 2162 hic
2107 2110 2208 2176 saepe
2231 2090 2379 2177 repetit:
2413 2085 2537 2161 Omnia
2555 2096 2588 2162 ad

695 2193 748 2261 A'c
772 2188 854 2257 vide
876 2206 1010 2255 morem
1027 2181 1203 2255 Ecclesiae
1227 2194 1453 2277 perpetuum:
1481 2180 1583 2254 Sem·
1633 2185 1912 2255 aedificationem
1926 2187 2025 2261 fiant.
2076 2185 2237 2276 Cogitate
2257 2214 2370 2283 quare
2389 2192 2586 2263 donumlio-

594 2294 742 2388 perluit
759 2312 852 2360 uuus
869 2286 997 2378 aliquis
1014 2288 1051 2355 in
1070 2300 1191 2366 coetu,
1223 2288 1285 2378 qui
1300 2310 1362 2356 sua
1382 2309 1467 2355 voce
1482 2308 1583 2355 reve·
1632 2306 1782 2375 guarum
1807 2288 2019 2359 attributum
2042 2290 2088 2359 sit
2107 2288 2303 2375 Ecclesiae,
2343 2316 2419 2363 non
2445 2307 2485 2363 ut
2506 2296 2587 2365 iosos

595 2411 716 2469 center
747 2390 909 2463 recitavit
941 2389 1119 2480 publicam
1154 2389 1404 2478 precationem.
1457 2386 1582 2458 Postea
1606 2390 1889 2492 prpectaculum,
1932 2394 1992 2459 sed
2019 2406 2057 2460 ut
2079 2394 2192 2483 prosit
2214 2394 2258 2461 iis
2282 2395 2390 2480 locis,
2428 2397 2488 2465 ubi
2512 2422 2586 2487 pere-

596 2500 655 2570 vel
672 2496 842 2587 populus,
886 2491 944 2561 vel
965 2512 1060 2562 uuus
1084 2491 1230 2561 nornine
1252 2491 1375 2581 populi
1399 2490 1585 2580 respondit
1606 2504 1609 2568 ξ
1632 2493 1755 2581 grinae
1786 2494 1929 2579 linguae
1952 2516 2036 2563 usus
2059 2495 2274 2565 necessarius
2296 2512 2362 2567 est.
2412 2496 2481 2568 Sed
2498 2498 2585 2568 iore·

596 2604 728 2675 Amen.
780 2594 877 2683 Quid
892 2615 981 2685 opus
997 2604 1070 2677 est,
1095 2594 1190 2663 dicat
1211 2592 1365 2685 aliquis?
1416 2590 1583 2690 Respon-
1605 2573 1609 2694 f
1631 2608 1703 2663 stra
1720 2591 1877 2663 Ecclesia
1902 2596 2070 2665 recitetur
2092 2596 2196 2667 lectio
2215 2599 2337 2687 lingua
2354 2601 2523 2669 intellecta
2542 2627 2581 2691 po

598 2706 683 2775 deo:
712 2696 800 2769 Vult
815 2696 911 2768 Deus
936 2718 1148 2765 consensuro
1170 2718 1244 2764 esse
1260 2694 1434 2765 Ecclesiae
1457 2695 1495 2763 in
1516 2696 1582 2764 do·
1605 2697 1609 2834 p
1631 2696 1737 2786 pulo,
1768 2709 1804 2765 et
1826 2697 2001 2765 enarratio
2028 2698 2127 2769 utilis
2148 2701 2379 2773 audientibus
2400 2718 2583 2794 proponatur

598 2805 733 2885 ctrina,
760 2800 847 2883 bde,
872 2796 1097 2867 invocatione
1115 2811 1149 2867 et
1164 2797 1352 2886 petitione:
1371 2795 1448 2866 volt
1464 2809 1498 2865 et
1517 2818 1584 2885 pu·
1606 2839 1609 2916 p
1632 2800 1676 2866 de
1698 2797 1816 2890 aliqua
1841 2799 2025 2869 doctrinae
2051 2814 2158 2890 parte.

598 2906 712 2979 blicos
733 2926 773 2971 ac
792 2896 959 2971 honestos
982 2920 1188 2987 congressus
1210 2898 1303 2980 lieri,
1330 2911 1363 2970 et
1380 2898 1418 2967 io
1434 2892 1492 2966 his
1505 2898 1584 2966 volt
1676 2924 1689 2989 g
1798 2955 1807 2983 ,
1925 2960 1938 2985 ,
2146 2964 2166 2990 υ
2281 2967 2291 2992 τ
2445 2964 2454 2991 ‚

599 3002 901 3081 consentientibus
917 3001 1058 3091 piorum
1074 3000 1273 3091 pectoribus
1290 2999 1583 3089 invocari,iuxta
1694 2966 1744 3036 Er
1762 2988 1869 3060 νομῳ
1890 2989 2116 3064 7⁶79amm’
2144 2966 2547 3070 ⁰³‘37ff‘l’072w000‘i

598 3106 871 3205 promissionem
881 3098 1055 3174 Matthaei
1074 3105 1148 3175 lib:
1175 3100 1215 3193 Si
1230 3103 1302 3171 duo
1321 3125 1360 3171 ex
1378 3102 1480 3171 vobis
1497 3124 1583 3169 con·
1733 3096 1869 3169 Causae
1892 3111 1963 3168 tres
1983 3114 2085 3185 suot,
2110 3118 2254 3193 propter
2275 3129 2365 3197 quas
2390 3106 2517 3175 doouro
2534 3106 2583 3177 lio·
2627 3119 2628 3190 1

599 3210 773 3283 senserint
787 3208 826 3276 iu
843 3220 956 3291 terra,
982 3205 1026 3292 de
1043 3204 1144 3273 omni
1162 3204 1304 3293 negotio
1331 3206 1425 3297 quod
1453 3215 1584 3294 petent,
1607 3244 1609 3251 ·
1632 3224 1781 3291 guarum
1797 3199 1975 3284 Ecclesiae
1991 3203 2202 3274 attributum
2221 3218 2286 3282 cst.
2331 3205 2452 3277 Prima
2467 3221 2499 3277 et
2511 3210 2584 3299 prio·
2627 3215 2628 3266 l

598 3317 658 3385 liet
675 3313 734 3381 eis.
788 3307 872 3379 ldco
894 3320 1052 3377 servatus
1077 3320 1130 3376 est
1161 3299 1220 3375 hic
1252 3328 1347 3389 mos,
1370 3320 1410 3375 ut
1432 3304 1585 3394 populus
1607 3363 1609 3406 i
1633 3304 1775 3394 cipalis,
1814 3315 1856 3372 ut
1878 3304 2066 3395 propagari
2090 3300 2324 3396 Evangelium
2349 3310 2420 3378 cito
2441 3309 2477 3377 in
2492 3312 2584 3381 multis

601 3417 748 3488 adderet
770 3406 863 3480 hanc
884 3408 1176 3500 significationem
1201 3406 1256 3476 sui
1281 3429 1483 3482 consensus.
1534 3401 1583 3476 Et
1607 3409 1610 3496 ζ
1633 3406 1797 3496 gentibus
1813 3417 1946 3498 posset,
1972 3429 2121 3498 quarum
2136 3431 2209 3478 nou
2228 3424 2279 3480 est
2293 3435 2367 3479 una
2382 3411 2509 3501 lingua.

599 3517 734 3592 Paulus
749 3513 826 3584 vult
841 3535 917 3584 earn
934 3511 1032 3583 addi.
1070 3505 1134 3580 Ait
1149 3508 1258 3596 igitur
1272 3511 1316 3577 dc
1331 3509 1604 3600 respondentes
1737 3507 1920 3591 Secunda,
1952 3522 1992 3578 ut
2016 3505 2082 3577 h'oc
2104 3509 2218 3600 ipsum
2244 3515 2383 3582 doniam
2409 3531 2490 3584 esset
2511 3515 2585 3583 testi·

601 3617 794 3709 Quomodo
818 3613 970 3703 implens
993 3613 1111 3682 locum
1133 3610 1282 3695 idiotae,
1326 3611 1417 3684 dicet
1446 3611 1583 3698 Amen,
1633 3609 1795 3678 monium
1814 3607 1968 3698 Spiritus
1985 3611 2165 3694 sancti,et
2178 3615 2399 3701 praesentiae
2412 3615 2476 3684 Dei
2493 3612 2586 3684 iaEr·

602 3723 632 3794 si
650 3736 682 3794 te
697 3742 770 3787 noo
783 3714 981 3803 intelliget?
1002 3708 1228 3806 ἀναπληρῶν
1251 3703 1368 3787 τόπον
1390 3716 1460 3784 τοῦ
1481 3706 1586 3784 ideoi-
1634 3712 1756 3792 clesia,
1782 3711 1872 3782 sicut
1894 3711 1963 3779 alia
1983 3735 2108 3795 magna
2131 3714 2315 3790 miracula.

599 3847 690 3910 nov,
724 3819 857 3888 dicitur
881 3817 1120 3910 respondens,
1153 3815 1254 3910 quasi
1277 3815 1513 3906 precationem
1540 3816 1585 3885 ab
1735 3811 1877 3898 Tertia,
1901 3825 1942 3892 ut
1957 3837 2031 3882 esse
2045 3816 2186 3900 signum
2200 3832 2234 3888 et
2248 3819 2507 3899 testimonium,
2529 3843 2585 3889 cae·

600 3927 672 3998 alio
692 3923 886 4002 recitatam,
901 3931 1020 4009 postea
1036 3917 1218 4008 complens
1234 3941 1394 4008 expresso
1411 3939 1586 3986 consensu
1634 3928 1728 3985 teras
1749 3929 1869 4005 gentes
1883 3915 1990 3984 etiarn
2006 3917 2052 3986 ad
2066 3915 2251 4008 Evangelii
2269 3923 2470 3992 societatem
2485 3945 2585 3992 rocro-

600 4025 738 4120 populi.
789 4021 846 4092 Ad
876 4013 973 4088 hune
1002 4019 1119 4110 ipsum
1151 4041 1287 4088 morem
1318 4033 1353 4088 et
1381 4019 1493 4088 multa
1516 4020 1585 4088 alia
1634 4018 1696 4087 das
1722 4040 1806 4086 esse.

596 4130 693 4199 dicta
718 4133 938 4212 congruunt,
972 4133 1014 4190 ιιι
1036 4119 1177 4188 Psalmo
1198 4117 1279 4192 117.
1301 4121 1399 4210 prius
1421 4122 1586 4191 nominat
1734 4119 1832 4190 Haec
1845 4118 2018 4208 significat
2033 4115 2156 4188 Esaias
2173 4121 2286 4209 capite
2301 4123 2385 4208 28„
2416 4128 2505 4197 node
2521 4120 2584 4195 bret

603 4233 749 4310 domum
777 4225 919 4302 Aaron,
965 4235 1000 4292 et
1026 4215 1116 4290 hanc
1140 4221 1241 4290 iubet
1268 4223 1396 4310 gratias
1419 4244 1525 4311 agere
1550 4237 1586 4293 et
1635 4221 1742 4290 verba
1781 4222 1948 4292 citantur.
1999 4215 2076 4290 Etsi
2114 4235 2232 4292 autem
2273 4229 2467 4298 sententiae
2494 4230 2583 4296 variae

601 4332 780 4404 celebrare
804 4323 939 4396 Deum:
957 4323 1063 4392 ,dicar
1085 4345 1181 4392 nunc
1207 4324 1334 4394 domus
1357 4319 1497 4408 Aaron,
1520 4325 1587 4394 bo-
1635 4337 1856 4416 quaeruutur
1878 4323 1970 4413 apud
1995 4319 2158 4408 Essiam,
2196 4336 2316 4396 tamen
2335 4323 2432 4398 haud
2453 4330 2583 4398 dubiret

603 4455 673 4504 nus
688 4443 740 4500 est
749 4426 938 4505 Dominus,
959 4437 994 4494 et
1010 4425 1048 4493 in
1067 4424 1223 4494 seculum
1240 4424 1480 4496 misericordia
1499 4427 1587 4500 eius.
1634 4420 1727 4493 banc
1748 4424 1996 4516 complectitur
2017 4447 2122 4518 quam
2145 4426 2269 4499 recitat
2282 4426 2431 4515 Paulus,
2457 4432 2535 4514 lore,
2555 4444 2583 4498 ot

603 4534 660 4610 sir
693 4530 855 4622 sacerdos
889 4523 1041 4620 ἔξαρχος
1072 4525 1235 4618 publicae
1274 4527 1509 4615 precationis,
1551 4532 1587 4599 et
1633 4523 1869 4614 Evangelium
1895 4539 2080 4616 spargatur
2101 4526 2140 4596 io
2163 4529 2294 4599 multas
2321 4547 2439 4618 gentes
2463 4531 2581 4600 dirersis

603 4635 704 4730 quasi
720 4644 860 4726 praeeat
875 4629 1006 4721 populo
1026 4650 1088 4698 sua
1105 4650 1202 4700 voce.
1253 4626 1377 4698 Postea
1395 4629 1505 4718 igitur
1523 4634 1587 4699 ad·
1635 4629 1791 4717 linguis,
1823 4629 1919 4721 quod
1942 4628 2206 4718 displiciturum
2228 4631 2275 4700 sit
2302 4627 2388 4704 hu'ic
2409 4636 2541 4726 populo,
2557 4648 2582 4702 et

603 4740 718 4814 ditum
743 4746 810 4804 est:
852 4727 983 4800 Dicant
1004 4753 1101 4801 nunc
1132 4730 1339 4822 omnesqui
1363 4729 1587 4803 timeotDo-
1635 4731 1806 4821 populum
1842 4743 1929 4800 tunc
1958 4753 2089 4821 poenas
2121 4732 2287 4802 daturum
2316 4758 2390 4806 esse
2419 4749 2581 4808 contentae

601 4841 761 4919 minum,
787 4836 904 4904 bonus
920 4847 972 4903 est
987 4829 1183 4917 Dominus,
1216 4847 1250 4903 et
1275 4833 1314 4900 in
1336 4834 1493 4903 seculum
1517 4836 1587 4902 mi·
1636 4832 1733 4902 vocis
1747 4831 1900 4901 divinae.
1927 4827 1930 4832 ’
1948 4831 2069 4904 Esaias
2085 4832 2191 4922 longa
2207 4838 2409 4908 narratione
2424 4853 2507 4908 taxat
2521 4859 2578 4907 coe·

598 4937 790 5013 sericordia
820 4935 906 5005 eius.
1636 4935 1774 5002 citatem
1798 4930 1976 5002 Ecclesiae
1999 4934 2189 5005 fascinatas
2210 4937 2308 5008 falsis
2330 4938 2539 5030 opinionibus
2554 4949 2576 5004 et

1635 5033 1898 5107 traditionibus.
1951 5029 2089 5104 Omnes
2112 5059 2253 5108 mensae
2271 5040 2422 5133 repletae
2441 5055 2515 5114 sunt
2532 5063 2576 5106 ro·

1636 5136 1745 5216 mitu,
1765 5136 1802 5205 id
1821 5149 1891 5221 est,
1915 5138 1988 5206 lere
2012 5137 2147 5230 ubique
2164 5139 2262 5210 ebria
2283 5156 2318 5213 et
2338 5144 2447 5214 delira
2466 5158 2511 5212 est
2524 5137 2574 5210 dc·

1635 5237 1739 5307 clesia
1764 5239 1901 5326 magnis
1923 5239 2122 5324 erroribus,
2154 5253 2291 5331 etpost
2311 5245 2458 5316 reditum
2479 5241 2573 5314 erlis
2627 5264 2628 5355 p

704 5341 835 5412 Inserit
857 5339 1055 5428 generalem
1082 5340 1383 5422 admonitionem,
1422 5351 1463 5409 ιιι
1493 5351 1587 5409 recte
1635 5340 1766 5432 bylone
1780 5334 1960 5410 Pharisaei
1977 5354 2012 5413 et
2027 5339 2201 5412 Saducaei
2215 5346 2328 5416 exorti
2342 5362 2439 5435 suut,
2455 5363 2571 5440 quorun

599 5449 759 5519 iudicent
783 5447 827 5512 de
848 5466 915 5512 usu
940 5442 1129 5514 donorum.
1192 5440 1274 5510 Non
1301 5440 1419 5508 inanis
1447 5454 1585 5530 specta·
1634 5441 1773 5511 sorores
1794 5443 1899 5511 etiam
1921 5458 2060 5514 accusat
2079 5437 2212 5520 Esaias.
2265 5444 2570 5539 ltapostApostolos

601 5552 682 5622 coli'
697 5567 799 5618 causa
824 5545 918 5614 dona
940 5537 1095 5612 exhibita
1112 5555 1212 5627 sunt,
1238 5544 1330 5610 sicut
1347 5542 1514 5612 ridentur
1530 5543 1586 5612 illi
1634 5542 1673 5611 in
1690 5539 1847 5612 Ecclesia
1865 5553 2041 5632 grassatae
2057 5559 2140 5616 suot
2162 5541 2342 5632 haereses,
2365 5550 2483 5619 deinde
2499 5545 2568 5616 Poo-
2627 5564 2628 5587 ι

601 5653 772 5742 rogitare,
798 5647 860 5738 qui
879 5653 1017 5714 tantum
1035 5657 1215 5713 ostentant
1228 5644 1362 5712 donum
1379 5644 1586 5732 linguarum
1634 5645 1786 5729 tibrum,
1812 5641 2094 5731 Monachomm,
2126 5660 2162 5718 et
2181 5643 2422 5740 sophistarum
2441 5648 2568 5722 traditio·

598 5753 782 5824 recitando
807 5744 988 5840 hymnum
1003 5745 1188 5834 peregrina
1205 5744 1347 5833 lingua,
1375 5769 1480 5837 quem
1504 5770 1585 5816 coe·
1633 5769 1718 5831 nes,
1752 5748 1797 5816 de
1819 5747 1989 5818 sacrificio
2013 5744 2163 5834 Missae,
2196 5752 2243 5821 de
2265 5753 2462 5824 adoratione
2479 5749 2566 5844 ptuit.

598 5869 657 5928 tus
683 5876 757 5922 oon
783 5845 962 5936 intelligit.
1014 5843 1115 5916 Haec
1144 5845 1343 5918 admonitio
1373 5848 1444 5919 late
1473 5859 1582 5939 patet.
1604 5911 1611 5936 ,
1633 5847 1677 5918 de
1705 5846 1931 5918 invocatione
1952 5861 2195 5938 mortuorum,
2235 5855 2280 5924 dc
2302 5847 2565 5935 dubitatione‚dr
2627 5904 2628 5941 ,

601 5101 778 5186 Fratres,
805 5103 849 5176 ιιι
870 5099 979 5199 pueri
984 5094 1099 5194 fiatis
1115 5111 1248 5187 meula,
1272 5095 1340 5170 sad
1352 5099 1437 5170 silis
1453 5099 1587 5200 infan-

703 5219 757 5282 tes
784 5201 955 5290 molitio,
981 5201 1119 5298 integri
1141 5227 1221 5274 vcro
1242 5201 1326 5274 silis
1350 5213 1477 5273 manle.
