5825 6950
568 675 642 756 175
1116 723 1120 730 .
1158 659 1286 741 PHlIa
1314 656 1431 743 MEL-
1455 659 1669 739 SCRIPTA
1696 659 2001 750 munster.
2194 685 2200 693 ·
2520 661 2608 750 tto

568 849 720 925 ctrinam
739 837 949 932 Evangelii,
982 835 1073 912 sicut
1101 855 1241 906 necesse
1265 831 1335 905 fuit
1355 829 1449 907 banc
1470 856 1558 904 con·
1579 832 1586 892 l
1607 835 1663 908 bit
1690 835 1810 908 lumen
1831 833 1959 928 vitae,
1976 831 2017 918 id
2036 847 2107 922 aar,
2135 833 2434 915 donantium,
2457 835 2543 914 ιω
2569 847 2611 914 ᾳ

569 956 709 1031 cionem
730 971 834 1038 saepe
858 939 969 1034 repeti
994 954 1024 1008 et
1051 936 1252 1025 inculcari,
1268 935 1351 1027 quia
1367 929 1427 1005 hic
1443 959 1559 1028 popu·
1609 937 1791 1028 agnitione
1804 936 1892 1018 Dei,
1918 961 2008 1032 qrrae
2030 938 2153 1008 afferat
2168 962 2287 1013 seram
2301 936 2610 1022 consolationem,

568 1059 644 1140 lus,
681 1075 763 1124 eum
785 1043 931 1125 haberet
953 1037 1151 1114 doctrinam
1177 1035 1264 1126 legia
1289 1049 1324 1108 et
1343 1035 1559 1113 cultusMu·
1607 1039 1818 1131 quassares
1840 1051 2011 1120 terrores,
2037 1039 2246 1115 liberabitur
2267 1065 2287 1109 a
2309 1052 2611 1117 morteaeterna.

569 1157 700 1234 saicoa,
732 1175 807 1224 nun
837 1145 1056 1228 existimabat
1082 1164 1118 1210 se
1141 1162 1230 1231 opus
1248 1133 1379 1210 habere
1402 1140 1470 1211 alia
1494 1141 1558 1212 do·
1608 1139 1705 1212 Haec
1726 1141 1879 1215 dictant
1902 1141 2030 1212 clarius
2052 1142 2314 1231 intelligantur,
2339 1165 2461 1216 rursus
2477 1140 2612 1220 consi-,-

570 1261 706 1342 ctrina,
746 1252 921 1348 putabant
949 1270 985 1314 se
1014 1245 1062 1314 ita
1081 1239 1159 1312 Deo
1189 1254 1349 1332 acceptos
1383 1253 1418 1310 et
1447 1242 1559 1312 iustos
1607 1245 1764 1323 deranda
1798 1254 1849 1315 est
1879 1239 2083 1330 antithesis,
2113 1246 2343 1319 conferantur
2370 1238 2458 1320 Ιιεεε
2478 1243 2612 1328 ambo,

569 1353 667 1447 iure,
704 1357 735 1428 si
758 1363 974 1424 conaremur
994 1347 1106 1436 legem
1128 1357 1303 1434 praestare
1330 1355 1364 1412 et
1385 1341 1467 1412 illos
1483 1344 1558 1427 cul·
1608 1359 1643 1416 et
1663 1345 1823 1436 doctrina
1846 1344 1932 1434 legis
1955 1369 1994 1416 ac
2014 1343 2218 1434 Evangelii,
2250 1360 2285 1420 et
2304 1345 2490 1440 utriusque
2510 1345 2611 1416 effe.

569 1484 629 1538 tus
663 1459 836 1532 divinitus
870 1450 1016 1525 traditos
1053 1467 1211 1530 servare,
1252 1469 1326 1515 non
1358 1445 1559 1531 cogitabant
1607 1461 1702 1532 ctus,
1727 1449 1792 1518 etsi
1807 1441 1971 1520 homines
1985 1449 2193 1534 naturaliter
2206 1441 2340 1520 habent
2353 1446 2511 1539 aliquam
2529 1470 2611 1516 no·
2656 1429 2657 1448 ³

570 1565 740 1641 Messiam
765 1560 955 1629 allaturum
976 1551 1073 1622 aliud
1097 1547 1281 1619 doctrinae
1299 1568 1421 1636 genus.
1475 1545 1558 1614 ldeo
1608 1549 1727 1618 ticiam
1757 1548 1864 1638 legis,
1893 1562 1927 1617 et
1959 1549 2093 1640 poptrlo
2123 1547 2233 1620 lsraiil
2261 1549 2434 1638 singulari
2457 1548 2610 1620 revela-

569 1691 651 1742 cum
681 1661 871 1736 audierunt
902 1651 965 1724 has
986 1675 1102 1723 voces:
1135 1647 1211 1740 Ego
1234 1673 1312 1720 sum
1340 1649 1401 1717 lux
1422 1647 1560 1732 muudi,
1607 1651 1704 1721 tiune
1718 1662 1753 1719 et
1770 1650 1972 1720 testimonio
1987 1651 2128 1720 coelesti
2144 1653 2272 1736 tradita
2287 1665 2360 1720 erat
2376 1650 2451 1733 lex,
2473 1662 2608 1726 tamen

570 1772 602 1842 si
631 1768 710 1863 quis
740 1763 831 1834 sitit.
865 1755 984 1848 veniat
1008 1755 1052 1825 ad
1075 1776 1150 1834 me,
1181 1767 1216 1824 ct
1237 1749 1389 1833 similes,
1419 1772 1559 1819 necesse
1608 1743 1693 1820 haec
1714 1751 1845 1821 noticia
1867 1774 1942 1819 non
1962 1751 2064 1822 affert
2079 1752 2214 1838 lucem,
2240 1777 2314 1822 non
2330 1752 2493 1822 liberata
2511 1752 2608 1820 cali-

568 1874 639 1948 [uit
660 1868 764 1939 valde
784 1859 920 1939 offendi
941 1881 1020 1943 eos,
1044 1855 1107 1950 qui
1124 1868 1224 1924 erant
1239 1852 1419 1944 praecipui
1434 1853 1559 1931 doctu·
1608 1853 1688 1941 gine
1711 1866 1744 1923 et
1761 1853 1932 1938 tenebris,
1961 1853 2090 1946 quibua
2110 1854 2313 1924 immersum
2331 1866 2381 1924 est
2397 1875 2510 1942 genus
2528 1847 2607 1923 hu.

568 1999 625 2045 res
647 1967 792 2064 pepedi,
817 1978 851 2035 et
873 1961 1049 2051 sapientes
1072 1957 1324 2046 gubernatores
1347 1978 1388 2022 ex
1412 1953 1558 2023 sublimi
1607 1979 1762 2028 manum.
1815 1951 1955 2026 Menses
1983 1951 2178 2046 humanae,
2213 1981 2292 2026 cum
2324 1955 2518 2026 audierunt
2548 1955 2607 2025 le-

568 2077 774 2148 deriseruut
802 2080 838 2138 et
866 2060 963 2134 hunc
987 2063 1188 2142 ductorem,
1221 2070 1256 2127 et
1282 2056 1468 2127 stultitiam
1494 2079 1559 2145 po·
1607 2079 1706 2148 gem,
1733 2069 1766 2126 et
1784 2069 1962 2148 praestant
1977 2055 2202 2147 disciplinam
2220 2071 2398 2128 externam
2415 2070 2450 2127 et
2468 2079 2605 2150 corpo-

567 2177 666 2272 puli,
693 2172 756 2268 qui
780 2191 861 2240 eum
877 2165 1015 2239 audiret
1033 2175 1104 2233 tam
1121 2161 1295 2244 absurda,
1320 2172 1359 2228 ut
1377 2157 1443 2248 ipsi
1464 2157 1557 2224 iudi·
1607 2158 1735 2238 ralem,
1762 2172 1796 2228 et
1819 2160 1956 2228 addunt
1971 2158 2116 2253 ¹aliquus
2138 2158 2254 2230 cultus
2275 2183 2443 2258 operum,
2471 2171 2604 2250 putant

568 2281 715 2360 rabant,
742 2275 787 2342 de
802 2293 879 2340 sese
892 2259 1177 2358 praedicantem,
1204 2261 1294 2332 sicut
1310 2255 1558 2350 posteaEvan-
1608 2257 1674 2330 huc
1706 2259 1951 2354 qualecunque
1973 2262 2136 2330 ¹studium
2169 2274 2202 2332 et
2230 2261 2468 2332 imitationem
2496 2260 2604 2354 legis,

568 2382 691 2476 gelista
722 2384 844 2445 narrat
872 2369 979 2441 obiici
1001 2359 1145 2439 Christo
1171 2387 1190 2433 a
1214 2357 1429 2447 Pharisaeis,
1462 2362 1556 2452 quod
1608 2385 1681 2430 esse
1705 2361 1878 2434 iusticiam
1901 2385 2018 2431 coram
2034 2359 2131 2444 Deo,
2156 2386 2231 2431 non
2255 2363 2377 2434 vident
2399 2386 2464 2430 nec
2485 2385 2603 2451 agno-

568 2486 644 2556 eius
676 2473 917 2550 testimonium
946 2493 1022 2541 non
1050 2467 1096 2538 sit
1122 2488 1264 2550 verum,
1294 2464 1378 2558 quia
1400 2465 1559 2538 testimo·
1608 2477 1728 2543 scunt,
1762 2485 1835 2532 sese
1857 2476 1891 2535 et
1915 2458 2007 2534 hane
2032 2476 2142 2535 totam
2164 2477 2328 2535 'naturam
2352 2485 2425 2534 esse
2449 2463 2601 2532 immer-

566 2588 670 2660 nium
689 2574 873 2672 perhibeat
891 2576 936 2643 de
951 2593 988 2642 se
1006 2569 1094 2662 ipso.
1606 2589 1680 2634 sam
1704 2579 1867 2656 peccato,
1893 2566 2065 2656 pollutam
2088 2567 2257 2639 interiore
2283 2581 2315 2634 et
2336 2565 2507 2635 exteriore
2522 2566 2596 2632 im.

671 2682 740 2754 Sed
765 2676 852 2749 haee
872 2673 1003 2744 iuditia
1018 2666 1181 2742 Chrlsl'ds
1195 2691 1270 2738 ⁰⁰¹¹
1287 2679 1467 2752 moratur,
1495 2665 1563 2742 scit
1608 2667 1800 2753 munditia,
1826 2690 1922 2735 ream
1947 2667 2020 2736 irae
2034 2664 2104 2737 Dei
2128 2681 2161 2738 et
2183 2668 2308 2737 mortis
2328 2680 2504 2750 aeternae,
2533 2661 2594 2735 his

566 2787 661 2865 hanc
678 2782 895 2857 doctrinam,
920 2798 1026 2868 quam
1042 2777 1119 2864 ipse
1135 2770 1249 2854 affert,
1275 2793 1350 2840 nun
1366 2791 1559 2856 congruere
1607 2791 1752 2860 prorsus
1780 2769 1892 2838 velata
1924 2783 1975 2838 est
2004 2768 2110 2839 facies
2133 2767 2249 2853 Masi,
2280 2780 2312 2839 ct
2344 2780 2526 2838 versantur
2553 2768 2598 2835 in

568 2915 648 2982 gum
672 2881 904 2978 opinionibus
925 2871 1103 2947 humanae
1123 2871 1333 2960 sapientiae,
1364 2894 1455 2964 quae
1481 2884 1558 2940 tan·
1607 2870 1829 2940 crassissimis
1843 2869 2000 2940 tenebris
2015 2883 2049 2940 et
2064 2872 2261 2950 erroribus,
2287 2893 2430 2963 prorsus
2444 2893 2523 2937 non
2540 2869 2599 2938 iu-

566 3009 643 3065 tum
665 2990 777 3076 legem
802 2983 921 3074 aliquo
948 2979 1054 3048 modo
1074 2973 1262 3064 intelligit,
1287 2984 1486 3043 nectamen
1504 2973 1559 3040 vi·
1606 2973 1769 3060 telligunt
1799 2995 1863 3043 nec
1892 2974 2048 3042 sentiunt
2076 2973 2148 3040 vim
2177 2971 2283 3060 legis,
2313 2973 2391 3041 sine
2407 2971 2599 3060 'agnitione

567 3100 628 3168 det
651 3115 688 3162 se
711 3112 789 3158 earn
814 3107 887 3154 non
913 3093 1107 3173 praestare,
1132 3078 1193 3145 sed
1217 3075 1263 3144 ab
1285 3097 1326 3144 ea
1347 3075 1504 3149 accusari
1524 3087 1559 3145 et
1608 3073 1799 3145 voluntatis
1822 3071 1906 3159 Dei,
1939 3074 2016 3143 sine
2039 3074 2275 3168 poenitentia,
2307 3073 2401 3144 caeci
2425 3087 2460 3143 et
2481 3073 2598 3142 securi

566 3192 730 3270 damnari
746 3210 869 3261 omues
886 3179 1064 3254 homines.
1113 3175 1192 3248 Hac
1207 3178 1314 3247 densa
1330 3175 1480 3266 caligine
1495 3177 1558 3246 de·
1607 3189 1718 3246 ruunt
1734 3175 1923 3244 'manifesto
1946 3188 2124 3247 contemtu
2140 3173 2231 3260 Dei,
2256 3187 2290 3245 et
2306 3171 2496 3268 impietate.
2548 3172 2607 3242 ln

566 3320 701 3372 mersos
722 3306 755 3362 ct
777 3291 926 3360 obrutus
948 3285 1015 3354 sub
1039 3283 1089 3350 ira
1101 3277 1190 3362 Dei,
1215 3293 1252 3350 et
1273 3291 1387 3349 morte
1404 3292 1558 3364 aeterna,
1607 3279 1686 3347 aliis
1708 3278 1940 3370 quibusdam,
1965 3278 2030 3346 etsi
2050 3278 2106 3346 lex
2128 3290 2264 3347 exercet
2280 3298 2378 3344 suam
2395 3275 2489 3362 vim,
2513 3299 2596 3346 cum

566 3403 756 3472 miseratur
786 3386 964 3468 Christus.
1031 3382 1115 3454 ldeo
1149 3375 1216 3450 has
1252 3374 1354 3449 voces
1385 3379 1556 3452 inculcat:
1606 3381 1760 3449 ostendit
1781 3391 1816 3448 et
1840 3377 1957 3467 arguit
1981 3393 2177 3470 peccatum,
2204 3391 2321 3448 tamen
2337 3371 2521 3448 lriretiarn
2538 3379 2600 3446 ni·

567 3501 645 3590 Ego
669 3520 747 3567 sum
771 3495 831 3564 lux
856 3489 1006 3569 mundi,
1032 3486 1095 3579 qui
1117 3484 1278 3575 sequitur
1293 3504 1368 3566 me,
1391 3506 1464 3551 non
1482 3506 1558 3553 am·
1608 3478 1659 3551 lril
1682 3482 1806 3567 elficit,
1834 3483 1904 3550 nisi
1921 3495 2073 3553 terrores
2088 3482 2160 3551 irae
2175 3477 2263 3570 Dei,
2288 3493 2322 3555 et
2339 3480 2468 3551 mortis
2483 3493 2600 3551 aereas

567 3601 709 3673 bulabit
738 3600 776 3664 in
807 3590 982 3681 tenebris,
1009 3601 1073 3656 etc.
1129 3582 1213 3653 Dixi
1242 3597 1360 3652 autem
1390 3607 1496 3673 supra
1519 3585 1556 3652 iu
1609 3606 1691 3655 nae:
1731 3606 1805 3652 non
1830 3584 2002 3665 ostendit,
2028 3584 2207 3676 quomodo
2233 3582 2396 3652 vincatur
2417 3584 2600 3655 dubitatio

567 3702 627 3787 his
649 3696 881 3771 concionibus
903 3714 981 3760 cum
999 3684 1163 3759 Christus
1186 3684 1428 3768 vocaturlur,
1452 3686 1558 3776 lunge
1608 3699 1813 3775 etpavores.
1863 3682 2027 3779 Denique
2040 3685 2070 3755 si
2084 3708 2158 3757 non
2173 3685 2307 3754 accedit
2321 3684 2390 3753 alia
2406 3686 2480 3775 lux,
2507 3708 2603 3779 quas

568 3801 720 3877 discerni
753 3794 850 3867 bunc
877 3817 897 3861 a
920 3788 1067 3884 reliquis
1089 3787 1294 3859 doctoribus
1318 3797 1354 3855 et
1374 3786 1558 3873 ministris,
1608 3799 1783 3857 monstrat
1806 3786 2070 3871 liberationem,
2103 3788 2297 3876 adiguntur
2321 3800 2457 3857 mentes
2471 3791 2516 3858 ad
2533 3791 2601 3857 de-

567 3924 609 3986 nt
634 3905 727 3975 clare
749 3900 788 3967 in
815 3900 847 3967 ι.
862 3917 938 3985 rap.
963 3891 1177 3961 discernitur
1192 3886 1371 3979 Baptistae
1389 3910 1522 3959 munus
1537 3913 1557 3959 a
1609 3889 1862 3981 sperationem,
1888 3902 1923 3960 et
1940 3902 2051 3961 ruunt
2065 3890 2105 3959 in
2121 3902 2300 3961 aeternam
2314 3901 2486 3976 mortem,
2511 3902 2579 3962 etr.

567 4028 719 4102 persona
742 4013 778 4070 et
798 3996 914 4067 officio
934 3990 1079 4064 Christi.
1137 3988 1276 4073 Moses,
1301 3987 1442 4071 Patres,
1467 3988 1556 4063 Pru-

568 4106 716 4199 phctae,
741 4096 924 4191 Apostoli,
949 4094 1015 4165 etsi
1037 4106 1120 4163 sunt
1140 4091 1326 4183 praecipua
1347 4092 1505 4163 membra
1523 4105 1558 4163 et
1709 4088 1814 4161 Hanc
1833 4091 2009 4161 miseriam
2033 4093 2171 4182 generis
2192 4086 2343 4162 humani
2365 4091 2462 4162 vider
2484 4106 2518 4163 eg
2540 4093 2601 4164 ιη.

565 4209 706 4283 lumina
737 4200 933 4287 Ecclesiae,
973 4210 1092 4269 tamen
1122 4206 1260 4263 tantum
1289 4205 1374 4264 sunt
1401 4194 1558 4265 ministri
1609 4194 1737 4283 telligit
1753 4187 1914 4264 Christus
1935 4194 2028 4267 filius
2047 4196 2128 4267 Dei,
2180 4190 2264 4264 Ideo
2289 4196 2333 4265 ab
2353 4194 2458 4265 initio
2482 4196 2603 4269 edidit

569 4309 751 4384 doctrinae
773 4300 953 4382 coelestis,
978 4320 1052 4366 non
1074 4294 1234 4365 efficiunt
1255 4294 1324 4385 ipsi
1347 4316 1477 4364 novam
1501 4298 1557 4365 lu·
1609 4296 1878 4387 promissionem
1894 4292 2099 4385 Evangelii,
2123 4297 2281 4386 ignotam
2295 4297 2445 4381 rationi,
2471 4308 2601 4370 eteam

569 4436 644 4484 cem
678 4423 712 4479 et
741 4404 848 4475 vitam
878 4403 916 4471 in
947 4398 1128 4469 mentibus
1152 4391 1322 4470 hominis.
1393 4393 1465 4467 Sed
1498 4391 1558 4468 hic
1609 4410 1728 4489 postea
1750 4396 1824 4487 ipse
1846 4418 1908 4467 sua
1927 4420 2013 4466 voce
2031 4399 2196 4481 tradidit,
2221 4411 2256 4468 et
2273 4399 2456 4469 mandavit
2471 4398 2510 4469 in
2525 4396 2603 4473 Ec-

568 4512 719 4587 Messias
749 4520 802 4578 est
830 4501 1070 4583 illuminator,
1103 4497 1165 4593 qui
1190 4522 1263 4569 non
1280 4497 1401 4590 solum
1424 4500 1557 4569 doctri·
1609 4500 1732 4581 clesia,
1764 4522 1862 4590 quae
1882 4502 1986 4568 docet
2014 4502 2279 4590 perterrefactos
2302 4499 2377 4588 lege
2400 4514 2603 4591 elegentes

568 4639 652 4684 nam
681 4611 781 4681 affert
805 4630 825 4677 a
847 4617 945 4697 patre
968 4600 1127 4685 coelesti,
1158 4600 1219 4671 sed
1241 4599 1347 4669 simul
1370 4611 1421 4669 est
1436 4601 1557 4671 efficax
1609 4600 1884 4694 poenitentiam,
1917 4601 2027 4691 recipi
2050 4622 2070 4669 a
2092 4598 2189 4685 Deo,
2223 4616 2258 4671 et
2277 4603 2447 4696 consequi
2471 4608 2604 4677 remis-

569 4720 610 4787 iu
634 4712 811 4783 mentibus
834 4729 977 4785 eorum,
1003 4702 1065 4795 qui
1089 4700 1330 4772 assentiuntur
1349 4696 1558 4792 Evangelio,
1609 4704 1744 4773 sionem
1773 4716 1996 4791 peccatorum
2025 4702 2114 4786 lide,
2149 4700 2289 4786 Gratis,
2321 4718 2468 4795 propter
2500 4701 2604 4781 hunc

569 4822 652 4889 dato
670 4812 807 4907 Spiritu
828 4820 967 4890 sancto,
992 4805 1185 4877 accendens
1210 4825 1338 4872 novam
1360 4804 1495 4889 lucem,
1518 4819 1558 4876 ut
1609 4806 1726 4895 ipsum
1750 4804 1862 4871 filium
1887 4801 1955 4873 Dei
1974 4804 2268 4894 propiciatorem,
2296 4818 2331 4875 et
2354 4799 2419 4874 lrae
2441 4806 2512 4879 fide
2534 4832 2604 4881 seu

570 4933 665 4991 certo
690 4926 883 4984 statuamus
906 4920 1050 4999 propter
1072 4907 1189 4995 ipsum
1211 4904 1316 4974 nobis
1341 4904 1472 4995 placari
1495 4928 1558 4995 pa·
1610 4904 1735 4975 fiducia
1753 4904 1816 4973 [ilii
1833 4903 1898 4974 Dei
1918 4905 2146 4995 pronunciari
2161 4906 2290 4985 iustos,
2318 4902 2472 4991 horat,
2498 4932 2604 4983 acce·

570 5035 679 5099 trem,
701 5030 735 5086 et
757 5036 823 5081 nos
846 5010 974 5101 recipi,
1008 5022 1042 5077 et
1064 5010 1152 5077 dans
1173 5028 1300 5073 novam
1323 5018 1358 5073 et
1380 5019 1556 5075 aeternam
1611 5021 1689 5099 ptos
1713 5020 1746 5075 et
1772 5006 1946 5097 placentes
1962 5008 2059 5091 Deo,
2087 5020 2120 5075 et
2144 5008 2217 5076 lieri
2243 5001 2411 5079 haeredes
2427 5010 2521 5080 vitae
2535 5038 2602 5085 ae·

569 5120 745 5191 iusticiam
769 5130 955 5202 etpacem.
1005 5108 1103 5182 Haec
1118 5111 1162 5177 de
1177 5106 1320 5177 nemine
1335 5105 1426 5190 alio,
1451 5131 1557 5198 quam
1610 5124 1748 5197 ternae,
1775 5122 1809 5177 ct
1833 5108 1976 5199 quidem
1997 5106 2193 5178 ministeriu
2218 5103 2461 5195 humerosis,
2487 5138 2602 5197 qnam

571 5228 616 5293 de
642 5222 715 5290 lilio
732 5216 798 5287 Dei
822 5213 891 5285 diri
913 5225 1078 5303 possunt,
1104 5234 1212 5303 qnare
1234 5208 1331 5277 solus
1347 5223 1438 5277 recte
1454 5233 1558 5278 voca·
1610 5211 1712 5279 iussit
1726 5208 1839 5299 spargi
1858 5207 2079 5289 inEcclesia,
2105 5210 2179 5301 ipse
2194 5225 2245 5281 est
2261 5210 2399 5297 efficax,
2422 5214 2505 5283 dato
2515 5216 2603 5309 Spi.

571 5340 631 5394 tur
649 5316 869 5395 luxmundi,
896 5310 963 5383 boc
979 5327 1047 5397 est,
1072 5337 1144 5381 non
1162 5326 1298 5381 tantum
1317 5309 1498 5392 minister,
1521 5325 1560 5381 ut
1610 5314 1680 5383 ritu
1709 5322 1849 5393 sancto,
1889 5310 1950 5402 qui
1980 5326 2095 5381 movet
2127 5314 2252 5397 corda,
2290 5326 2331 5381 ut
2359 5316 2603 5401 assentiantur

572 5425 654 5507 alii,
678 5437 711 5493 et
730 5443 774 5493 ne
797 5416 941 5511 quidem
964 5415 1088 5484 doctor
1110 5414 1215 5501 legis,
1241 5424 1281 5481 ut
1302 5408 1421 5479 Moses
1443 5425 1477 5481 et
1492 5410 1558 5483 Le·
1610 5410 1825 5497 Evangelio,
1858 5425 1892 5480 et
1914 5434 1994 5479 eum
2018 5412 2085 5479 fide
2110 5414 2289 5503 accipiunt
2312 5416 2601 5507 promissionem,

572 5528 687 5607 uitae,
731 5523 788 5589 sed
813 5519 873 5611 qui
899 5518 973 5606 ipse
996 5514 1101 5583 efficit
1123 5536 1252 5581 novam
1276 5513 1389 5581 lucem
1414 5524 1449 5582 et
1479 5536 1559 5605 per·
1611 5514 1795 5601 eriguntur
1822 5513 1928 5580 corda
1959 5525 1994 5582 et
2016 5513 2257 5599 vivificantur,
2296 5529 2336 5586 ut
2359 5517 2503 5589 vincant
2528 5537 2602 5595 ter.

572 5641 712 5721 petuam
727 5625 834 5690 vllam
851 5622 886 5687 ῑιι
903 5612 978 5697 his.
1002 5616 1064 5708 (ιυὶ
1081 5615 1240 5686 credunt·
1609 5635 1724 5696 rores,
1752 5636 1792 5681 ac
1809 5624 1963 5683 statuant
1979 5613 2099 5683 seiam
2118 5638 2198 5684 vere
2213 5629 2370 5707 receptos
2387 5642 2459 5687 esse
2474 5644 2493 5693 a
2506 5624 2601 5704 Deo.

598 5799 603 5813 ,
674 5722 728 5795 De
744 5718 811 5789 hoc
828 5720 953 5787 effectu
970 5715 1149 5809 loquitur,
1175 5736 1255 5783 curn
1270 5713 1385 5805 addit:
1413 5711 1489 5803 Qui
1506 5735 1561 5783 se·
1609 5712 1729 5802 Quare
1746 5712 1901 5803 Spiritus
1915 5728 2056 5786 sauctus
2070 5716 2139 5785 iarn
2154 5717 2312 5789 efficitin
2328 5720 2377 5789 eis
2392 5744 2506 5797 novos
2521 5752 2601 5799 mo.

574 5828 697 5923 quitur
714 5845 789 5906 me,
818 5844 892 5889 non
908 5816 1104 5894 ambulabit
1119 5816 1156 5889 in
1176 5816 1349 5901 tenebris,
1372 5816 1432 5887 sed
1450 5811 1560 5887 habe-
1609 5830 1686 5898 tus,
1720 5814 1784 5909 qui
1811 5829 1896 5886 aunt
1923 5816 2077 5889 incoatis,
2106 5842 2220 5891 novae
2244 5833 2282 5893 22
2305 5834 2467 5897 actm„
2491 5831 2601 5911 vim·
