5825 6950
324 690 394 775 ns
507 689 613 772 rut.
663 691 700 766 e
726 683 1106 775 commentarit
1131 686 1186 766 ur
1209 685 1368 766 uersu.
1391 679 1543 764 esunt
1570 679 1930 767 annonarios
1979 687 2086 774 car.
2113 691 2159 774 v.
2275 645 2352 782 sss

411 857 559 937 Relutat
588 877 626 938 et
665 862 875 956 opinionem
919 857 1202 948 monachorum,
1242 860 1313 957 qni.
1357 861 1443 933 dere
1464 874 1626 942 conatur.
1692 857 1777 932 ldeo
1801 873 1835 942 et
1860 859 2119 958 Anabaptistae
2145 867 2350 962 vituperant

321 963 450 1038 etiamsi
471 965 597 1043 dieunt
609 959 794 1040 Christum
810 991 885 1039 esse
908 965 1160 1052 mediatorem,
1184 979 1306 1038 tamen
1358 961 1557 1035 doctrinam
1582 962 1685 1048 tidei,
1711 977 1746 1036 et
1770 964 1895 1040 dicunt
1918 967 2007 1040 alias
2025 971 2192 1046 coelestes
2213 975 2351 1050 illumi·

321 1092 391 1140 non
405 1067 532 1143 dicunt
546 1070 593 1142 de
614 1069 705 1154 lide,
729 1093 801 1163 qua
821 1083 962 1162 oportet
983 1061 1205 1161 apprehendi
1229 1091 1309 1138 me·
1357 1066 1521 1154 nationes
1535 1067 1752 1160 quaerendas
1769 1089 1855 1144 esse.
1904 1065 1955 1144 Et
1969 1074 2152 1162 suntalii,
2174 1077 2238 1173 qui
2250 1100 2350 1153 som-

323 1169 493 1242 diatorem
512 1170 553 1244 in
582 1170 792 1243 remissione
822 1186 1064 1265 peccatorum:
1089 1184 1228 1242 tanturn
1251 1169 1309 1240 di·
1358 1167 1460 1240 niant
1480 1191 1517 1240 se
1539 1169 1611 1238 iam
1633 1162 1765 1240 habere
1787 1169 1956 1262 gloriam,
1990 1175 2027 1245 id
2052 1190 2125 1264 est,
2156 1179 2347 1272 pmiectarn

321 1285 401 1344 cunt
423 1287 565 1366 penem
590 1273 725 1346 remitti
756 1288 902 1368 propter
931 1271 1211 1356 contritionem,
1251 1271 1310 1342 rel
1356 1269 1617 1352 obedientiam,
1649 1285 1685 1344 et
1711 1270 1851 1364 placere
1871 1268 1965 1362 Deo,
2002 1292 2219 1372 propterea,
2260 1283 2346 1380 qnia

319 1374 385 1446 alia
405 1397 536 1470 opera,
567 1400 644 1448 non
662 1375 793 1449 docent
816 1378 886 1449 lide
909 1399 1000 1470 opus
1024 1397 1117 1464 esse,
1150 1370 1220 1445 hoc
1242 1388 1308 1460 est,
1356 1373 1426 1465 legi
1441 1371 1678 1460 satisfaciant,
1702 1385 1738 1446 et
1757 1373 1831 1448 sint
1844 1375 1921 1447 sine
1937 1393 2092 1471 peccato.

318 1475 461 1566 fiducia,
491 1501 582 1573 qnae
603 1491 735 1552 statuat
763 1493 908 1576 propter
929 1473 1110 1552 Christum
1133 1474 1307 1549 mediato·
1459 1469 1628 1548 Occurrit
1650 1474 1759 1566 igitur
1781 1474 1915 1550 Paulus
1934 1481 2116 1576 utrisque,
2138 1485 2346 1562 consoletur

318 1602 391 1650 rem
423 1577 530 1652 nohis
563 1580 699 1653 remitti
726 1598 865 1678 peccata
891 1579 1011 1676 gratis.
1045 1576 1169 1654 'Sicut
1200 1602 1307 1674 supra
1356 1591 1516 1661 sanctos,
1558 1578 1620 1672 qui
1653 1592 1848 1670 agnoscunt
1877 1602 1976 1654 susm
2006 1582 2275 1677 infirmitatem,
2309 1603 2347 1664 et

315 1680 420 1753 dixit:
455 1679 573 1772 Quem
588 1687 707 1776 posuit
728 1683 1002 1780 propiciatorem
1026 1703 1091 1773 per
1112 1680 1236 1768 fidem,
1267 1695 1307 1753 ut
1357 1681 1457 1756 iubet
1471 1703 1532 1752 eos
1544 1680 1710 1772 gloriari,
1735 1682 1796 1754 sed
1810 1705 1890 1775 spe,
1918 1697 1955 1756 et
1975 1697 2130 1758 statuere
2157 1693 2254 1786 quod
2276 1685 2345 1764 ba·
2422 1693 2427 1704 '

313 1781 466 1854 uiamns
500 1781 573 1858 fide
612 1785 785 1880 applicari
829 1788 937 1858 nohis
975 1781 1186 1858 beneficium
1231 1807 1308 1854 tne-
1356 1784 1463 1856 beant
1474 1783 1646 1876 gloriam,
1673 1783 1710 1854 id
1729 1800 1792 1870 est,
1816 1783 2011 1860 novitatem
2036 1801 2072 1862 et
2095 1790 2205 1862 vitant
2230 1806 2344 1868 aeter-

314 1883 474 1960 diatoris.
1240 1916 1246 1933 ·
1356 1908 1457 1969 nam,
1483 1908 1574 1982 quae
1595 1884 1731 1958 etiamsi
1756 1889 1918 1960 nondum
1942 1889 2096 1964 revelata
2116 1906 2186 1980 est,
2224 1905 2344 1970 tamen

409 1981 534 2076 Quare
553 1981 614 2060 hic
639 1987 738 2063 lorus
763 1989 1008 2063 observandus
1030 2003 1104 2078 est,
1128 2000 1171 2061 ut
1192 2011 1308 2082 oppo-
1356 1986 1462 2066 nobis
1483 2001 1578 2062 certa
1603 2001 1668 2064 est.
1720 1985 1842 2080 Quare
1865 1990 2103 2066 eonscientiae
2127 1995 2263 2072 debent
2282 2021 2345 2072 ac·

312 2101 420 2160 natur
436 2083 667 2186 hypocriticis
687 2093 940 2186 opinionibus,
965 2115 1076 2190 quae,
1089 2114 1305 2188 ⁸quanquam
1354 2089 1554 2185 quiescere,
1580 2112 1654 2162 non
1668 2091 1833 2165 dubitare
1848 2115 1889 2164 ac
1906 2092 2104 2192 desperare,
2124 2097 2263 2170 etiamsi
2278 2101 2345 2174 ad-

310 2191 347 2262 in
371 2191 528 2284 speciem
558 2194 687 2268 dicunt
709 2199 754 2268 de
773 2196 987 2284 mediatore,
1024 2208 1144 2266 tamen
1166 2217 1206 2264 re
1229 2192 1305 2284 ipsa
1353 2185 1425 2266 huc
1438 2191 1597 2266 sentiunt
1620 2193 1879 2268 infirmitatem:
1904 2197 1965 2268 scd
1987 2196 2087 2270 iubet
2107 2221 2168 2291 spe
2183 2201 2344 2292 gloriari,

308 2293 447 2366 tollunt
468 2294 719 2384 mediatorem,
739 2298 823 2393 qnia
838 2322 914 2368 non
929 2299 1059 2368 docent
1076 2298 1120 2369 de
1142 2289 1209 2367 hac
1224 2295 1306 2376 lide,
1353 2295 1392 2368 id
1414 2308 1487 2387 est,
1521 2317 1596 2368 non
1620 2296 1752 2370 debent
1772 2297 1924 2382 sentire,
1963 2302 2060 2394 quod
2092 2295 2247 2378 babeant
2271 2302 2344 2376 iam

309 2420 399 2492 qttae
425 2409 480 2469 est
502 2397 631 2470 fiducia
658 2399 843 2495 applicans
866 2400 972 2473 nohis
994 2397 1204 2470 beneficium
1228 2419 1304 2467 me·
1354 2397 1543 2490 perfectam
1564 2397 1778 2485 novitatem,
1811 2423 1876 2472 nec
1898 2399 2027 2473 debent
2050 2403 2137 2476 alias
2158 2405 2345 2478 illumina·

314 2499 484 2586 diatoris,
518 2521 580 2572 seu
615 2527 706 2596 quae
729 2503 858 2576 nititur
880 2501 1095 2589 mediatore,
1127 2511 1163 2570 et
1183 2497 1306 2571 statuit
1352 2500 1468 2572 tiones
1480 2523 1661 2595 quaerere,
1685 2502 1745 2572 sed
1762 2502 1924 2574 resistere
1937 2503 1976 2574 in
1989 2504 2113 2593 verbo,
2129 2519 2163 2581 et
2176 2519 2343 2600 statuere,

316 2617 458 2696 propter
473 2600 590 2694 ipsum
608 2604 713 2676 nohis
728 2602 838 2696 gratis
854 2603 988 2677 remitti
1005 2616 1145 2698 peccata
1162 2615 1227 2677 etc.
1353 2604 1450 2697 quod
1475 2602 1545 2674 lide
1567 2603 1730 2702 placeant
1760 2618 1906 2698 propter
1931 2597 2139 2696 Christum,
2181 2625 2217 2684 et
2244 2611 2344 2706 quod

412 2701 534 2777 Nono.
588 2703 719 2778 lterum
741 2703 810 2780 hoc
834 2708 913 2781 loco
936 2704 1181 2784 testimonium
1198 2711 1305 2791 extat,
1352 2701 1439 2777 haec
1461 2703 1602 2778 novitas
1628 2707 1790 2777 nondum
1817 2707 1864 2780 sit
1890 2709 2062 2802 perlecta,
2097 2713 2196 2808 quod
2223 2708 2343 2786 adhuc

308 2806 407 2900 quod
442 2806 530 2876 tides
567 2806 744 2900 significet
780 2809 948 2882 fiduciam
980 2807 1205 2894 mediatoris,
1242 2828 1305 2877 seu
1352 2801 1474 2878 hereat
1490 2805 1529 2877 in
1544 2805 1649 2880 nobis
1664 2821 1856 2902 peccatum.

306 2907 506 2990 fiduciam,
541 2934 632 3006 quae
665 2905 901 3005 apprehendit
933 2912 1102 3004 gratiam,
1139 2904 1208 2980 hoc
1242 2919 1306 2996 est,
1442 2904 1510 2982 tin
1525 2931 1607 3002 ergo
1623 2909 1815 2981 sententia:
1833 2909 1984 2985 Etiamsi
1998 2913 2156 2987 mundus
2170 2928 2205 2990 et
2219 2927 2343 2991 nostre

304 3009 614 3096 misericordiam,
647 3015 731 3108 quia
755 3014 890 3112 inquit:
930 3013 1020 3086 Fide
1044 3007 1218 3084 habemus
1243 3032 1303 3081 ac·
1352 3003 1445 3084 talio
1467 3009 1628 3084 indicant
1651 3033 1719 3084 nos
1740 3035 1816 3084 non
1847 3006 1978 3088 habere
2007 3014 2178 3107 gloriam,
2217 3019 2343 3107 idest,
2459 3061 2462 3068 ‚

305 3135 451 3182 cessum
473 3113 512 3182 in
532 3107 625 3186 hanc
644 3117 807 3207 gratiam.
858 3113 957 3188 llaec
978 3140 1053 3187 nnn
1076 3126 1227 3207 possunt
1247 3111 1304 3181 in·
1353 3114 1602 3188 liberationem
1631 3137 1652 3184 a
1678 3126 1819 3207 peccato
1850 3128 1926 3190 eta
1955 3133 2090 3205 morte,
2131 3131 2252 3190 tamen
2275 3139 2343 3194 nos

307 3215 428 3306 telligi
448 3215 493 3286 de
510 3218 642 3288 noticia
664 3211 852 3306 historiae,
875 3222 936 3290 sed
958 3220 1003 3291 de
1026 3217 1155 3288 fiducia
1178 3237 1305 3308 appre-
1353 3215 1571 3310 gloriamur,
1593 3217 1723 3304 idest,
1755 3216 1920 3292 ducimus
1945 3243 2012 3293 nos
2036 3215 2168 3292 habere
2191 3222 2343 3314 gloriam

305 3313 494 3388 hendente
513 3319 683 3410 gratiam,
717 3321 855 3404 idest,
896 3321 1084 3414 gratuitam
1105 3317 1305 3388 misericor·
1354 3319 1472 3402 illam,
1500 3341 1570 3414 qus
1590 3316 1687 3390 Deus
1711 3342 1777 3393 nos
1799 3320 2030 3412 glorificabit,
2070 3324 2131 3395 sed
2155 3337 2343 3418 speratam.

306 3420 428 3506 diam,
450 3421 633 3509 videlicet,
659 3422 909 3496 remissionem
926 3435 1171 3516 peccatorum,
1190 3419 1306 3494 etim-
1354 3419 1426 3517 Spe
1449 3416 1568 3495 adhuc
1589 3421 1776 3508 tenemus,
1815 3425 1874 3496 sed
1896 3437 2016 3498 tamen
2038 3420 2125 3499 haee
2146 3447 2226 3519 spes
2246 3437 2343 3501 certa

305 3522 533 3614 potationem
548 3525 720 3604 iusticiae.
770 3524 869 3600 llaec
887 3529 983 3599 enim
1000 3524 1145 3622 proprie
1170 3520 1306 3616 signifi-
1355 3540 1426 3607 est,
1450 3548 1527 3597 nun
1540 3524 1645 3598 fallit.
1695 3522 1754 3596 Ad
1778 3526 1930 3599 eundern
1951 3532 2099 3601 modum
2116 3529 2277 3623 loquitur
2295 3528 2344 3603 ad

307 3640 367 3697 cat
382 3620 454 3698 boc
476 3626 555 3699 loco
577 3629 702 3719 gratia
1355 3624 1520 3701 Galatas:
1554 3626 1628 3699 Nos
1649 3626 1778 3721 spiritu
1799 3652 1839 3699 ex
1860 3630 1929 3701 lide
1949 3654 2046 3727 spem
2062 3630 2222 3705 iusticiae
2236 3652 2345 3727 espe-

462 3788 687 3869 ffloremvr
705 3794 776 3871 sut
797 3818 861 3897 oe
883 3792 1036 3895 ,mn
1058 3789 1148 3870 Μ
1356 3725 2344 3929 ‘tttassltlal‘ti:tlttitttllttt‘t²²:

414 3930 458 4007 ln
479 3934 620 4028 epilogo
644 3936 811 4031 repetivit
833 3934 1064 4029 principalem
1091 3930 1306 4028 propositio·
1355 3950 1475 4013 tatem.
1534 3934 1586 4007 lta
1611 3931 1669 4006 hic
1689 3935 1810 4021 ducet,
1835 3939 1930 4031 quod
1953 3939 2066 4011 sancti
2088 3939 2251 4011 noudum
2276 3932 2343 4011 ba·

314 4059 397 4109 nem
412 4037 460 4107 de
471 4038 742 4127 iustificatione,
774 4052 809 4113 et
824 4037 1030 4123 admonuit,
1062 4032 1190 4127 Quod,
1216 4036 1306 4107 sicut
1356 4038 1464 4111 beant
1478 4038 1667 4131 perfectam
1682 4036 1894 4127 novitatem,
1919 4052 1954 4111 et
1976 4054 2096 4113 tamen
2111 4041 2256 4112 interim
2272 4039 2344 4113 dde

311 4138 378 4210 tide
392 4138 648 4227 iustihcamnr,
675 4140 724 4214 its
746 4139 915 4235 deinceps
936 4140 1049 4211 sancti
1068 4150 1221 4210 statuere
1242 4139 1306 4208 de-
1355 4142 1535 4234 placeant,
1558 4154 1593 4212 et
1608 4162 1669 4233 spe
1684 4138 1895 4231 glorientur,
1919 4142 2037 4231 idest,
2061 4166 2122 4236 spe
2141 4141 2344 4236 possideant

310 4242 440 4329 beant,
466 4266 503 4313 se
523 4244 593 4315 lide
614 4245 726 4316 iustos
739 4266 832 4332 esse,
865 4266 940 4315 non
960 4255 1108 4339 propter
1121 4240 1305 4335 propriam
1355 4266 1486 4315 novam
1501 4256 1684 4327 naturam,
1704 4255 1885 4319 aeternam
1902 4244 2031 4329 vitam,
2052 4268 2185 4318 novam
2201 4244 2342 4341 sapien·

306 4346 535 4437 dignitatern.
1354 4348 1459 4434 tiam,
1485 4368 1615 4417 novam
1631 4342 1820 4420 iusticiam.

414 4446 492 4519 lam
522 4460 662 4543 poterat
690 4446 928 4539 interrogari,
970 4445 1088 4541 qualis
1114 4444 1228 4537 igitur
1253 4456 1305 4515 est

300 4550 374 4623 ista
391 4549 536 4623 iusticia
550 4566 586 4625 et
601 4552 767 4623 liberatio
783 4564 961 4644 apeccato
974 4564 1045 4623 eta
1063 4564 1197 4635 morte,
1223 4569 1305 4617 curn

298 4650 433 4726 adhuc
457 4648 601 4726 haereat
625 4654 666 4724 in
689 4652 796 4725 nobis
819 4666 1019 4746 peccatum,
1043 4664 1079 4722 et
1101 4650 1212 4722 simus
1237 4648 1305 4720 ob·
1456 4646 1571 4721 Addit
1604 4646 1874 4719 correctionem·
1935 4644 2012 4717 imo
2045 4646 2160 4740 reipsa
2192 4646 2342 4739 gloriam

297 4756 417 4829 noxii
432 4756 555 4844 morti,
584 4757 662 4829 imo
674 4758 787 4837 simus
803 4755 962 4849 oppressi
976 4753 1146 4829 omnibus
1160 4750 1305 4823 calami·
1355 4748 1546 4838 habemns,
1578 4774 1654 4821 non
1680 4761 1819 4821 tantum
1852 4760 2046 4840 speratam,
2084 4750 2145 4821 sed
2175 4772 2343 4843 praeseu-

298 4858 477 4933 tatibus?
517 4856 615 4949 Quid
631 4874 716 4935 sunt
730 4858 910 4933 consecuti
926 4858 1110 4929 credentes
1125 4878 1210 4950 prae
1226 4853 1307 4927 aliis
1355 4870 1439 4932 tem.
1491 4852 1594 4944 Quae
1609 4866 1661 4926 est
1676 4850 1763 4923 illa?
1788 4850 2024 4925 Afflictioues.

296 4958 555 5037 horninibus?
599 4961 699 5036 Sicut
725 4961 833 5037 multi
858 4961 1064 5033 deriserunt
1084 4954 1307 5043 Christianos
1457 4954 1561 5029 Hanc
1576 4952 1807 5029 necessariam
1829 4952 2107 5025 consolationem
2122 4952 2272 5049 opponit
2287 4952 2346 5026 iu·

295 5065 564 5163 praedicantes
591 5064 841 5137 liberationem
862 5088 885 5134 a
905 5074 1048 5155 peccato
1076 5074 1113 5132 et
1132 5086 1155 5133 a
1182 5074 1309 5144 morte,
1357 5060 1462 5133 ditiis
1484 5059 1612 5131 mundi
1635 5070 1669 5129 et
1694 5055 1856 5130 rationis.
1906 5050 2069 5127 Mundus
2097 5057 2195 5129 ridet
2210 5074 2276 5129 nos
2289 5056 2345 5127 ai·

293 5193 398 5243 cnm
430 5167 574 5241 nullum
601 5188 714 5259 genus
747 5163 937 5240 hominum
974 5164 1022 5239 sit
1055 5161 1306 5235 calamitosius.
1356 5164 1453 5256 fligi,
1489 5162 1586 5233 velut
1618 5162 1775 5231 desertos
1808 5174 1842 5233 et
1871 5159 2059 5230 reiectosa
2083 5152 2187 5245 Deo,
2219 5172 2255 5230 et
2276 5151 2347 5228 boc

293 5274 396 5345 lmo
420 5284 458 5341 et
478 5284 684 5343 sanctorum
706 5268 970 5350 conscientiae,
1005 5290 1089 5339 cuns
1112 5280 1309 5357 agnoscunt
1357 5263 1524 5339 scandalo
1539 5266 1739 5336 deterretur
1750 5262 1797 5333 ab
1809 5258 2019 5352 Evangelio.
2059 5257 2149 5333 ltem
2165 5258 2258 5332 ratio
2271 5258 2348 5352 ipsa

291 5397 420 5451 suam
436 5372 697 5458 infirmitatem,
721 5372 865 5459 dolent,
888 5384 925 5444 et
941 5370 1125 5443 luctantur
1142 5390 1224 5439 cum
1241 5370 1310 5437 du·
1358 5368 1554 5441 secundnm
1582 5366 1696 5457 legem
1719 5361 1875 5456 indicat,
1910 5361 2121 5435 afflictiones
2144 5384 2218 5433 esse
2238 5362 2348 5433 male-

288 5475 515 5563 bitstione,
547 5476 790 5569 disputsntes,
816 5472 879 5547 An
902 5468 981 5545 Deo
1002 5472 1189 5566 placeant,
1228 5490 1311 5541 cum
1360 5465 1554 5555 dictiones,
1587 5468 1718 5553 idest,
1758 5488 1815 5539 res
1839 5464 1953 5539 malas
1978 5480 2014 5537 et
2042 5464 2143 5555 signa
2165 5464 2239 5536 irae
2260 5460 2347 5535 Dei.

290 5582 410 5657 adeo
437 5577 511 5649 sint
532 5577 682 5666 infirmi.
744 5574 821 5649 Nec
840 5589 894 5649 est
914 5574 1004 5645 levis
1026 5573 1199 5661 tentatio,
1226 5571 1312 5667 quia
1360 5570 1494 5646 Paulus
1519 5582 1662 5645 econtra
1682 5569 1786 5642 docet
1805 5591 1873 5641 nos
1894 5573 1938 5640 de
1954 5566 2227 5651 afflictionibus,
2251 5562 2349 5659 quod

288 5706 399 5757 curra
426 5680 515 5751 lides
534 5704 577 5753 ea
600 5682 710 5757 serbo
739 5680 866 5753 debeat
895 5679 1070 5769 pendere,
1100 5690 1136 5748 et
1159 5688 1314 5747 statuere
1361 5698 1435 5747 non
1454 5674 1528 5747 sint
1541 5672 1819 5759 maledictiones,
1832 5672 1893 5743 sed
1909 5671 1981 5743 sint
1998 5668 2103 5742 nobis
2116 5666 2301 5759 gloriosse,
2313 5663 2353 5734 id

287 5784 417 5883 qnod
441 5778 541 5857 Deus
561 5798 659 5859 certo
678 5782 861 5876 propicius
881 5781 929 5853 sit
953 5792 1098 5873 propter
1121 5772 1315 5865 Christum,
1363 5790 1434 5862 est,
1459 5777 1557 5871 quod
1576 5798 1649 5847 non
1666 5774 1739 5849 sint
1752 5774 1852 5867 signa
1867 5774 1941 5847 irae
1957 5770 2047 5861 Dei,
2079 5770 2139 5843 sed
2163 5767 2263 5861 signa
2284 5766 2353 5841 bo·

290 5900 445 5963 nostra
467 5884 657 5963 infirmitas
678 5880 749 5959 hoc
769 5883 886 5961 oculis
904 5895 941 5957 et
960 5903 1068 5955 sensu
1082 5874 1316 5975 comprehen-
1363 5902 1431 5953 nae
1443 5878 1637 5955 voluntatis
1652 5874 1731 5953 uei.
1844 5970 1928 6055 w

1420 4504 1500 4587 Nec
1515 4502 1559 4581 id
1570 4506 1711 4593 solum,
1738 4508 1973 4583 verumetiam
1985 4507 2274 4607 gloriamurstc.
