5825 6950
555 638 634 719 969
1183 628 1313 713 PlllL.
1338 628 1457 720 Mat,
1479 628 1692 731 scutata
1717 626 2020 724 multatos„
2077 718 2082 725 ,
2140 716 2146 725 ‚
2501 636 2564 713 stt

665 808 814 885 Necesse
829 822 881 884 est
896 809 989 881 lerre
1004 807 1135 879 multas
1149 826 1357 889 aerumnas,
1612 809 1650 881 in
1675 822 1789 883 morte
1810 820 1936 879 contra
1951 801 2152 889 Neronem,
2176 826 2318 878 necessa
2339 814 2391 877 est
2405 817 2512 897 postea
2523 835 2567 879 re.

668 912 764 1006 Ergo
786 913 955 1005 patientia
979 926 1099 983 nostra
1126 926 1177 980 est
1193 913 1360 980 meritum
1386 908 1480 979 vitae
1502 934 1561 978 ac·
1612 927 1704 985 stare
1739 910 1934 996 iudicium,
1968 910 2007 981 in
2040 932 2113 1003 qno
2147 910 2310 984 ostendet
2340 930 2376 978 se
2400 910 2570 1001 adprobare

566 1037 697 1093 ternae.
757 1014 918 1088 Debetur
939 1016 1035 1085 euim
1065 1011 1268 1084 obedientie
1296 1026 1440 1105 propter
1463 1013 1563 1081 ordi·
1611 1014 1784 1100 Paulum,
1812 1012 2093 1085 nouNeronem.

570 1146 651 1193 nem
677 1148 696 1189 a
718 1116 794 1190 Deo
812 1120 1006 1203 sancitum,
1038 1116 1216 1209 nunquia
1241 1114 1288 1185 sit
1311 1115 1481 1206 pretium:
1510 1111 1564 1185 Ac
1716 1117 1895 1216 Septima,
1922 1109 2075 1209 Oportet
2091 1136 2156 1183 nos
2180 1109 2313 1185 similes
2336 1108 2407 1179 beri
2432 1110 2572 1203 imaginis

570 1229 753 1296 donantur
776 1221 931 1291 credenti
956 1219 1117 1289 remissio
1137 1231 1380 1309 peccatorum,
1408 1214 1563 1305 Spiritus
1590 1285 1594 1328 Ι
1614 1220 1679 1291 lilii
1693 1217 1774 1295 Dei.
1825 1216 1913 1289 Erat
1937 1219 2145 1289 ordinatum
2168 1214 2337 1308 quiddam
2360 1224 2392 1281 et
2415 1215 2574 1304 sapientia,

574 1341 735 1408 ananelus,
749 1335 785 1395 el
801 1319 1000 1395 lttttt'etlllaa
1017 1320 1109 1389 vittae
1125 1333 1307 1404 aeternae,
1324 1316 1445 1389 Grttlls
1457 1373 1468 1404 ,
1481 1343 1564 1410 pro·
1590 1359 1594 1425 ξ
1615 1324 1644 1393 si
1662 1318 1825 1393 homines
1842 1346 1914 1390 nnn
1932 1333 2047 1394 essem
2064 1318 2173 1410 lapsi,
2200 1317 2318 1391 vivere
2337 1336 2394 1384 ens
2411 1314 2482 1383 sine
2496 1343 2575 1389 rung.

567 1426 798 1521 pterblium.
1463 1452 1472 1473 ·
1590 1434 1595 1522 ι
1622 1425 1801 1493 teetsine
1824 1422 1988 1496 miseriis.
2022 1420 2128 1491 Nunc
2152 1419 2222 1490 alia
2239 1416 2410 1506 sapientia
2425 1429 2490 1502 est,
2514 1422 2576 1492 vult
2603 1411 2604 1452 ¹

676 1526 747 1597 Hic
777 1547 899 1597 rursus
932 1522 1205 1594 considerentur
1233 1546 1374 1607 causae,
1422 1536 1567 1613 propter
1591 1525 1595 1575 ἲ
1619 1528 1717 1599 Dens
1739 1549 1806 1595 nos
1833 1547 2023 1615 agnoscere
2046 1523 2163 1614 ipsum
2192 1544 2265 1591 csse
2288 1517 2439 1605 iustum,
2474 1535 2505 1591 et
2526 1544 2577 1593 nos

576 1654 664 1725 quas
684 1628 778 1699 Deos
798 1629 874 1698 vult
893 1623 1083 1697 Ecclesiam
1102 1627 1139 1695 in
1155 1621 1221 1696 hac
1238 1625 1380 1694 mortali
1396 1626 1467 1693 vita
1483 1624 1571 1693 suls·⁸
1620 1651 1753 1698 mersos
1778 1628 1815 1696 in
1848 1640 2050 1717 peccatum,
2092 1620 2277 1695 humiliter
2307 1619 2409 1691 satori
2438 1645 2499 1689 nos
2522 1647 2578 1693 esse

577 1734 702 1802 iectam
731 1752 804 1801 esse
826 1727 942 1811 cruci,
962 1723 1026 1797 has
1048 1751 1152 1821 saepe
1170 1728 1376 1799 recitamus:
1403 1728 1484 1797 ideo
1509 1721 1568 1795 hic
1619 1754 1717 1815 reos,
1753 1743 1787 1799 et
1806 1728 1896 1799 iuste
1919 1728 2092 1799 sustinere
2118 1723 2393 1802 destructionem
2420 1715 2521 1809 basius
2532 1728 2580 1795 de-

578 1833 735 1904 breviter
749 1854 809 1900 eas
825 1832 1016 1903 annotabo.

680 1933 798 2003 Prima
818 1946 888 2012 est,
908 1931 991 2023 quia
1009 1944 1126 2001 manet
1144 1943 1323 2020 peccatum
1350 1924 1479 2026 inuhac
1500 1928 1568 1995 mi-

576 2060 653 2107 sera
688 2048 814 2106 natura
849 2032 955 2102 etiam
988 2046 1069 2126 post
1096 2036 1391 2117 couversionem,
1425 2044 1569 2102 manent

578 2138 689 2231 igitur
708 2158 803 2206 mors
822 2148 855 2205 et
870 2135 959 2202 aliae
975 2135 1202 2207 calamitates.

681 2238 847 2311 Secunda
875 2252 1071 2327 causaest,
1111 2234 1257 2307 Diaboli
1287 2233 1463 2304 rabiosius
1494 2256 1571 2303 sae·

580 2332 1570 2433 viuntinEcclesiam,quaminalioahomines,Gene.d.:

577 2443 713 2514 Ponam
733 2440 936 2509 iuimicitias
950 2456 1014 2511 etc.

681 2542 829 2627 Tertia,
859 2540 975 2613 Habet
998 2539 1153 2612 Ecclesia
1177 2540 1290 2610 multa
1314 2538 1465 2612 actualia
1488 2562 1570 2631 pec·

583 2658 680 2727 cata,
702 2656 744 2714 ut
765 2640 907 2728 Aaron,
936 2643 1075 2727 David,
1109 2638 1293 2726 Manasse,
1319 2656 1353 2713 et
1374 2640 1436 2713 alii
1457 2641 1572 2733 plori-

582 2747 644 2821 mi.
696 2744 906 2839 Sequuntur
920 2768 1002 2833 ergo
1019 2767 1172 2835 poenae,
1198 2743 1281 2835 quia
1298 2742 1396 2814 Deus
1414 2743 1519 2814 etiam
1536 2744 1573 2810 in

580 2843 648 2918 hac
675 2847 749 2917 vita
767 2846 844 2914 vult
860 2848 1017 2937 conspici
1041 2846 1198 2936 exempla
1220 2846 1344 2915 iudicii
1368 2845 1443 2928 sui,
1478 2846 1574 2913 iuxta

583 2950 739 3019 dictum:
775 2946 926 3038 Propter
948 2948 1152 3041 iniquitates
1177 2947 1328 3039 corripis
1348 2947 1441 3017 filios
1457 2941 1574 3016 homi-

584 3073 683 3122 num.
735 3045 825 3118 Vult
839 3049 922 3119 item
940 3074 1008 3119 nos
1025 3062 1169 3139 propter
1186 3044 1249 3119 has
1263 3071 1394 3140 poenas
1410 3072 1576 3119 revocare

583 3155 629 3223 ad
645 3150 926 3238 conversionem,
945 3145 1257 3225 l.Corinthiorum
1275 3152 1347 3222 tt:
1376 3151 1468 3224 Cum
1481 3150 1577 3221 iudi-

583 3276 724 3338 camur,
739 3276 759 3321 a
774 3252 931 3324 Domino
944 3252 1179 3345 corripimur,
1195 3276 1240 3323 ne
1256 3276 1336 3323 cum
1354 3251 1422 3325 hoc
1440 3256 1576 3324 mundo

583 3359 817 3426 damnemur.

685 3453 819 3526 Psalm.
840 3454 940 3529 tta:
971 3449 1114 3526 Bonum
1138 3451 1352 3552 mihijquod
1380 3452 1578 3531 humiliasti

584 3581 662 3644 me,
689 3570 730 3628 ut
747 3558 878 3630 discam
895 3557 1159 3628 iustificationes
1180 3573 1269 3632 tuas.

685 3654 813 3730 Esaiae
827 3659 908 3734 28.:
936 3657 1086 3729 Venatio
1105 3661 1166 3733 dat
1179 3660 1410 3734 intellectum.

688 3759 846 3849 Quarta,
876 3759 993 3832 Etiam
1026 3762 1138 3832 sancti
1154 3763 1280 3837 fierent
1305 3766 1578 3856 negligentiores

588 3876 623 3935 et
641 3864 804 3953 superbi,
829 3863 861 3934 si
883 3887 957 3933 non
971 3877 1217 3936 exercerentur
1239 3890 1358 3937 cruce:
1385 3869 1467 3939 ideo
1484 3868 1579 3940 Pan-

587 3967 644 4036 lus
667 3965 803 4058 inquit,
828 3969 866 4040 2.
882 3961 1048 4038 Corinth.
1072 3968 1121 4039 l.:
1148 3964 1375 4060 Responsum
1392 3973 1518 4042 mortis
1540 3975 1578 4042 in

588 4066 693 4136 nobis
708 4063 917 4150 babuimus,
943 4081 985 4138 ut
999 4091 1074 4138 non
1088 4069 1200 4140 simus
1215 4071 1431 4144 confidentes
1450 4075 1489 4143 in
1513 4099 1579 4145 no-

589 4167 761 4258 bisipsis.

692 4267 850 4358 Quinta,
880 4265 977 4342 Sinit
1003 4268 1102 4343 Deus
1134 4272 1293 4344 accidere
1323 4274 1581 4350 inextricabilia

388 4387 393 4396 ’
489 4405 492 4415 -
588 4365 748 4440 humano
764 4371 933 4461 consilio,
961 4385 1002 4442 ut
1023 4374 1262 4465 conspiciatur
1283 4379 1482 4468 praesentia
1505 4383 1582 4453 eius

589 4473 629 4542 in
643 4470 824 4558 Ecclesia,
848 4497 928 4543 cum
945 4473 1119 4544 mirandis
1137 4477 1252 4548 modis
1268 4479 1406 4565 liberat,
1431 4496 1466 4553 et
1482 4500 1580 4554 ester·

591 4589 739 4646 ceantur
758 4577 862 4656 tides,
889 4575 1069 4648 invocatio
1090 4591 1125 4650 et
1144 4578 1234 4651 aliae
1256 4581 1423 4670 virtutes,
1449 4599 1489 4657 ut
1506 4585 1583 4658 Nu-

590 4678 681 4746 meri
700 4675 776 4754 14.:
810 4677 860 4749 Ut
876 4679 1023 4754 audiant
1038 4680 1210 4776 Aegypti,
1242 4687 1340 4775 quod
1366 4697 1404 4757 tu
1428 4685 1584 4760 Domine

590 4778 638 4847 sis
656 4778 695 4847 in
711 4775 779 4850 hoc
795 4779 939 4870 populo.

699 4878 747 4951 Et
766 4883 796 4952 1.
812 4878 903 4970 Rrg.
922 4879 982 4956 17.
1015 4880 1067 4954 Ut
1088 4883 1174 4957 sciat
1198 4888 1315 4959 omnis
1337 4901 1450 4973 terra,
1484 4896 1580 4987 quod

593 4979 642 5050 sit
655 4979 833 5054 Dominus
848 4981 944 5053 Deus
958 4983 998 5052 in
1012 4982 1133 5058 lsrael.

697 5079 822 5168 Sexta,
848 5081 937 5154 Vult
953 5087 1053 5158 Dens
1068 5100 1218 5160 mortem
1236 5087 1434 5184 Baptistae,
1466 5094 1584 5182 Pauli,

593 5197 628 5256 et
642 5183 814 5256 similium
834 5187 1035 5258 testimonia
1050 5211 1145 5276 esse,
1169 5196 1265 5284 quod
1284 5209 1389 5266 restet
1409 5195 1508 5268 aliud
1525 5201 1581 5269 iu·

590 5285 736 5356 dicium.
788 5284 895 5372 ltem,
921 5291 1016 5382 quod
1041 5291 1109 5380 ipsi
1129 5295 1221 5364 serio
1244 5298 1420 5381 sentiant,
1446 5303 1580 5372 doctri-

590 5411 674 5458 nam
700 5411 821 5456 veram
851 5411 925 5459 esse
954 5404 991 5461 et
1015 5415 1090 5462 non
1120 5399 1409 5472 commentitiam.
1476 5403 1579 5491 ltem,

589 5491 686 5584 quod
709 5515 785 5560 eam
805 5493 1035 5581 profiteantur
1060 5510 1202 5586 propter
1223 5502 1372 5588 gloriam
1390 5503 1479 5593 Dei,
1505 5530 1578 5576 non

588 5604 735 5682 propter
749 5609 830 5662 suas
845 5595 1044 5684 voluptates
1061 5613 1121 5668 aut
1139 5601 1319 5680 utilitates.
1372 5604 1466 5696 Quia
1482 5609 1577 5678 enirn

587 5689 686 5762 Deus
701 5709 804 5764 antea
824 5695 924 5765 dedit
945 5698 1187 5769 testimouium
1206 5701 1338 5792 Paulo,
1364 5733 1435 5801 quo
1456 5729 1577 5782 osten-

589 5791 643 5863 dit
663 5793 732 5864 sibi
754 5819 836 5866 eum
862 5821 966 5870 curae
989 5821 1085 5888 esse,
1110 5825 1191 5873 cum
1212 5829 1296 5877 eum
1320 5834 1395 5880 non
1410 5815 1577 5885 delendat

1620 1847 1783 1921 praratae
1799 1845 1965 1909 naturae,
1990 1831 2080 1901 sicut
2102 1828 2220 1921 iuquit
2238 1823 2386 1896 Daniel:
2424 1822 2504 1895 Tibi
2522 1824 2580 1897 Do-
2607 1809 2608 1820 ἵ

1622 1934 1718 2003 rrsiue
1734 1932 1893 2016 iusticia,
1921 1932 2024 2002 nobis
2041 1945 2159 2000 autem
2176 1929 2338 1999 conlusio
2354 1925 2464 1994 faciei.
2485 1945 2488 1950 ⁴

1724 2034 1884 2105 Mittitur
1900 2046 2018 2105 autem
2034 2033 2146 2111 lilius,
2162 2032 2223 2126 qui
2239 2053 2318 2099 cum
2337 2027 2502 2098 innocens
2515 2054 2581 2121 poe.

1624 2160 1706 2205 nam
1732 2138 1901 2220 sustinet,
1926 2132 1966 2206 fit
1980 2136 2056 2204 eius
2071 2134 2185 2225 passio
2202 2130 2341 2225 λύτρον
2361 2152 2425 2220 pro
2446 2129 2536 2212 aliis,
2556 2150 2582 2206 et

1622 2240 1697 2329 ipse
1718 2240 1758 2309 bt
1779 2240 1893 2308 victor
1915 2251 1950 2308 et
1973 2236 2149 2308 eluctatur
2171 2259 2213 2304 ex
2237 2246 2368 2303 morte:
2395 2232 2485 2301 idem
2505 2235 2581 2306 lilius

1623 2340 1694 2412 Dei
1718 2354 1771 2411 est
1794 2340 1915 2411 efficax
1934 2339 1974 2409 in
1996 2338 2121 2422 nobis,
2147 2337 2209 2431 qui
2224 2337 2316 2407 iuste
2333 2357 2480 2427 poenam
2498 2336 2584 2407 susti·

1623 2466 1759 2518 nemus.
1809 2440 2042 2536 Nequaquam
2064 2451 2184 2510 tamen
2206 2450 2329 2509 nostra
2353 2460 2447 2507 mors
2470 2453 2516 2508 est
2534 2432 2583 2509 lti-

1622 2570 1734 2638 τρον,
1755 2546 1817 2615 sed
1832 2559 1883 2613 est
1897 2544 1986 2614 iusta
2000 2566 2114 2636 poena
2136 2554 2171 2611 et
2184 2539 2477 2611 commonefactio
2491 2542 2529 2611 de
2544 2541 2586 2609 io-

1622 2648 1716 2717 dicio
1737 2644 1814 2721 Dei.
1862 2641 2009 2716 Erimus
2033 2658 2151 2715 autem
2175 2641 2310 2713 similes
2326 2641 2401 2712 filio
2418 2640 2500 2728 Dei,
2523 2667 2585 2716 cum

1625 2750 1734 2818 vitam
1751 2747 1856 2818 nobis
1876 2748 2017 2817 reddet:
2041 2747 2175 2816 interca
2196 2744 2273 2814 vult
2296 2767 2365 2813 nos
2378 2742 2474 2816 Deos
2490 2746 2586 2838 aliquo

1624 2853 1731 2922 modo
1756 2866 1791 2925 et
1818 2850 1856 2919 in
1880 2864 1994 2920 morte
2020 2863 2056 2919 et
2079 2847 2118 2917 in
2142 2846 2295 2918 miseriis
2320 2846 2354 2916 ei
2376 2848 2507 2919 similes
2524 2871 2588 2929 esse,
2618 2929 2619 2940 ἵ

1626 2966 1667 3024 ut
1694 2951 1988 3035 commonefaciat
2016 2972 2083 3021 nos
2109 2951 2154 3021 de
2183 2948 2317 3020 iudicio
2347 2970 2414 3021 suo
2446 2951 2588 3021 adversus

1625 3070 1819 3148 peccatum.
1898 3102 1905 3113 ·

1728 3156 1893 3251 Denique
1925 3152 2112 3248 multiplex
2133 3167 2168 3226 et
2191 3147 2403 3226 inexhausta
2423 3152 2530 3224 crucis
2547 3174 2587 3223 aa·

1627 3261 1758 3354 pientia
1790 3275 1862 3345 est,
1894 3261 1939 3332 de
1969 3281 2038 3352 qua
2070 3257 2261 3328 consilium
2286 3252 2357 3326 Dei
2380 3256 2420 3325 in
2447 3270 2514 3327 tota
2537 3255 2589 3324 sita

1625 3363 1852 3453 cogitandum
1874 3375 1943 3444 est,
1982 3374 2017 3432 et
2037 3381 2175 3451 semper
2194 3357 2243 3429 sit
2264 3358 2303 3429 in
2333 3373 2519 3450 conspectu
2539 3353 2590 3427 hoc

1627 3467 1779 3536 dictum:
1807 3461 2058 3535 Humiliamini
2073 3463 2140 3533 sub
2156 3460 2292 3554 potenti
2311 3485 2423 3532 manu
2438 3460 2520 3543 Dei,
2541 3486 2590 3553 po-

1545 3567 1548 3572 ’
1626 3569 1717 3640 tenti
1735 3567 1910 3647 videlicet,
1927 3568 1971 3636 ad
1990 3567 2223 3659 premendum
2238 3577 2272 3635 et
2288 3566 2335 3634 ad
2350 3564 2571 3634 liberandum.

1729 3664 1962 3760 Philosophia
1984 3693 2048 3738 nec
2069 3689 2192 3738 causas
2205 3666 2423 3758 principales
2439 3667 2590 3736 calamita·

1629 3785 1705 3844 tum
1735 3768 1973 3842 humanarum
2000 3769 2174 3854 ostendit,
2198 3771 2270 3856 [nec
2294 3769 2507 3840 sufficienter
2524 3760 2591 3838 con·

1629 3875 1822 3946 solutiones
1853 3873 1986 3958 tradit,
2026 3873 2088 3942 sed
2110 3871 2149 3941 in
2172 3871 2247 3942 sola
2268 3866 2431 3941 Ecclesia
2456 3870 2591 3962 patefecit

1630 3975 1727 4048 Deus
1747 3977 1968 4048 volontatem
1990 3996 2114 4060 suam,
2140 3974 2241 4048 etde
2263 3973 2391 4066 poenis
2412 3974 2503 4047 etde
2520 3973 2592 4044 liba·

1630 4079 1842 4155 rationibus.

1892 4257 1956 4324 De
1977 4253 2365 4323 consolationibus.

1732 4379 1975 4454 Consideratis
1997 4396 2115 4453 autem
2133 4383 2265 4465 causis,
2289 4391 2436 4471 propter
2448 4369 2595 4472 quasDo·

1634 4485 1738 4556 clesia
1754 4484 1851 4556 cruci
1864 4486 2022 4555 subiecta
2042 4499 2114 4569 est,
2140 4497 2260 4576 postea
2281 4481 2534 4555 consolationes
2552 4478 2596 4547 in-

1634 4602 1814 4665 tueamur,
1851 4587 1941 4655 sicut
1972 4585 2123 4675 cognitis
2156 4584 2291 4656 morbis
2311 4584 2445 4654 deinde
2465 4578 2595 4652 remedia

1635 4691 1835 4760 traduntur.
1891 4684 1991 4758 Nihil
2008 4701 2126 4758 autern
2150 4687 2239 4759 lenit
2252 4685 2434 4770 dolorem,
2458 4682 2523 4756 nisi
2543 4679 2595 4752 ali·

1635 4816 1705 4886 qua
1721 4792 1808 4860 boni
1825 4792 1915 4861 ratio
1934 4790 1971 4859 in
1988 4813 2029 4858 eo
2047 4790 2300 4881 conspiciatur.

1736 4889 1815 4963 Etsi
1829 4908 1946 4964 autem
1962 4892 2025 4961 alii
2040 4893 2144 4962 aliter
2158 4892 2370 4962 distribuere
2384 4887 2479 4958 locos
2496 4879 2595 4975 pbilo-

1633 4989 1859 5088 sophicarum
1872 4993 2154 5066 consolationum
2170 4994 2328 5086 possint,
2353 5004 2468 5062 tamen
2486 5000 2594 5058 ιιιιιιιι·

1634 5122 1702 5191 que
1719 5098 1871 5167 docendi
1888 5111 1992 5167 causa
2007 5120 2066 5167 sex
2082 5120 2251 5180 numero,
2276 5095 2340 5188 qui
2354 5105 2456 5164 aunt:

1737 5204 1772 5270 1.
1797 5199 2009 5284 Necessitas,

1734 5308 1771 5376 2.
1800 5300 1963 5391 Dignitas
1980 5300 2121 5370 virtutis
2138 5300 2366 5372 anteferenda
2380 5295 2510 5374 dolori,

1734 5404 1770 5476 8.
1797 5402 1897 5472 Bona
1918 5403 2154 5484 conscientia,

1732 5502 1771 5576 4.
1797 5503 1987 5596 Exempla,

1733 5603 1770 5682 ⁵.
1797 5606 1932 5678 Causae
1945 5605 2086 5687 finales,
2111 5618 2150 5678 ot
2168 5625 2325 5698 pugnare
2342 5624 2406 5694 pro
2419 5595 2540 5690 patria,

1733 5708 1770 5782 6.
1795 5691 2590 5794 Collatioeventoum,utmeliusestmorboint·

1785 5810 1914 5906 pediri,
1927 5836 2034 5906 quam
2043 5811 2218 5882 ueniread
2227 5806 2359 5878 malum
2367 5797 2565 5875 sodalitium.
