5825 6950
346 734 365 808 ι
746 719 830 798 ιιι.
880 713 1273 794 ιιιιιιιιιοίι
1289 711 1950 800 nemorumnemorum.
2003 657 2006 666 ’
2220 733 2234 849 ι
2318 731 2366 815 ,0

346 897 548 978 husnscde
561 889 876 978 momatur
890 893 1038 966 itsai'cls
1050 893 1210 988 quodem
1225 893 1316 965 edo-
1368 890 1626 976 stsntiae'eins.
1632 893 1770 970 :lerona
1791 895 1920 967 munis
1936 895 2058 972 verbo,
2068 900 2363 990 potentiacum

347 1009 689 1078 tuemtcrcvocatna
703 995 859 1082 Ioanne,
883 997 1221 1092 quaesunt‘dignoe
1232 1020 1315 1066 ιιιι-
1367 991 1453 1067 Ut
1440 995 1555 1086 rgitor
1568 995 1667 1067 bians
1675 1010 1824 1069 vocatur
1833 997 1956 1090 fulgor
1970 1009 2138 1094 paternae
2146 1004 2316 1095 glossae
2310 1022 2363 1086 ct

347 1107 449 1182 uris.
498 1099 595 1172 Nem
609 1101 820 1192 exemplum·
815 1102 872 1170 ·do
886 1099 1121 1191 poenitentia
1114 1099 1316 1172 conlinnst
1366 1098 1486 1189 imago
1502 1098 1734 1171 substantiae
1729 1115 1925 1192 paternae,
1951 1104 2003 1174 cie
2018 1104 2193 1188 dimntet
2201 1109 2360 1208 yerbum

348 1213 589 1384 datus
602 1197 773 1396 iuti
786 1197 1317 1426 Ἐξέῗέιῗῖιὲῗζὲιῗὲ
1367 1201 1507 1385 titt:
1539 1196 2362 1431 littt‘ttt‘llanttttt'tutttt

350 1409 644 1488 llmesccedirnos
658 1410 722 1479 ad
719 1409 995 1480 enarrationem.
1044 1402 1094 1480 Et
1110 1409 1194 1502 qnia
1210 1405 1319 1478 loan-
1368 1419 1409 1480 ιιι
1429 1402 1490 1476 hic
1490 1406 1652 1527 diritnp,
1686 1399 1945 1516 ἀπαύγασμα
1985 1407 2056 1493 Sed
2073 1407 2142 1483 hae
2154 1415 2362 1491 collatrones

356 1514 499 1588 miens
518 1506 980 1597 cstdeeshibitobiessia‘,
998 1511 1157 1602 primosn
1175 1511 1318 1583 deseri
1367 1532 1445 1581 non
1467 1509 1617 1584 omnino
1639 1513 1828 1604 quadrant.
1887 1505 1978 1586 Nam
2000 1514 2182 1590 iiliusDei
2203 1532 2256 1611 est
2279 1545 2363 1613 per-

356 1615 475 1710 liquis
488 1615 554 1702 sit,
578 1638 622 1685 ae
639 1614 765 1686 caeteri
782 1610 1031 1704 Evangelistoe
1054 1627 1230 1686 testantur
1252 1638 1318 1684 na·
1369 1635 1475 1698 sona,
1508 1626 1541 1682 et
1563 1612 1838 1686 substantialis
1827 1639 1956 1708 imago.
2017 1613 2117 1690 Voco
2137 1634 2258 1698 autern
2280 1647 2364 1716 per-

353 1734 410 1791 tun
440 1740 506 1787 esse
541 1741 585 1788 ex
610 1717 749 1788 umine
776 1713 932 1787 David
920 1732 1020 1790 rnxta
1048 1717 1318 1838 promissiones.
1360 1739 1494 1786 sonam
1529 1716 1764 1788 substantiam
1799 1717 2080 1817 intelligentem,
2096 1721 2363 1840 individuam,

353 1819 504 1893 ioannes
491 1820 604 1910 sgitor
616 1821 661 1890 de
675 1821 804 1892 natura
812 1821 941 1890 divina
957 1820 1201 1900 concionatur.
1370 1841 1445 1888 nou
1462 1818 1809 1895 communicabilem.

1473 1918 1545 1991 Sed
1562 1932 1706 2014 vetcges
1710 1917 1798 2001 baec
1811 1937 1996 2018 uteunque
2011 1925 2164 2016 docendi
2180 1951 2283 2000 causa
2299 1931 2366 2001 de·

1370 2020 1573 2107 clarebant,
1607 2025 1704 2116 quod
1733 2024 1898 2097 videlicet
1928 2039 2094 2100 aeternus
2124 2043 2225 2120 pater
2246 2054 2283 2115 se
2306 2031 2364 2102 in-

1371 2137 1493 2210 tuens,
1533 2136 1639 2218 atque
1663 2125 1895 2217 intelligens,
1937 2128 2057 2220 gignat
2084 2131 2275 2223 imaginem
2307 2135 2364 2206 sui

718 2219 859 2332 Caput
891 2220 927 2305 Ι
1046 2253 1057 2268 ·
1205 2259 1210 2269 ·
1371 2227 1505 2346 ipsius,
1539 2227 1598 2296 rui
1626 2229 1864 2301 communicat
1892 2232 2079 2303 essentiam
2101 2257 2216 2305 suam.
2266 2233 2365 2309 Ha'cc

1370 2330 1488 2418 genita
1517 2329 1802 2402 substantialis
1791 2356 1907 2424 imago
1933 2333 1984 2410 'est
2008 2333 2143 2428 lilius,
2155 2339 2190 2426 et
2217 2344 2367 2411 vocatn'r

1372 2432 1538 2516 verbnm,
1571 2433 1654 2526 qnia
1682 2447 1733 2504 est
1754 2434 1941 2524 cogitando
1966 2437 2116 2528 genitus.
2174 2439 2277 2533 Haec
2301 2444 2366 2513 de-

444 2523 521 2598 Vera
541 2522 1024 2598 notitisetinvocatioDei
1013 2527 1139 2606 tnsola
1154 2521 1316 2598 Ecclesia
1371 2534 1518 2625 scriptio
1542 2533 1734 2620 estBasilii
1750 2552 1783 2608 et
1799 2534 2005 2628 Augustini.
2056 2537 2177 2611 Haec
2170 2543 2265 2612 enim
2281 2558 2366 2617 snnt

355 2622 415 2694 ua·
426 2628 517 2702 locet.
571 2627 660 2700 ideo
682 2630 871 2722 praecipue
892 2632 1050 2701 tradunt
1063 2625 1263 2719 Prophetae
1286 2641 1322 2700 et
1370 2633 1481 2706 verba
1503 2613 1639 2712 Basilii.
1691 2635 1821 2728 Quare
1850 2641 1981 2713 dicitur
1987 2635 2173 2742 ldyoci
2173 2657 2215 2715 ut
2245 2662 2366 2718 osten-

351 2730 492 2827 Apostoli
518 2730 719 2804 doctrinam
747 2733 793 2804 dc
822 2745 969 2818 natura,
1008 2733 1111 2802 etde
1135 2733 1321 2804 volontate
1368 2741 1479 2809 datur
1498 2741 1596 2833 qnod
1613 2765 1653 2811 ex
1669 2756 1788 2812 mente
1804 2745 1996 2834 prodeant
2023 2759 2057 2816 et
2071 2747 2116 2818 ιιι
2130 2747 2246 2838 imago
2262 2772 2365 2840 gem

348 2834 409 2908 lia
456 2831 649 2908 AcMoses
659 2834 831 2926 quidem'
820 2836 981 2926 ancipite
997 2836 1322 2917 arrationarem,
1371 2837 1478 2927 toris,
1510 2855 1625 2914 toturn
1649 2844 1688 2913 in
1711 2867 1747 2914 se
1770 2849 1960 2917 ostendens
1984 2849 2200 2940 genitorem,
2233 2867 2267 2924 et
2291 2854 2365 2923 exi-

346 2942 517 3012 ctinserit
544 2936 839 3027 descriptionem,
887 2963 957 3033 qua
983 2939 1137 3008 declarat
1159 2937 1249 3030 quid
1275 2937 1322 3007 sit
1371 2959 1466 3016 stens
1495 2945 1659 3037 proprie,
1691 2947 1782 3019 sient
1810 2963 1845 3021 et
1875 2954 1997 3021 nost'er
2021 2976 2137 3022 sermo
2158 2953 2288 3044 effigies
2310 2957 2364 3027 erl

528 2383 584 2460 In
606 2386 793 2488 principio
819 2395 899 2459 erat
928 2383 1104 2465 Verbum.
1190 2388 1196 2396 ’

261 3102 262 3117 .
343 3043 435 3118 Deus.
488 3042 681 3114 Aitenim.
715 3040 758 3111 ln
775 3041 952 3132 principio
971 3041 1103 3112 creavit
1120 3039 1216 3113 Deus
1236 3058 1319 3110 coe·
1371 3047 1481 3118 totius
1504 3048 1747 3138 cogitationis.
1796 3047 1875 3122 Etsi
1897 3067 2015 3123 autem
2034 3055 2155 3180 probo
2180 3050 2274 3125 hanc
2290 3058 2364 3127 de-

341 3147 402 3216 lum
423 3161 458 3218 et
471 3161 617 3218 terram
668 3142 773 3215 item·
807 3141 908 3214 Drxtt
923 3143 1033 3217 Dens
1083 3140 1188 3213 item.
1219 3140 1323 3211 Vidit
1372 3149 1614 3233 cierationem,
1642 3167 1676 3223 et
1688 3146 1784 3222 haud
1800 3153 1908 3224 dubre
1921 3157 2146 3228 verissimum
2160 3173 2225 3244 est
2250 3173 2366 3231 aeter-

339 3247 421 3320 lienr
441 3273 535 3344 quse
556 3249 704 3327 lecerat,
746 3260 782 3318 et
803 3246 925 3317 omnia
951 3258 1053 3316 erant
1075 3246 1180 3314 valde
1210 3246 1321 3316 bona.
1371 3277 1460 3322 num
1485 3266 1618 3342 patrem
1641 3253 2058 3346 seseprimumintueri,
2084 3260 2302 3381 intelligere,
2331 3278 2367 3335 et

339 3349 421 3422 Est
408 3353 524 3444 igitur
543 3347 641 3421 Dens
660 3350 809 3424 essentia
839 3361 1000 3434 aeterna,
1033 3370 1173 3427 creans,
1204 3347 1322 3415 omni·
1371 3354 1543 3443 cogitare,
1570 3368 1605 3426 et
1624 3355 1720 3446 gigni
1742 3355 2106 3450 filiumcogitatione,
2131 3361 2364 3456 utsitimago

261 3493 262 3496 ι
337 3467 472 3547 potens,
497 3455 641 3534 dicens,
666 3455 784 3535 bonaa,
810 3453 902 3523 iusta
922 3464 988 3526 etc.
1036 3447 1320 3521 Testaturenirn
1373 3454 1500 3549 patris,
1534 3470 1652 3528 tamen
1683 3459 1869 3530 sublimem
1899 3476 1932 3532 et
1961 3487 2126 3533 arcanam
2152 3464 2363 3539 declaratio-

335 3556 439 3630 lieom
461 3558 573 3630 inisse
594 3570 676 3627 ante
703 3570 900 3636 creaturas,
944 3569 978 3624 et
999 3576 1119 3623 creare
1140 3578 1181 3623 ex
1205 3547 1321 3623 nihilo
1372 3583 1452 3629 nem
1479 3582 1597 3629 coram
1621 3562 1807 3639 discemus.
1858 3562 2014 3634 Nune
1985 3590 2096 3637 simus
2119 3570 2278 3639 contenti
2302 3596 2365 3640 ve-

337 3686 382 3731 res
406 3676 463 3733 est
489 3660 761 3753 omnipotentis.
820 3654 913 3729 Cum
947 3680 1033 3727 vero
1067 3657 1132 3729 ait:
1180 3653 1322 3731 Dicens.
1371 3662 1438 3733 teri
1462 3662 1557 3749 dicto
1582 3660 1740 3747 Irenaei,
1766 3666 1830 3759 qui
1853 3666 2060 3758 significat
2048 3650 2165 3739 lilium
2192 3673 2263 3741 dici
2285 3697 2365 3744 ver-

336 3764 426 3835 ltcrn:
469 3762 573 3834 Vidit
599 3762 721 3831 omnia
745 3784 836 3855 quae
860 3761 1007 3845 iecerat,
1043 3772 1079 3828 et
1100 3773 1200 3831 erant
1219 3759 1322 3829 valde
1370 3766 1457 3835 bum
1469 3766 1588 3860 ,qnia
1609 3768 1654 3837 sit
1671 3790 1819 3861 persona
1836 3792 1968 3839 sonans
1983 3785 2017 3843 et
2031 3772 2185 3872 loquens
2201 3798 2281 3843 cum
2299 3800 2365 3869 pa-

338 3868 435 3953 lona,
462 3878 615 3938 tutatur
634 3863 750 3937 Deum
771 3887 846 3933 esse
871 3875 1029 3933 mentem
1052 3862 1321 3951 intelligentem,
1370 3868 1506 3953 tribus,
1533 3882 1567 3939 et
1589 3870 1697 3939 edens
1718 3871 1983 3961 promissiones.
2035 3872 2144 3963 Quod
2167 3874 2309 3947 videtur
2330 3892 2364 3949 et

261 3993 262 4040 ι
337 3973 540 4063 sapientem,
586 3970 740 4049 bonam,
786 3966 916 4038 iustam
954 3979 1017 4040 etc.
1086 3962 1179 4036 Cum
1213 3965 1323 4055 igilur
1372 3966 1525 4040 loannes
1549 3972 1764 4061 significare,
1795 3998 1876 4045 cum
1897 3976 1966 4047 ait:
2001 3972 2117 4047 Deum
2142 4000 2248 4048 nemo
2270 3979 2364 4051 vidit

339 4070 478 4145 ioannes
507 4073 752 4163 descripturus
782 4082 872 4139 esset
902 4068 1016 4137 tilium
1040 4066 1131 4152 Dei,
1177 4068 1322 4139 deducit
1370 4097 1550 4167 unquam,
1574 4076 1779 4164 unigenitus
1801 4076 1896 4147 filins
1918 4078 1980 4172 qui
2005 4094 2056 4150 est
2079 4081 2119 4149 in
2141 4080 2364 4172 sinupatris,

337 4180 541 4270 nosetipse
562 4176 610 4245 ad
632 4175 732 4244 illam
754 4172 996 4243 narrationem
1018 4170 1059 4239 in
1081 4166 1233 4256 Genesi,
1257 4170 1321 4241 nbi
1371 4176 1446 4267 ipse
1474 4178 1652 4246 enarravit
1676 4178 1788 4249 vobis.
1848 4176 1898 4252 Et
1923 4204 2005 4250 mox
2028 4183 2073 4252 de
2097 4176 2163 4252 hac
2188 4185 2364 4257 sententia

337 4279 471 4370 legitor:
498 4275 549 4351 Et
563 4276 653 4349 dixit
669 4276 775 4348 Dens
827 4272 925 4345 Hine
946 4276 1055 4345 sumit
1076 4297 1207 4345 nomen
1223 4275 1319 4368 qnod
1370 4278 1473 4371 plura
1491 4278 1665 4354 dicentur.

339 4382 398 4453 ilio
417 4384 573 4466 tribuit,
614 4380 746 4451 scilicet
767 4376 938 4451 Verbum.
990 4376 1065 4448 Nec
1085 4378 1160 4447 acie
1185 4376 1320 4467 ingenii
1476 4379 1672 4474 Postquam
1690 4404 1836 4473 exposui
1824 4384 1938 4479 qnid
1954 4380 2023 4455 hoc
2038 4386 2116 4458 loco
2131 4382 2316 4458 Ecclesia·
2305 4414 2363 4458 m

344 4478 474 4559 ιιιιιιιὶ
501 4476 724 4577 deprehensa
743 4495 813 4553 est
822 4475 908 4552 haee
938 4481 1226 4566 nomenclatura,
1258 4494 1321 4552 aut
1370 4482 1525 4573 telligat,
1558 4484 1708 4578 etquid
1739 4482 2075 4560 loannesvoluerit
2106 4476 2281 4561 scribens:
2318 4488 2362 4559 in

345 4582 627 4679 hilidescriptio,
651 4588 713 4658 sed
728 4581 824 4655 hand
841 4584 950 4655 dubie
964 4583 1140 4656 devinctus
1153 4584 1294 4657 tradita
1369 4609 1549 4685 prmcrpro
1564 4600 1640 4657 erat
1652 4588 1811 4663 verbnm
1864 4588 1939 4661 lam
1954 4592 2080 4662 ordine
2095 4592 2233 4685 sanguia
2249 4616 2362 4664 mem

420 4694 670 4769 Contexamns
687 4685 805 4761 antem
822 4689 944 4757 omnia
959 4688 1128 4759 membra.
1164 4686 1207 4757 lu
1219 4689 1320 4779 prin-
1368 4690 1434 4759 bra
1452 4712 1710 4781 percurremus.

334 4792 415 4887 cipio
438 4808 520 4868 crat
542 4796 714 4874 verbnm,
753 4804 790 4863 et
818 4790 964 4861 verbnm
985 4803 1060 4861 erat
1080 4791 1175 4880 apud
1189 4788 1319 4872 Deum,
1471 4790 1593 4863 Prima
1617 4792 1811 4885 propositio
1832 4808 1899 4866 est.
1933 4793 1976 4867 ln
1997 4796 2172 4889 principio
2196 4798 2362 4868 crateri-¹·

332 4896 477 4973 etlieos
501 4910 579 4970 erat
602 4897 763 4970 verbnm.
815 4890 894 4964 liae
915 4892 1175 4985 propositiones
1196 4916 1321 4963 omnes
1371 4894 1477 4979 bum,
1503 4896 1539 4964 id
1563 4907 1634 4980 est,
1658 4896 1753 4965 lilms
1768 4896 1901 4967 aeterni
1920 4900 2029 4991 patris
2046 4914 2121 4971 erat
2136 4914 2218 4971 ante
2235 4900 2364 4971 mundi

330 4995 393 5074 hoc
413 5004 566 5087 colunt,
603 4998 761 5071 Verbum
784 5017 860 5067 esse
880 5017 1068 5086 personam
1098 5007 1320 5067 coaeternam
1370 4996 1625 5073 conditionem.
1688 4996 1779 5068 Nam
1812 5001 1960 5071 verbum
1991 4993 2179 5091 signifieat¹
2192 4998 2260 5093 hoc
2282 5004 2362 5073 loco

331 5108 417 5197 petri
434 5122 604 5189 acturo,
629 5116 852 5197 quaetarnen
869 5099 1004 5169 nonsit
1018 5112 1126 5189 pater,
1151 5110 1186 5169 et
1200 5114 1319 5171 tamen
1370 5098 1484 5170 tilium
1507 5101 1643 5172 aeterni
1664 5102 1792 5193 patris,
1819 5103 1881 5197 qui
1905 5118 1956 5176 est
1979 5102 2054 5175 eius
2069 5104 2204 5194 imago,
2231 5116 2265 5173 et
2281 5127 2362 5195 per-

330 5206 601 5282 sitdcesscntia
620 5206 743 5297 patris.
794 5200 1039 5275 Concionatur
1058 5222 1140 5291 ergo
1162 5202 1207 5273 de
1228 5204 1320 5273 dua·
1369 5226 1457 5273 sona
1478 5204 1597 5291 genita
1610 5205 1655 5275 ab
1670 5219 1813 5276 aeterno
1830 5217 1938 5297 patre.
1990 5203 2038 5278 Et
2050 5223 2237 5299 personam
2255 5206 2363 5277 intel-

330 5312 396 5383 bns
410 5310 578 5407 personis
594 5308 740 5393 divinis,
764 5301 869 5377 Patre
882 5317 1040 5384 aeterno
1057 5317 1091 5376 et
1102 5301 1210 5379 Filio
1242 5302 1320 5375 Vo-
1370 5304 1533 5393 ligimus,
1566 5330 1660 5392 non,
1693 5319 1734 5377 ut
1760 5307 1800 5378 in
1822 5310 1936 5385 scenis
1957 5309 2174 5403 loquuntur,
2205 5305 2362 5381 Roscius

329 5417 511 5506 tetigitur
531 5412 648 5483 filiurn
659 5408 833 5484 Verbum.
887 5404 931 5477 ld
946 5419 987 5477 nt
1004 5406 1175 5476 declarari
1193 5408 1317 5499 possit,
1369 5408 1520 5481 sustinet
1539 5432 1726 5501 personam
1744 5410 2064 5501 Agamemnonis.
2084 5408 2154 5483 Sed
2178 5425 2217 5482 nt
2233 5406 2360 5481 Eccle-

329 5534 548 5615 quaerantur
566 5526 604 5587 et
625 5514 695 5585 alia
717 5512 811 5583 dicta
835 5511 881 5580 de
900 5510 977 5579 lilio
998 5508 1084 5594 Dei,
1123 5509 1318 5604 inquibus
1370 5510 1423 5582 sia
1452 5512 1632 5605 loquitur,
1672 5512 1906 5583 substantiam
1937 5512 2182 5604 individuam,
2223 5512 2361 5587 intolli-

328 5621 502 5693 dicitnr
490 5642 609 5709 imago
635 5616 766 5712 patris,
794 5628 836 5687 ut
857 5614 902 5683 ad
927 5560 1109 5687 Colosseh.
1162 5611 1250 5685 item
1274 5616 1319 5685 ad
1369 5630 1508 5703 gentem
1545 5630 1578 5688 et
1609 5614 1995 5692 incommunicabilem.
2054 5611 2113 5690 Et
2132 5617 2228 5711 qnod
2251 5634 2360 5706 opor·

327 5722 504 5801 uene:
534 5721 735 5795 Novissime
764 5718 906 5789 locutus
942 5731 997 5788 est
1029 5713 1178 5787 nobis
1165 5740 1207 5788 ιιι
1231 5717 1319 5798 lilio,
1369 5731 1440 5788 teat
1462 5711 1522 5786 hic
1544 5742 1730 5810 personam
1752 5714 1819 5789 hoc
1844 5722 1952 5791 modo
1966 5717 2145 5842 intelligi,
2178 5728 2300 5810 postea
2320 5717 2361 5787 in

261 5854 439 5952 quem
460 5830 545 5902 iecit
565 5824 756 5899 haeredem
778 5823 963 5904 omnium,
997 5846 1185 5943 perquem
1208 5837 1320 5894 etse·
1369 5819 1583 5891 refutatione
1628 5819 1850 5893 Samosateni
1897 5822 2076 5947 cppipsius
2123 5822 2361 5895 ostendemus.

261 5909 411 6011 isola
432 5936 536 6022 iecit,
569 5930 634 6028 qni
656 5944 710 6001 cst
731 5928 852 6021 iulgor
872 5926 1023 6017 gloriae,
1050 5938 1087 5998 rt
1101 5925 1219 6017 inrogo
1234 5928 1320 6000 snb-
1370 5918 1478 6013 Quod
1493 5936 1610 5996 autem
1626 5924 1692 5997 ait:
1718 5920 1833 5997 Erat'
1822 5950 1862 5997 ιιι
1876 5927 2075 6020 principie,
2084 5936 2248 5999 ¹testatur
2262 5915 2361 6050 bunt
