5825 6950
319 688 413 769 ttts
476 686 577 767 xltt.
628 684 664 761 4.
691 680 1034 765 COMMEM‘AR.
1058 682 1111 761 lii
1133 682 1290 765 Eetst.
1314 678 1560 759 eattm‘uu
1586 677 1912 760 CORINTHIOS.
1962 683 2066 767 Ctll’.
2092 686 2194 765 Xlll.
2253 686 2354 762 1150

411 861 498 937 set·
517 866 712 957 querunt:
746 857 822 933 Gur
840 856 1061 933 autemeam
1083 857 1123 929 iu
1144 852 1303 929 Ecclesia
1356 870 1391 929 et
1406 878 1483 929 nou
1500 856 1648 929 venient
1662 856 1708 929 etl
1726 880 1809 931 euru
1831 882 1957 931 omnes
1974 854 2201 957 hypocritae,
2225 862 2262 933 isl
2278 875 2343 947 est,

315 970 417 1039 fidem
432 981 468 1039 et
485 989 583 1059 spem
606 966 755 1035 uirtutes
775 986 866 1048 esse,
901 986 982 1033 curn
1006 976 1124 1033 tamen
1146 960 1234 1031 fides
1256 964 1302 1031 sit
1351 960 1493 1032 etiamsi
1516 960 1558 1029 iu
1592 952 1660 1031 hec
1690 960 1764 1033 sita
1794 985 1869 1031 non
1902 963 2074 1037 tollentur
2102 966 2341 1048 calamitates,

314 1069 478 1143 noticia?
539 1066 680 1139 Deinde
704 1064 844 1137 etiamsi
878 1064 1009 1135 fiducia
1040 1086 1115 1134 esse
1145 1064 1302 1149 dicatur,
1349 1075 1470 1133 tamen
1492 1086 1593 1155 spem
1615 1063 1708 1135 sitae
1729 1078 1894 1137 aeternae
1917 1065 2095 1139 retineant
2107 1090 2250 1155 omnes,
2273 1068 2338 1162 qni

312 1188 431 1245 tamen
455 1171 579 1243 mirari
597 1170 728 1262 aliquis
748 1180 883 1259 potest,
916 1169 1097 1261 quomodo
1112 1165 1157 1236 sit
1175 1168 1299 1237 sistus.
1348 1166 1396 1235 art
1418 1162 1534 1236 Deum
1559 1180 1830 1241 convertuntur.

311 1274 423 1359 leeru,
448 1298 512 1349 cur
528 1294 608 1365 spes
624 1273 671 1343 sit
687 1272 820 1355 virtus,
846 1294 926 1339 cuns
949 1269 989 1339 in
1015 1269 1085 1339 vita
1109 1268 1298 1339 usitatissi-
1449 1264 1667 1357 Experimur
1693 1280 1812 1339 autern
1838 1270 1943 1339 valde
1967 1269 2172 1361 languelieri
2193 1272 2335 1345 animos

307 1402 405 1451 suum
429 1376 499 1461 sit,
523 1398 584 1467 spe
601 1375 765 1445 incitatos
786 1366 950 1443 honnus·
971 1369 1105 1461 decipi,
1139 1384 1299 1443 struere
1346 1368 1389 1439 in
1406 1370 1549 1459 poenis,
1574 1383 1609 1440 et
1632 1370 1815 1456 dubitare,
1839 1395 1885 1441 au
1909 1374 1957 1443 sit
1976 1377 2150 1463 speranda
2171 1388 2208 1446 et
2228 1398 2334 1466 espe-

307 1481 347 1551 iu
376 1480 548 1551 maximas
569 1477 807 1559 calamitates,
839 1490 888 1545 nt
905 1474 1040 1543 dictum
1064 1488 1132 1543 est:
1346 1472 1478 1543 ctanrla
1498 1473 1593 1543 salus
1620 1487 1782 1554 aeterna,
1813 1496 1894 1543 cum
1922 1500 2020 1545 nunc
2040 1477 2213 1547 sentimus
2242 1477 2332 1548 iram

456 1592 588 1657 Fallitur
606 1590 737 1673 angono
758 1610 835 1671 spes
857 1590 937 1655 bona
956 1606 1052 1668 saepe
1071 1608 1143 1653 sno.
1346 1569 1413 1643 Dei
1429 1576 1471 1644 in
1487 1576 1632 1665 poenis,
1653 1590 1687 1645 et
1701 1576 1808 1647 abiici
1822 1577 1998 1648 videmur.
2039 1574 2221 1649 Adversus
2238 1574 2332 1651 lrauc

303 1702 353 1777 Et
364 1700 683 1793 Pindarusiuquitr
708 1696 796 1791 Spes
811 1696 1037 1767 somniaesse
1055 1692 1295 1785 vigilantium,
1346 1676 1583 1747 tristissimam
1613 1678 1874 1748 dubitationem
1900 1702 2040 1750 necesse
2062 1694 2115 1750 est
2140 1693 2260 1751 tenere
2290 1681 2330 1751 iu

303 1806 511 1877 Ecdicium
541 1816 592 1872 est
616 1798 767 1890 Epicteti
794 1798 899 1868 valele
928 1799 1076 1887 rtignuru
1106 1796 1294 1867 memoria:
1346 1792 1539 1869 ῑῦὓΰβθῑῑῦ
1571 1779 1690 1851 ῧῑῐΜδ
1727 1781 2007 1866 ΐθῐὶῦθῑῦῑῑθΰὲὒι
2053 1806 2206 1876 quarum
2243 1779 2330 1855 hm

304 1908 352 1980 Ut
378 1905 546 1999 pedibus,
588 1904 635 1970 ita
666 1924 729 1993 spe
755 1904 953 1971 accedendo
983 1915 1064 1969 sunt
1098 1898 1294 1990 possibilia,
1346 1880 1459 1970 l’llffla
1491 1894 1527 1953 ‘l
1555 1883 1743 1973 im‘ssltlffi
1775 1897 1853 1968 ²⁸12
1902 1887 1999 1976 (iuml
2033 1884 2128 1955 ΒΜ
2160 1888 2236 1958 tull
2263 1910 2331 1958 ⁰⁰⁸

301 2008 427 2103 ὥσπερ
450 2009 529 2087 τοῖς
554 2001 712 2089 σκέλεσι,
751 1999 870 2085 οὕτως
894 1998 957 2077 καὶ
984 1998 1102 2075 ἐλπίσι
1129 1996 1220 2097 πρὸς
1244 1994 1293 2071 τὰ
1344 2006 1558 2076 quocunque
1574 1997 1734 2075 tempore
1756 1989 1800 2055 ad
1824 2008 1862 2055 se
1880 1988 2059 2071 converti,
2089 2002 2124 2059 et
2139 2010 2328 2059 couversos

302 2107 450 2187 δυνατὰ
476 2105 537 2181 «lsi
558 2102 741 2200 βαδίζειν.
1345 2086 1538 2155 certissime
1553 2086 1680 2178 recipit
1698 2101 1844 2178 propter
1856 2088 1970 2159 lilium
1989 2087 2123 2173 Gratis,
2141 2092 2223 2182 quis
2240 2086 2328 2159 haec

404 2212 639 2302 flamm:
668 2208 772 2278 ffipeg
794 2220 828 2279 ‘a
849 2230 931 2298 ⁸9²⁵
954 2220 1036 2277 ,um
1060 2201 1154 2275 haud
1181 2204 1292 2275 dum,
1342 2188 1532 2277 promissio
1555 2210 1693 2280 semper
1716 2211 1799 2259 vera
1821 2205 1856 2261 et
1876 2189 2022 2261 immota
2047 2207 2119 2265 est:
2145 2194 2207 2263 Sic
2229 2188 2328 2263 Deus

301 2320 469 2399 virtutes,
512 2315 596 2407 quia
626 2326 708 2382 scrut
740 2310 962 2391 obedientia,
1001 2332 1108 2401 quatu
1135 2310 1290 2400 postulat
1341 2290 1466 2361 dll‘lll
1489 2293 1685 2379 mundum»
1708 2292 1996 2365 ulfillw‘llum
2019 2294 2241 2383 unlbffillllm
2262 2297 2328 2365 ἅθ’

302 2420 400 2493 Deus
424 2415 592 2509 praestari
612 2436 674 2483 suo
695 2416 875 2483 mandato.
931 2408 1006 2479 Vox
1031 2410 1153 2480 divina
1173 2409 1290 2479 mani·
1323 2390 1452 2477 stellis
1478 2382 1691 2479 utOmuis,
1715 2394 2079 2486 (tultrttlltlneum‚
2104 2421 2179 2467 stou
2195 2410 2328 2488 pereat,

302 2525 386 2593 leste
404 2534 473 2591 est:
500 2514 608 2587 Huuc
625 2516 755 2589 nuilite.
809 2516 913 2584 lteur:
941 2510 1104 2583 Haecest
1123 2512 1289 2583 voluutas
1338 2495 1399 2563 Μ]
1429 2490 1559 2565 habal
1580 2496 1689 2565 llum
1710 2511 1901 2583 metum·
1951 2494 2001 2567 El
2025 2492 2224 2569 Embl‘lss
2245 2499 2328 2573 &⁸0³

302 2625 412 2719 patris
428 2623 521 2705 mei,
547 2636 586 2691 ut
602 2620 720 2688 omnis
736 2616 797 2712 qui
813 2616 924 2687 creslit
942 2616 978 2683 io
996 2614 1128 2700 filium,
1163 2609 1288 2683 lrabeat
1341 2594 1433 2667 l⁷ll⁰
1455 2619 1539 2685 ‘8⁰2
1565 2598 1650 2668 dicit
1664 2595 1859 2681 ὓθωῖΰΰί,
1883 2601 1969 2671 nolo
1991 2614 2142 2671 mortem
2164 2616 2326 2691 peceato-

302 2731 412 2797 vitam
437 2740 627 2797 aeternam.
688 2718 792 2789 Fides
818 2718 928 2807 igitur
951 2718 1063 2787 virtus
1093 2728 1162 2805 est,
1202 2718 1287 2811 qssia
1338 2698 1409 2784 ¹5⁸2
1440 2703 1502 2769 ⁵⁰⁴¹
1527 2714 1567 2770 ¹¹²
1591 2702 1993 2773 convertaturetviuat.
2046 2700 2152 2773 ltem:
2176 2704 2326 2796 loqua-

300 2828 379 2901 Deo
401 2828 639 2916 obtemperat,
666 2836 698 2893 et
720 2836 870 2891 comest
893 2820 1048 2889 assensio
1071 2820 1287 2911 amplectens
1337 2824 1479 2894 ‘unqu‘
1501 2803 1559 2873 ‘ll‘
1579 2826 1772 2874 mmmm
1786 2803 1894 2874 suelli
1911 2804 2061 2894 impius,
2086 2828 2162 2873 ¹¹⁰¹!
2182 2819 2327 2877 corruel

300 2954 427 3003 omnes
446 2926 765 2998 articulosfirleiac
787 2924 1057 3012 perrosissiouem
1077 2923 1228 3011 gratiae,
1251 2936 1285 2992 et
1337 2901 1376 2971 5¹¹
1401 2903 1592 2995 iml’lillll·
1661 2900 1793 2977 Mlllh·
1830 2904 1910 2977 ¹9*
1950 2906 2101 2996 Q¹¹⁰lle⁸
2127 2908 2323 2979 “mlum

301 3058 386 3103 cum
405 3058 440 3101 ea
456 3032 646 3101 coniuncta
666 3041 717 3096 est
736 3027 862 3094 fidentia
886 3026 923 3095 iu
939 3020 1023 3097 Deo
1046 3024 1284 3117 sensisseeos.
1335 3002 1694 3097 Sel‘lulblffl‘l‘lllb
1744 3002 1955 3081 11¹¹“015·2
1983 3007 2165 3079 Gaudium
2191 3023 2323 3079 eslan-

298 3134 396 3207 Nnta
413 3148 494 3203 suut
509 3146 542 3203 et
557 3138 601 3201 de
618 3150 681 3220 spe
697 3130 847 3219 plurima
866 3142 1049 3219 praecepta
1070 3130 1100 3199 l.
1118 3124 1214 3198 Petri
1234 3130 1284 3198 l.:
1336 3108 1423 3197 8⁰5⁸
1445 3112 1490 3179 ‘l‘
1512 3133 1584 3179 ⁰¹¹⁰
1607 3123 1790 3201 peccatore
1812 3112 2068 3199 Ροειιίιειιίίιηι
2087 3124 2227 3201 θὸθῦῑθ·
2278 3110 2325 3183 El

297 3236 471 3310 Firmiter
485 3248 623 3329 sperate
637 3232 806 3321 gratiam,
823 3254 914 3322 ossae
929 3230 1033 3299 nobis
1047 3224 1284 3315 exhibebitur,
1336 3210 1387 3279 ibi
1404 3210 1574 3283 “tlltlur
1587 3212 1773 3282 conversio
1788 3210 1852 3281 filil
1869 3214 2022 3304 prodigi.

297 3364 381 3411 curn
410 3336 505 3408 lesus
527 3332 689 3408 Christus
711 3332 945 3414 revelabitur,
976 3331 1140 3401 videlicet
1163 3328 1200 3399 iu
1227 3332 1283 3401 iu·
1437 3327 1560 3400 Altera
1587 3330 1783 3401 consolatio
1808 3344 1875 3401 est:
1909 3328 2013 3401 llauc
2033 3332 2145 3422 ipsam
2170 3330 2219 3399 ob
2239 3352 2325 3399 cau·

297 3444 407 3516 dicio.
440 3438 486 3513 Et
504 3442 541 3509 iu
555 3443 679 3508 eodem
702 3432 831 3526 tupiter
859 3432 907 3507 Ut
920 3434 1006 3504 llrles
1021 3446 1135 3504 vestra
1153 3445 1187 3503 et
1204 3457 1283 3534 spes
1333 3452 1408 3502 sam
1427 3432 1531 3524 punit
1546 3429 1664 3516 Dens,
1688 3445 1729 3504 ut
1744 3454 1811 3504 uos
1824 3428 1982 3506 retrahet
1994 3434 2037 3504 ad
2056 3432 2325 3527 poenitentiam,

299 3549 345 3619 sit
364 3545 402 3616 in
418 3541 546 3616 Deum.
573 3537 620 3612 Et
635 3537 789 3611 Roman.
802 3533 839 3608 5.
851 3535 864 3611 τ’
889 3537 977 3628 Spes
993 3559 1067 3604 nou
1084 3537 1282 3610 confundit.
1335 3548 1374 3606 et
1395 3535 1576 3606 conversis
1600 3536 1791 3608 detritam
1815 3549 2012 3623 aeternam,
2036 3561 2111 3606 nou
2135 3548 2177 3606 ut
2198 3536 2323 3626 perdat

297 3645 344 3722 Et
357 3644 525 3720 flumbo
551 3641 623 3736 Spe
635 3643 723 3712 salvi
740 3641 822 3710 lacti
838 3661 986 3709 somus·
1000 3635 1065 3708 Est
1082 3637 1191 3728 igitur
1206 3639 1282 3708 vir·
1333 3661 1411 3706 nos.
1467 3627 1498 3710 l·
1512 3635 1594 3712 Cor.
1606 3639 1683 3714 ll.:
1708 3635 1801 3710 Cum
1817 3638 2052 3710 indicamura
2070 3636 2227 3709 Domino
2243 3657 2324 3706 cor.

295 3767 357 3825 tus
373 3773 470 3844 spes,
498 3767 588 3842 quae
608 3746 718 3814 serbo
742 3739 808 3811 Dei
828 3745 1059 3832 obtemperat.
1334 3738 1506 3830 ripimur,
1530 3764 1577 3809 ne
1596 3765 1678 3812 curn
1698 3736 1921 3812 boemundo
1938 3742 2158 3814 damnemur,
2210 3735 2259 3810 Ee
2281 3739 2322 3809 in

400 3848 449 3922 Et
477 3845 562 3920 hinc
589 3859 750 3917 sumatur
777 3844 960 3935 responsio
988 3843 1033 3911 erl
1064 3841 1282 3912 obiectiones
1334 3837 1495 3913 Psalmo:
1536 3839 1679 3912 Bonum
1707 3838 1798 3912 mibi
1825 3844 1923 3937 quod
1951 3837 2146 3913 humiliasti
2171 3865 2247 3926 me,
2281 3854 2324 3912 ut

294 3981 403 4050 supra
420 3953 583 4024 recitatas
602 3952 647 4019 sle
664 3971 727 4039 spe
743 3943 876 4016 lallari:
905 3941 983 4014 Vos
1006 3945 1129 4014 divina
1147 3945 1281 4036 praeei-
1333 3943 1504 4012 discerem
1523 3944 1789 4016 iustificationes
1810 3957 1899 4015 tuas.
1950 3943 2077 4016 Esaiae
2097 3945 2177 4017 28.:
2205 3941 2322 4013 Vexa-

260 4125 261 4130 ,
296 4064 351 4156 pit
377 4081 474 4150 spem
500 4055 545 4123 de
566 4050 611 4120 iis
633 4051 758 4128 rebus,
799 4071 887 4142 quas
909 4047 1092 4140 promisit,
1126 4071 1166 4116 ac
1190 4047 1282 4116 vitae
1333 4046 1384 4116 tio
1407 4047 1469 4115 dat
1494 4045 1725 4122 intellectum.
1776 4045 2005 4120 Bassareu:
2039 4048 2097 4118 Ad
2127 4069 2232 4140 quem
2263 4067 2322 4115 re·

294 4177 462 4234 aeternae
476 4153 665 4249 promissio
683 4163 827 4245 propter
843 4149 956 4220 filium
974 4163 1069 4220 certa
1085 4163 1119 4220 et
1135 4148 1280 4220 immota
1332 4147 1498 4237 spiciam,
1536 4149 1606 4218 uisi
1629 4149 1674 4220 arl
1699 4151 1868 4220 miserum
1893 4166 1929 4223 et
1949 4151 2142 4222 contritum
2172 4147 2321 4239 spiritu,

296 4279 359 4337 est.
410 4259 492 4332 Nou
521 4255 691 4348 praecipit
717 4250 887 4344 Pompeio
916 4273 1057 4343 sperare
1085 4249 1281 4332 victoriam,
1332 4263 1367 4319 et
1392 4263 1601 4320 trementem
1622 4272 1804 4324 sermones
1825 4274 1934 4324 ruens.
1987 4247 2152 4324 Micheas
2172 4249 2320 4320 ultimo:

296 4365 433 4441 etismsi
452 4363 525 4455 ipse
542 4355 608 4429 lrac
623 4381 686 4426 sua
699 4353 952 4444 imaginatione
967 4366 1143 4429 movetur.
1167 4349 1280 4424 Causa
1333 4349 1427 4421 lrarn
1445 4350 1595 4424 Domini
1613 4358 1781 4445 portabo,
1812 4355 1895 4450 quia
1916 4352 2116 4448 peceariei.
2167 4349 2238 4420 Hic
2259 4375 2321 4420 es·

295 4473 397 4543 iubet
412 4484 560 4555 superos
581 4461 709 4531 melior
730 4481 871 4548 sperare
894 4459 1088 4542 secundos,
1113 4456 1197 4548 quis
1223 4457 1280 4524 iu·
1332 4475 1449 4544 presse
1464 4457 1510 4524 de
1529 4478 1643 4545 poena
1662 4457 1842 4550 loquitur,
1867 4471 1902 4528 et
1917 4457 2105 4528 confitetur
2125 4465 2319 4546 peceatum.

294 4575 433 4644 dicium
450 4566 515 4639 Dei
535 4579 606 4648 est,
632 4578 710 4634 utra
735 4581 837 4630 carus
859 4559 903 4629 sit
926 4559 1064 4634 iustior.
1116 4553 1281 4647 tte-nepe
1331 4553 1457 4626 Postea
1490 4557 1591 4627 addit
1625 4559 1926 4646 consolationem,
1963 4559 2002 4628 iu
2028 4581 2098 4651 qna
2130 4567 2253 4626 narrat
2282 4575 2320 4624 se

291 4673 391 4749 Deus
433 4670 538 4761 punit
579 4659 743 4736 homiues
781 4675 926 4752 propter
968 4661 1086 4752 priora
1132 4659 1281 4744 delicta,
1331 4657 1435 4726 belem
1462 4671 1616 4750 etspem
1639 4662 1809 4731 retinere:
1841 4659 1934 4732 Cum
1949 4663 2079 4732 sedebo
2097 4658 2136 4726 in
2152 4655 2319 4740 tenebris,

291 4775 433 4850 etiarnsi
464 4771 500 4840 in
527 4767 701 4862 praesenti
723 4763 864 4852 negotio
894 4764 1020 4832 iustam
1046 4783 1186 4832 causuu
1213 4756 1279 4831 lra-
1331 4755 1509 4830 Dominus
1539 4762 1601 4832 lux
1629 4785 1707 4832 mea
1739 4775 1802 4838 est.
1853 4760 1921 4832 llis
1943 4763 2048 4833 dictis
2074 4761 2166 4830 adde
2195 4783 2317 4828 vocene

290 4885 399 4963 bent,
423 4889 462 4946 ut
480 4872 650 4966 puniebat
667 4866 842 4938 lsraiilitas
862 4879 1057 4955 pregnantes
1073 4887 1154 4933 cum
1182 4863 1279 4934 tribu
1330 4862 1394 4931 lilii
1416 4859 1504 4946 Dei,
1534 4887 1626 4957 quae
1649 4865 1807 4937 continet
1829 4865 2082 4957 amplissimam
2105 4877 2139 4934 et
2163 4859 2319 4931 certissi-

287 4977 503 5062 Beuiamiu,
528 4989 563 5044 et
579 4994 679 5062 saepe
696 4969 793 5041 alias.
843 4965 908 5038 Est
929 4967 1039 5056 igitur
1063 4965 1169 5036 fallax
1189 4987 1279 5060 spes,
1329 4987 1424 5034 mam
1445 4967 1744 5038 consolationems
1779 4965 1908 5038 Venite
1922 4970 1968 5038 ad
1992 4991 2048 5036 me
2063 4955 2223 5045 Omnes,
2255 4962 2319 5056 qui

286 5107 383 5182 quae
399 5103 472 5151 oon
489 5077 623 5167 regitur
636 5069 872 5164 promissione
889 5069 1023 5140 diviua.
1330 5067 1501 5137 laboratis
1514 5081 1547 5138 et
1562 5069 1702 5141 onerati
1717 5071 1820 5152 estis,
1847 5083 1879 5141 et
1894 5092 1959 5161 ego
1974 5069 2127 5141 reficiam
2145 5089 2219 5140 vos.
2269 5061 2318 5136 Et

393 5183 585 5272 Rrpsutur
621 5190 739 5247 autem
778 5169 1013 5264 promissione
1044 5168 1167 5240 divina
1197 5190 1278 5260 spes
1328 5165 1435 5244 llom.
1452 5170 1510 5242 8.:
1547 5167 1670 5261 lunga
1689 5185 1742 5241 est
1763 5171 1889 5243 concio
1914 5177 1959 5242 de
1984 5194 2046 5265 spe
2068 5169 2253 5239 retinenda
2277 5167 2318 5234 in

285 5291 385 5362 sitae
403 5301 586 5364 aeternae,
611 5291 644 5348 et
665 5299 744 5368 spes
766 5271 998 5362 mitigationis
1022 5291 1218 5361 poenarum
1241 5285 1275 5342 et
1328 5273 1477 5342 summis
1493 5272 1680 5344 doloribus
1700 5286 1736 5344 et
1753 5273 1977 5346 eruciatibus.
2030 5272 2102 5362 Spe
2119 5271 2209 5340 salvi
2230 5267 2315 5338 farti

285 5391 532 5466 calamitatum
553 5383 592 5452 in
613 5375 680 5450 bac
702 5377 791 5460 vita,
815 5375 879 5445 ubi
892 5387 926 5444 et
942 5374 1104 5444 doctrina
1122 5375 1275 5446 tenenda
1325 5393 1459 5444 sumus.
1525 5372 1615 5468 Spes
1644 5388 1783 5462 autern,
1830 5398 1923 5470 qssae
1946 5375 2109 5455 videtur,
2160 5381 2316 5440 nonest

284 5509 356 5567 est:
387 5485 539 5563 Etiamsi
554 5494 754 5575 praesentes
767 5477 981 5548 calamitates
995 5499 1068 5546 unu
1085 5475 1275 5558 tolluntur,
1294 5505 1302 5636 Ι
1327 5497 1417 5568 spes.

284 5621 354 5670 uec
379 5588 536 5680 mitigari
560 5585 746 5666 videntur,
775 5573 902 5651 'taurus
924 5599 1063 5669 semper
1088 5578 1274 5650 retinenda
1428 5573 1527 5650 Haec
1546 5579 1641 5651 elicta
1664 5591 1698 5646 et
1721 5577 1851 5649 similia
1875 5589 2074 5661 teneamus,
2099 5599 2147 5646 ne
2170 5583 2315 5664 propter

283 5713 341 5772 est
358 5691 441 5788 spe's
455 5694 548 5762 ritae
561 5700 734 5769 aeternae,
754 5683 851 5754 iusta
865 5679 999 5754 dictum
1017 5677 1099 5750 lob:
1124 5677 1276 5751 Etiamsi
1328 5701 1478 5772 poenas,
1512 5681 1643 5774 quibus
1666 5676 1763 5750 Deus
1786 5678 1825 5748 in
1850 5674 1917 5750 bae
1933 5681 2005 5750 vita
2029 5703 2094 5750 nos
2115 5682 2160 5748 de
2178 5671 2231 5747 ira
2255 5697 2318 5744 sua

280 5802 425 5874 accidet
448 5817 526 5880 me,
569 5788 717 5882 sperabo
737 5787 776 5855 iu
797 5806 896 5867 euru,
938 5794 1170 5854 veruntamen
1200 5781 1276 5852 vias
1326 5783 1621 5867 commonefacit,
1660 5803 1758 5873 spem
1783 5780 1878 5852 vitae
1904 5795 2068 5854 aeternae
2097 5779 2318 5851 abiiciamus.

281 5925 384 5978 mess
399 5921 521 5973 ceretu
537 5917 580 5966 eu
595 5913 758 5986 arguam,
773 5887 897 5982 etipse
914 5885 982 5960 crit
998 5879 1088 5956 milti
1105 5883 1273 5970 salvetur,
1325 5879 1373 5960 Et
1396 5885 1550 5959 sciemus
1573 5882 1665 5956 hanc
1690 5905 1788 5978 spem
1812 5907 2036 5980 nequaquam
2062 5906 2137 5954 esse
2164 5882 2317 5958 intrans
