5825 6950
444 653 448 662 ’
589 645 668 732 ua
1207 634 1478 774 suuntur,
1505 633 1717 714 scotera
1745 631 2045 721 amantea
2142 710 2147 720 ,
2410 661 2416 675 ·
2542 655 2606 734 7„

594 830 644 902 its
659 822 920 903 subiiciuntur,
943 826 986 888 ut
1000 813 1094 886 dicat
1110 809 1243 886 Paulus
1265 835 1325 887 eoa
1347 811 1590 896 condemnari,
1612 818 1617 878 t
1645 833 1772 901 opera,
1804 823 1841 883 et
1864 810 2009 905 quidem
2034 817 2361 908 praecerataouiia,
2387 817 2553 898 ntEsaiaa
2566 835 2606 904 1,÷

594 931 626 1004 si
656 952 732 1000 non
762 925 1023 1012 obtemperant,
1084 913 1155 987 Sed
1177 916 1362 990 sciendum
1386 928 1459 1000 est,
1492 917 1589 1007 quod
1644 909 1803 986 Iudicate
1822 915 1962 1006 pupillo
1977 929 2042 990 etc.
2295 931 2299 942 ’

593 1034 739 1106 libertas
759 1021 954 1118 spiritualis
968 1043 1042 1090 non
1059 1011 1590 1106 excludithancobligationem‚
1746 1014 1817 1086 Sed
1833 1012 1890 1086 hic
1906 1019 2106 1112 quaeritur,
2123 1018 2163 1094 si
2179 1020 2330 1094 violatio
2345 1024 2460 1116 legum
2473 1028 2607 1105 civilium

592 1157 684 1229 quae
700 1142 819 1200 manet
832 1137 982 1219 propter
998 1122 1107 1192 vitam
1123 1120 1357 1211 corporalem.
1389 1119 1515 1190 Liberi
1529 1143 1590 1192 su·
1622 1130 1696 1190 'est
1718 1117 1868 1190 mortale
1890 1135 2092 1209 peccatum,
2124 1125 2211 1216 quid
2237 1126 2459 1199 sentiendum
2484 1145 2546 1218 est,
2574 1141 2608 1209 dt

591 1258 674 1308 mus
690 1259 710 1302 a
729 1233 824 1320 lege,
842 1225 940 1322 quod
957 1223 1084 1294 attinet
1098 1224 1144 1292 ad
1161 1220 1447 1292 iustificationem
1463 1223 1502 1290 in
1517 1221 1589 1311 spi·
1643 1219 1838 1292 violatione
1852 1221 2167 1296 ecclesiasticarum
2185 1228 2437 1312 traditionum,
2451 1253 2609 1326 quassum

592 1339 687 1426 ritu,
713 1335 840 1419 idest,
876 1326 1101 1400 sentiendum
1118 1337 1170 1395 est
1188 1324 1293 1394 nobis
1310 1324 1444 1413 ignosci
1466 1338 1500 1395 ct
1524 1346 1590 1394 nos
1642 1323 1806 1392 conditae
1823 1321 1869 1392 ab
1884 1321 2092 1416 Episcopisi
2117 1324 2354 1418 Respondeoa
2385 1327 2537 1404 Primum
2551 1353 2609 1409 tra·

591 1436 751 1530 reputari
775 1435 905 1514 iustos,
938 1451 1013 1496 uon
1034 1439 1180 1519 propter
1202 1427 1334 1516 legem,
1366 1427 1427 1496 sed
1446 1439 1591 1517 propter
1642 1423 1861 1508 ditionibus,
1886 1449 1977 1518 quae
1994 1443 2155 1518 pugnant
2170 1455 2251 1500 cum
2264 1434 2433 1504 mandato
2447 1433 2528 1520 Dei,
2549 1464 2607 1511 nan

591 1538 789 1616 Christum
846 1531 897 1604 Et
928 1545 1046 1600 tamen
1068 1530 1204 1598 interea
1226 1527 1429 1610 obedientia
1454 1527 1494 1598 iu
1518 1527 1590 1598 vita
1613 1491 1618 1658 ι
1642 1537 1694 1594 est
1715 1527 1975 1613 obediendum,
2014 1531 2090 1600 sive
2111 1531 2183 1604 sint
2207 1545 2305 1604 ortae
2326 1558 2348 1604 a
2372 1537 2607 1625 magistratibus

592 1641 769 1733 corporali
787 1632 981 1706 necessaria
998 1644 1062 1703 est.
1110 1625 1177 1702 Est
1191 1630 1287 1701 enim
1305 1630 1500 1720 corporalis
1517 1629 1590 1700 vita
1615 1659 1617 1666 ¹
1641 1628 1847 1716 gerentibus
1862 1629 2041 1720 gladium,
2067 1634 2142 1704 sive
2159 1635 2205 1706 ab
2220 1631 2429 1728 Episcopis,
2456 1639 2533 1730 quia
2548 1640 2607 1716 Dra

591 1746 749 1818 subiecta
769 1733 1075 1813 ordinationibus,
1090 1755 1180 1823 quae
1194 1734 1239 1801 ad
1254 1755 1382 1824 corpus
1397 1732 1589 1822 pertinent,
1641 1731 1753 1818 magis
1773 1731 2110 1818 estohediendum,
2144 1760 2253 1828 quam
2279 1732 2502 1810 homiuibus.
2550 1743 2607 1814 Ta.

590 1845 781 1926 videlicet,
814 1852 855 1911 ut
868 1836 1009 1925 legibus
1034 1833 1202 1919 medicis,
1234 1833 1503 1924 coniugalibus,
1535 1833 1585 1906 ita
1641 1830 1693 1900 les
1709 1845 1928 1904 autemsunt
1947 1836 2217 1908 traditio'nesde
2234 1840 2431 1932 coelibatu,
2460 1843 2607 1917 deabuso

591 1951 697 2024 etiam
719 1944 854 2036 legibus
867 1936 1047 2010 civilibus.
1281 1927 1292 2003 l
1643 1931 1858 2018 Missarum,
1883 1937 1928 2006 de
1943 1936 2170 2010 invocatione
2193 1955 2409 2012 sauctorum.
2457 1945 2504 2014 Et
2518 1970 2608 2038 quar-

694 2045 835 2117 Deinde
847 2038 1097 2132 amplificanda
1111 2049 1162 2108 est
1179 2031 1266 2108 haec
1289 2035 1473 2124 obligatio.
1524 2033 1590 2106 Et·
1613 2081 1617 2115 ,
1643 2059 1748 2128 quam
1764 2059 1845 2106 esua
1861 2039 2045 2124 carnium,
2077 2055 2111 2114 et
2129 2041 2198 2111 alia
2218 2045 2394 2134 quaedam
2422 2045 2542 2116 similia
2561 2073 2608 2140 per

537 2137 542 2144 ’
593 2152 689 2226 enim
705 2150 737 2218 si
753 2171 812 2218 rea
825 2143 867 2217 iit
885 2139 1123 2220 conscientia,
1149 2139 1311 2233 sequitur
1327 2137 1531 2208 maledictio
1555 2150 1589 2208 et
1614 2120 1617 2172 t
1643 2159 1679 2205 se
1697 2145 1780 2210 sunt
1796 2135 2013 2229 adiaphora‚
2036 2155 2153 2214 tamen
2169 2144 2252 2236 quia
2272 2146 2535 2237 praecipiuntur
2546 2175 2607 2220 cun

593 2257 648 2326 ira
665 2249 752 2335 Dei,
769 2271 859 2343 quae
872 2243 978 2314 affert
994 2254 1195 2333 praesentes
1214 2263 1346 2332 poenas
1366 2253 1401 2310 et
1416 2255 1587 2312 aeternas.
1613 2195 1617 2306 l
1642 2238 1751 2329 impia
1765 2240 1961 2332 opinione,
1988 2259 2024 2318 et
2038 2246 2082 2312 ad
2098 2246 2334 2317 stabiliendos
2356 2247 2488 2338 impios
2500 2252 2607 2322 mltos:

590 2355 695 2430 ‘Sicut
729 2350 914 2422 manifeste
943 2344 1106 2414 videmus
1136 2356 1256 2418 sontes
1282 2344 1438 2432 elapsos,
1473 2355 1591 2412 tamen
1643 2340 1724 2410 ideo
1742 2343 2007 2430 rectelaciunt,
2035 2346 2190 2439 quinon
2206 2350 2403 2435 obediunt,
2432 2351 2518 2424 sicut
2535 2367 2608 2424 recte

593 2451 770 2530 divinitus
799 2452 843 2521 ad
878 2468 1011 2547 poenas
1035 2439 1180 2518 retrahi.
1237 2443 1327 2516 ltem
1352 2457 1592 2529 contumaces,
1643 2442 1821 2516 faciebant
1843 2444 1972 2516 fratres
1995 2448 2035 2518 in
2057 2441 2204 2520 historia
2226 2447 2534 2537 Maccahaeorum,
2560 2455 2607 2548 qni

594 2557 734 2632 etiamsi
750 2577 824 2624 non
840 2561 988 2644 possunt
1005 2548 1043 2617 in
1060 2547 1258 2638 praesentia
1274 2545 1444 2629 coiirceri,
1471 2557 1591 2616 tamen
1643 2544 1815 2616 nolebant
1839 2570 1964 2618 carnes
1984 2550 2107 2624 suillas
2129 2553 2244 2622 edere.
2295 2548 2439 2625 Debent
2460 2555 2543 2624 enim
2561 2581 2605 2626 es·

596 2673 714 2757 postea
733 2657 889 2725 incidere
903 2652 941 2720 io
966 2650 1105 2741 aliquos
1131 2649 1295 2741 laqueos,
1326 2661 1366 2718 ot
1393 2649 1479 2718 deut
1492 2669 1591 2739 poe·
1643 2659 1719 2716 tara
1734 2647 1894 2739 exempla
1910 2652 2153 2736 consessionis,
2170 2653 2234 2724 ubi
2251 2656 2383 2726 tradita
2400 2669 2451 2728 est
2465 2657 2602 2742 doctrina,

595 2787 676 2834 nas:
716 2760 807 2830 sicut
828 2753 977 2836 Clodio,
1009 2749 1202 2834 Catilinae,
1236 2747 1417 2834 Antonio,
1453 2763 1487 2820 et
1509 2749 1589 2819 aliis
1642 2748 1734 2820 sicut
1751 2762 1785 2821 et
1802 2747 1936 2820 Paulus
1952 2754 2070 2824 noluit
2088 2753 2212 2825 Titum
2231 2755 2453 2830 circumcidi.

595 2863 741 2945 accidit,
767 2859 828 2954 qoi
845 2854 999 2926 subinde
1012 2876 1124 2923 novos
1140 2852 1313 2923 tumultus
1337 2853 1591 2924 excitaverant.
1747 2847 1934 2933 Secundo,
1966 2855 1996 2924 si
2019 2869 2104 2926 sunt
2127 2856 2341 2928 traditiones
2363 2861 2408 2930 de
2431 2857 2546 2930 mediis
2563 2880 2605 2927 re·

595 2963 644 3039 Et
659 2963 756 3035 Deus
774 2959 898 3035 talium
916 2954 1074 3026 consiliis
1095 2968 1130 3026 et
1153 2955 1304 3043 negotiis
1325 2953 1526 3036 maledicit,
1550 2967 1592 3024 ut
1641 2954 1729 3034 btss,
1757 2967 1788 3024 et
1806 2953 1915 3048 iactae
1930 2971 2077 3049 propter
2093 2958 2278 3048 politicum
2296 2959 2427 3045 finem,
2457 2974 2495 3032 ut
2512 2961 2607 3030 obser·

594 3084 716 3142 tameo
731 3075 838 3136 ruant
852 3060 890 3130 in
913 3057 1036 3127 civiles
1060 3071 1095 3126 et
1117 3071 1280 3128 aeternas
1301 3078 1443 3148 poenas.
1494 3052 1592 3126 Haec
1643 3055 1741 3124 vatio
1775 3053 1864 3125 certi
1886 3056 1978 3142 diei,
2019 3073 2053 3130 et
2076 3073 2191 3131 certae
2215 3055 2391 3133 historiae
2420 3063 2533 3146 lectio,
2564 3063 2607 3131 di.

595 3169 717 3244 omnia
732 3160 977 3257 complectitur
992 3157 1146 3244 Paulus,
1172 3182 1253 3230 cum
1278 3158 1412 3253 iuquit:
1439 3155 1591 3251 Propter
1644 3156 1767 3228 scendi
1782 3176 1899 3232 causa,
1959 3155 2099 3232 Harum
2114 3161 2355 3234 traditionum
2377 3165 2517 3236 ,5013150
2537 3177 2607 3233 „m

597 3267 866 3346 conscientiam·
1642 3282 1762 3330 casum
1787 3259 1949 3330 scandali
1972 3285 2046 3332 non
2070 3277 2327 3356 esspeccatum
2358 3267 2519 3350 mortale,
2546 3265 2607 3358 qnia

603 3431 608 3440 .
699 3371 923 3464 Nequevero
940 3360 1029 3435 baec
1046 3374 1182 3432 tantum
1199 3360 1441 3452 pertinentad
1467 3359 1593 3430 subdi·
1643 3357 1778 3430 Paulus
1814 3359 1917 3434 dicit:
1956 3359 2069 3454 llemo
2105 3389 2166 3438 vos
2199 3381 2325 3456 arguat
2368 3369 2405 3438 in
2437 3383 2527 3461 parte
2554 3364 2606 3436 diei

597 3492 675 3561 tos,
715 3469 903 3545 sedetiam
927 3467 973 3537 ad
998 3465 1263 3553 magistratum,
1305 3462 1368 3554 qui
1398 3462 1593 3535 cumbunt
1642 3462 1725 3534 festi
1743 3475 1808 3533 etc.

598 3577 764 3674 tyranni,
789 3596 865 3641 non
888 3571 1007 3639 minus
1031 3567 1207 3655 dissipant
1229 3564 1493 3636 ordinationem
1514 3562 1593 3649 Dei,
1746 3563 1818 3636 Sed
1849 3558 1907 3635 hic
1939 3563 2154 3658 proponitur
2175 3569 2381 3661 exemplum
2407 3570 2552 3641 civilium
2570 3566 2608 3636 10.

598 3690 707 3777 q'uam
728 3672 900 3747 seditiosi.
962 3668 1045 3738 ldeo
1070 3681 1105 3737 et
1127 3668 1288 3759 ipsorum
1313 3666 1528 3738 conscientia
1554 3667 1594 3738 fit
1644 3690 1749 3759 gum,
1782 3689 1845 3737 cur
1860 3662 1925 3737 hae
1943 3666 2052 3755 magis
2078 3667 2259 3756 ohligant,
2291 3696 2404 3766 quam
2430 3670 2608 3744 ecclesiasti.

598 3808 678 3862 rea,
713 3778 889 3874 quianon
911 3771 1085 3843 obediunt
1108 3768 1332 3841 ordinationi
1346 3768 1432 3850 Dei,
1468 3769 1594 3858 idest,
1645 3770 1729 3839 cae?
1770 3766 1986 3861 Respondeo
2011 3768 2294 3860 simplicissime,
2326 3774 2503 3868 Scriptura
2522 3770 2606 3843 tradit

599 3885 756 3975 legibus,
790 3878 922 3972 quibus
944 3874 1075 3944 debent
1097 3894 1231 3962 parere.
1285 3868 1370 3939 ldeo
1396 3870 1593 3941 commina·
1644 3866 1738 3941 hanc
1756 3871 2014 3944 diversitatem:
2050 3871 2143 3943 clare
2156 3872 2255 3959 dicit,
2272 3873 2608 3965 polluieonseientias

600 3988 716 4059 tiones
731 3976 791 4051 hic
807 3979 941 4069 positae
957 3976 1062 4047 etiam
1078 3975 1124 4044 ad
1139 3973 1234 4063 ipsos
1249 3972 1439 4060 pertinent.
1492 3970 1593 4043 Sicut
1649 3973 1680 4042 si
1704 3972 1784 4067 quis
1806 3997 1881 4043 non
1905 3974 2047 4043 obediat
2067 3974 2288 4065 magistratui
2312 3979 2447 4067 gerenti
2468 3976 2608 4067 gladium.

601 4088 689 4159 alibi
706 4081 824 4176 inquit
840 4079 1030 4169 scriptura:
1064 4074 1146 4145 Non
1166 4068 1324 4144 hominis
1347 4074 1515 4143 exercetis
1537 4073 1594 4143 iu-
1647 4071 1694 4147 Et
1712 4096 1834 4145 rursus
1849 4075 1941 4147 clare
1955 4074 2058 4145 dicit:
2084 4072 2166 4146 Nou
2182 4077 2296 4169 pollui
2314 4080 2535 4151 conscientias
2548 4076 2607 4143 vio·

602 4191 757 4267 dicium,
782 4182 843 4255 sed
863 4176 1033 4251 Domini:
1060 4175 1242 4269 Quicquid
1268 4175 1527 4260 iudicaveritis,
1555 4175 1593 4245 in
1647 4176 1779 4246 latione
1801 4176 2056 4261 traditionum,
2088 4200 2177 4269 quas
2202 4182 2364 4253 condunt
2380 4179 2554 4275 Episcopi,
2573 4180 2608 4243 'nt

601 4314 665 4362 vos
689 4283 916 4358 redundabit.
967 4279 1118 4368 Semper
1138 4279 1232 4347 enim
1256 4277 1318 4345 illa
1338 4277 1510 4348 sententia
1536 4277 1594 4346 in·
1647 4291 1820 4351 testantur
1835 4278 1931 4351 dicta
1949 4280 1995 4349 ad
2014 4273 2095 4349 Gal.
2120 4294 2154 4353 et
2170 4278 2250 4357 Col.
2301 4280 2402 4355 Haec
2427 4282 2511 4353 ratio
2531 4276 2607 4349 suli·

488 4454 495 4463 .
601 4391 733 4467 tuenda
750 4401 820 4468 est,
846 4382 941 4479 quod
958 4380 1080 4471 politia
1101 4382 1149 4450 sit
1170 4379 1350 4452 ordinatio
1366 4377 1446 4450 Dei.
1500 4378 1594 4469 Ergo
1646 4379 1716 4452 ciat
1732 4380 1811 4471 piis.

601 4492 763 4591 quisquis
777 4488 905 4566 violat,
931 4486 1005 4555 sive
1022 4482 1191 4565 inlerior,
1217 4481 1291 4549 sive
1305 4482 1484 4571 superior,
1512 4505 1595 4573 pec-
1746 4482 1817 4553 Sed
1836 4495 2004 4574 ¹opponat
2025 4480 2174 4574 aliquis,
2214 4478 2275 4557 An
2305 4486 2421 4557 maior
2442 4473 2607 4553 reverentia

601 4610 675 4681 cat,
710 4605 744 4664 et
758 4590 859 4663 dabit
873 4588 948 4659 Deo
962 4608 1113 4679 poenas,
1144 4579 1594 4674 utsiiutemploconcnl-
1647 4582 1797 4656 debetur
1827 4586 1992 4675 potestati
2022 4583 2143 4655 civili?
2184 4583 2260 4658 lmo
2280 4589 2432 4661 maxima
2456 4576 2608 4654 Ecclesiae

602 4711 698 4771 caret
713 4702 943 4765 sacramente·
1646 4699 1680 4756 et
1697 4686 1870 4757 ministris
1883 4682 2072 4775 Evangelii
2086 4686 2255 4773 debetur,
2286 4702 2320 4760 et
2335 4690 2412 4761 sine
2426 4686 2497 4759 ulls
2520 4676 2607 4751 dubi·

705 4795 830 4889 ltaque
843 4786 952 4861 huius
967 4786 1124 4859 mandati
1134 4785 1594 4872 severitasmoveatomnes,
1645 4788 1779 4859 tatione
1800 4800 1947 4879 peccaut
1973 4787 2170 4859 mortaliter
2196 4813 2342 4874 omues,
2383 4790 2443 4885 qui
2460 4810 2527 4857 uon
2541 4782 2608 4851 abc·

602 4925 650 4973 ne
665 4897 895 4970 violationem
910 4890 1046 4983 politici
1063 4901 1312 4979 statuspnteot
1326 4910 1400 4957 esse
1416 4887 1494 4957 leve
1510 4912 1592 4978 pec·
1644 4891 1750 4960 diunt
1782 4890 1910 4973 verbo,
1950 4891 2046 4979 quod
2074 4902 2125 4961 est
2158 4894 2442 4965 commendatum
2471 4878 2608 4980 potestati

605 5016 735 5075 catum.
785 4994 834 5067 Et
850 5006 993 5064 econtra
1008 4992 1184 5062 discamus
1199 5012 1305 5080 opera
1321 4988 1414 5059 vitae
1428 4990 1595 5079 politicae
1646 4990 1908 5061 ecclesiasticae.
1960 4988 2127 5061 Secundo
2141 5007 2289 5083 peccant
2306 4992 2498 5067 mortaliter
2512 4987 2608 5063 etiam,

461 5100 475 5113 ’
604 5118 641 5175 et
660 5098 907 5173 oeconomicae
935 5094 975 5163 in
998 5089 1055 5163 bis
1078 5094 1140 5185 qui
1162 5094 1313 5163 credunt
1336 5089 1374 5159 in
1399 5085 1594 5173 Christum,
1645 5093 1707 5184 qui
1725 5092 1763 5161 iu
1782 5114 1865 5161 casu
1880 5093 2036 5163 scandali
2053 5092 2191 5165 violant
2212 5107 2392 5185 pastorum
2415 5088 2608 5164 traditiones.

604 5230 680 5279 esse
695 5204 789 5273 bona
803 5221 908 5291 opera
924 5209 960 5265 et
971 5196 1086 5266 cultus
1102 5193 1193 5278 Dei,
1213 5217 1279 5263 nec
1292 5205 1431 5265 tautum
1448 5214 1522 5263 esse
1538 5213 1595 5261 res
1645 5192 1695 5265 Ut
1708 5194 1738 5263 si
1753 5193 1834 5286 quis
1851 5193 2010 5285 exemplo
2025 5218 2089 5265 suo
2111 5196 2150 5264 in
2169 5190 2327 5268 Ecclesia
2349 5209 2442 5269 recte
2462 5191 2608 5265 instituta,

596 5301 826 5399 prophanas,
850 5300 933 5394 quia
949 5298 1030 5369 ideo
1044 5294 1287 5367 conservanda
1303 5306 1354 5365 est
1371 5292 1535 5375 societas,
1555 5307 1595 5366 ut
1645 5295 1773 5367 invitet
1787 5294 1875 5365 alios
1891 5296 1936 5365 ad
1954 5310 2171 5368 contemtum
2189 5298 2371 5371 doctrinae
2395 5311 2429 5370 et
2450 5294 2607 5365 ministro·

605 5408 702 5480 Deus
716 5408 756 5474 in
774 5428 813 5473 ea
828 5404 1036 5472 innotescat.
1086 5396 1485 5468 Hicfinisnonestres
1508 5419 1593 5486 pro·
1645 5420 1745 5483 casm,
1784 5398 1846 5467 sed
1870 5396 2007 5468 violans
2032 5398 2109 5467 sine
2133 5402 2353 5473 coutumacia
2380 5414 2414 5471 et
2440 5397 2513 5469 sine
2531 5388 2605 5461 malo

606 5508 745 5602 phana,
771 5524 1117 5599 quarecumomnes
1140 5498 1295 5569 actiones
1314 5498 1407 5576 vitae
1430 5497 1595 5586 politicae
1645 5497 1824 5589 exemplo,
1858 5520 1932 5567 non
1957 5512 2077 5587 peccat
2099 5503 2307 5579 mortaliter.
2365 5502 2466 5575 Hauc
2487 5497 2605 5567 liberta-

606 5614 677 5681 sint
697 5608 883 5680 distinctae
899 5606 943 5673 ad
961 5599 1057 5673 hunc
1073 5604 1191 5684 finem,
1206 5599 1301 5670 Dens
1316 5598 1434 5670 voluit
1448 5618 1505 5667 eas
1521 5620 1596 5671 esse
1646 5614 1716 5671 tem
1733 5594 1950 5671 Christus-in
1966 5598 2119 5673 Ecclesia
2136 5600 2284 5675 existere
2300 5618 2333 5675 et
2348 5600 2494 5689 intelligi
2510 5594 2583 5665 tull·

607 5712 770 5783 exercitia
785 5706 1033 5787 confessionis,
1066 5717 1100 5773 et
1116 5714 1263 5794 propter
1276 5695 1373 5770 hunc
1395 5699 1500 5770 finem
1528 5725 1593 5769 no·
1746 5698 1901 5773 Possunt
1918 5700 2024 5773 etiam
2049 5703 2206 5774 rationes
2230 5706 2349 5795 colligi
2371 5730 2412 5775 er
2431 5692 2603 5772 differentia

583 5815 662 5886 bis
678 5810 861 5906 proposuit
876 5831 929 5883 ea.
981 5803 1065 5878 ldeo
1082 5794 1280 5896 Prophetae
1299 5800 1486 5895 requirunt
1509 5797 1594 5873 haec
1645 5815 1867 5895 potestatum.
1931 5800 2028 5875 Deus
2061 5805 2240 5880 commisit
2265 5804 2532 5899 magistratibus,
2572 5802 2602 5861 ut
