<?xml version="1.0" encoding="UTF-8"?>
<!DOCTYPE html PUBLIC "-//W3C//DTD XHTML 1.0 Transitional//EN"
    "http://www.w3.org/TR/xhtml1/DTD/xhtml1-transitional.dtd">
<html xmlns="http://www.w3.org/1999/xhtml" xml:lang="en" lang="en">
 <head>
  <title>
</title>
<meta http-equiv="Content-Type" content="text/html;charset=utf-8" />
  <meta name='ocr-system' content='tesseract 3.04.00' />
  <meta name='ocr-capabilities' content='ocr_page ocr_carea ocr_par ocr_line ocrx_word'/>
</head>
<body>
  <div class='ocr_page' id='page_1' title='image "./philippimelanth08bindgoog_0152.png"; bbox 0 0 5825 6950; ppageno 0'>
   <div class='ocr_carea' id='block_1_1' title="bbox 341 649 2495 775">
    <p class='ocr_par' dir='ltr' id='par_1_1' title="bbox 341 649 2495 775">
     <span class='ocr_line' id='line_1_1' title="bbox 341 649 2495 775; baseline -0.001 -24"><span class='ocrx_word' id='word_1_1' title='bbox 341 677 427 752; x_wconf 78' lang='lat' dir='ltr'><strong>sar</strong></span> <span class='ocrx_word' id='word_1_2' title='bbox 767 649 850 748; x_wconf 77' lang='grc' dir='ltr'>ιιι.</span> <span class='ocrx_word' id='word_1_3' title='bbox 899 668 1201 750; x_wconf 73' lang='lat' dir='ltr'><strong>uusnnarto</strong></span> <span class='ocrx_word' id='word_1_4' title='bbox 1227 671 1280 748; x_wconf 80' lang='lat' dir='ltr'><strong>tn</strong></span> <span class='ocrx_word' id='word_1_5' title='bbox 1302 668 1489 750; x_wconf 75' lang='lat' dir='ltr'><strong>avane.</strong></span> <span class='ocrx_word' id='word_1_6' title='bbox 1517 669 1729 750; x_wconf 78' lang='lat' dir='ltr'><strong>toanats.</strong></span> <span class='ocrx_word' id='word_1_7' title='bbox 1782 673 1887 754; x_wconf 78' lang='lat' dir='ltr'><strong>car.</strong></span> <span class='ocrx_word' id='word_1_8' title='bbox 1912 677 1996 754; x_wconf 80' lang='grc' dir='ltr'><strong>ιιι</strong></span> <span class='ocrx_word' id='word_1_9' title='bbox 2299 679 2388 775; x_wconf 81' lang='lat' dir='ltr'><strong>&#39;ets</strong></span> <span class='ocrx_word' id='word_1_10' title='bbox 2493 743 2495 748; x_wconf 83' lang='lat'><em>.</em></span> 
     </span>
    </p>
   </div>
   <div class='ocr_carea' id='block_1_2' title="bbox 343 843 2384 1160">
    <p class='ocr_par' dir='ltr' id='par_1_2' title="bbox 343 843 2384 1160">
     <span class='ocr_line' id='line_1_2' title="bbox 344 843 2384 956; baseline 0.011 -39"><span class='ocrx_word' id='word_1_11' title='bbox 344 849 531 947; x_wconf 65' lang='lat' dir='ltr'><strong>quomo</strong></span> <span class='ocrx_word' id='word_1_12' title='bbox 558 857 680 940; x_wconf 82' lang='lat' dir='ltr'><strong>potest</strong></span> <span class='ocrx_word' id='word_1_13' title='bbox 705 868 786 915; x_wconf 90' lang='lat' dir='ltr'><strong>enm</strong></span> <span class='ocrx_word' id='word_1_14' title='bbox 808 843 872 914; x_wconf 87' lang='lat' dir='ltr'><strong>illa</strong></span> <span class='ocrx_word' id='word_1_15' title='bbox 893 843 1005 914; x_wconf 80' lang='lat' dir='ltr'><strong>aniioi</strong></span> <span class='ocrx_word' id='word_1_16' title='bbox 1033 843 1168 918; x_wconf 89' lang='lat' dir='ltr'><strong>laetitia</strong></span> <span class='ocrx_word' id='word_1_17' title='bbox 1196 846 1343 919; x_wconf 80' lang='lat' dir='ltr'><strong>exiueee</strong></span> <span class='ocrx_word' id='word_1_18' title='bbox 1391 843 1512 919; x_wconf 86' lang='lat' dir='ltr'><strong>eor&#39;et</strong></span> <span class='ocrx_word' id='word_1_19' title='bbox 1535 845 1729 931; x_wconf 71' lang='lat' dir='ltr'><strong>volontas,</strong></span> <span class='ocrx_word' id='word_1_20' title='bbox 1760 845 1803 920; x_wconf 84' lang='lat' dir='ltr'><strong>nt&#39;</strong></span> <span class='ocrx_word' id='word_1_21' title='bbox 1823 869 1861 919; x_wconf 82' lang='lat' dir='ltr'><strong>ce</strong></span> <span class='ocrx_word' id='word_1_22' title='bbox 1883 849 2076 931; x_wconf 87' lang='lat' dir='ltr'><strong>sohilciant</strong></span> <span class='ocrx_word' id='word_1_23' title='bbox 2107 861 2285 940; x_wconf 83' lang='lat' dir='ltr'><strong>voluntati</strong></span> <span class='ocrx_word' id='word_1_24' title='bbox 2302 864 2384 956; x_wconf 86' lang='lat' dir='ltr'><strong>Dei,</strong></span> 
     </span>
     <span class='ocr_line' id='line_1_3' title="bbox 345 946 2379 1043; baseline 0.004 -20"><span class='ocrx_word' id='word_1_25' title='bbox 345 951 612 1030; x_wconf 85' lang='lat' dir='ltr'><strong>consternatio,</strong></span> <span class='ocrx_word' id='word_1_26' title='bbox 638 962 700 1020; x_wconf 91' lang='lat' dir='ltr'><strong>aot</strong></span> <span class='ocrx_word' id='word_1_27' title='bbox 724 946 924 1029; x_wconf 84' lang='lat' dir='ltr'><strong>moestitia,</strong></span> <span class='ocrx_word' id='word_1_28' title='bbox 957 947 1074 1040; x_wconf 90' lang='lat' dir='ltr'><strong>qualis</strong></span> <span class='ocrx_word' id='word_1_29' title='bbox 1095 948 1185 1020; x_wconf 84' lang='lat' dir='ltr'><strong>alibi</strong></span> <span class='ocrx_word' id='word_1_30' title='bbox 1208 950 1341 1020; x_wconf 67' lang='lat' dir='ltr'><strong>darri-</strong></span> <span class='ocrx_word' id='word_1_31' title='bbox 1387 949 1480 1020; x_wconf 84' lang='lat' dir='ltr'><strong>catio</strong></span> <span class='ocrx_word' id='word_1_32' title='bbox 1496 951 1642 1020; x_wconf 91' lang='lat' dir='ltr'><strong>caeteris</strong></span> <span class='ocrx_word' id='word_1_33' title='bbox 1667 949 1752 1021; x_wconf 85' lang='lat' dir='ltr'><strong>viris</strong></span> <span class='ocrx_word' id='word_1_34' title='bbox 1770 953 1944 1038; x_wconf 85' lang='lat' dir='ltr'><strong>fortibus,</strong></span> <span class='ocrx_word' id='word_1_35' title='bbox 1974 957 2014 1028; x_wconf 95' lang='lat' dir='ltr'><strong>in</strong></span> <span class='ocrx_word' id='word_1_36' title='bbox 2029 960 2183 1035; x_wconf 83' lang='lat' dir='ltr'><strong>Daniele</strong></span> <span class='ocrx_word' id='word_1_37' title='bbox 2207 983 2267 1040; x_wconf 72' lang='lat' dir='ltr'><strong>aut</strong></span> <span class='ocrx_word' id='word_1_38' title='bbox 2285 967 2379 1043; x_wconf 63' lang='grc' dir='ltr'>ιρι-ρ.</span> 
     </span>
     <span class='ocr_line' id='line_1_4' title="bbox 343 1047 2377 1160; baseline 0.007 -35"><span class='ocrx_word' id='word_1_39' title='bbox 343 1057 463 1138; x_wconf 69' lang='lat' dir='ltr'><strong>lactus,</strong></span> <span class='ocrx_word' id='word_1_40' title='bbox 488 1077 570 1123; x_wconf 85' lang='lat' dir='ltr'><strong>euro</strong></span> <span class='ocrx_word' id='word_1_41' title='bbox 587 1051 657 1120; x_wconf 85' lang='lat' dir='ltr'><strong>ait:</strong></span> <span class='ocrx_word' id='word_1_42' title='bbox 691 1047 822 1122; x_wconf 82' lang='lat' dir='ltr'><strong>Tristis</strong></span> <span class='ocrx_word' id='word_1_43' title='bbox 841 1063 894 1120; x_wconf 87' lang='grc' dir='ltr'><strong>ιιι</strong></span> <span class='ocrx_word' id='word_1_44' title='bbox 915 1047 1035 1120; x_wconf 87' lang='lat' dir='ltr'><strong>anima</strong></span> <span class='ocrx_word' id='word_1_45' title='bbox 1059 1073 1135 1120; x_wconf 88' lang='lat' dir='ltr'><strong>mea</strong></span> <span class='ocrx_word' id='word_1_46' title='bbox 1157 1074 1272 1144; x_wconf 80' lang='lat' dir='ltr'><strong>usque</strong></span> <span class='ocrx_word' id='word_1_47' title='bbox 1294 1055 1338 1122; x_wconf 92' lang='lat' dir='ltr'><strong>ad</strong></span> <span class='ocrx_word' id='word_1_48' title='bbox 1385 1051 1457 1121; x_wconf 85' lang='lat' dir='ltr'><strong>mia</strong></span> <span class='ocrx_word' id='word_1_49' title='bbox 1473 1065 1652 1122; x_wconf 90' lang='lat' dir='ltr'><strong>estmetus</strong></span> <span class='ocrx_word' id='word_1_50' title='bbox 1668 1052 1792 1122; x_wconf 88' lang='lat' dir='ltr'><strong>mortis</strong></span> <span class='ocrx_word' id='word_1_51' title='bbox 1815 1053 1992 1144; x_wconf 81' lang='lat' dir='ltr'><strong>incursie,</strong></span> <span class='ocrx_word' id='word_1_52' title='bbox 2019 1078 2054 1134; x_wconf 91' lang='lat' dir='ltr'><strong>et</strong></span> <span class='ocrx_word' id='word_1_53' title='bbox 2076 1058 2135 1135; x_wconf 88' lang='lat' dir='ltr'><strong>hie</strong></span> <span class='ocrx_word' id='word_1_54' title='bbox 2151 1071 2243 1160; x_wconf 89' lang='lat' dir='ltr'><strong>rapit</strong></span> <span class='ocrx_word' id='word_1_55' title='bbox 2260 1096 2377 1144; x_wconf 83' lang='lat' dir='ltr'><strong>secum</strong></span> 
     </span>
    </p>
   </div>
   <div class='ocr_carea' id='block_1_3' title="bbox 326 1149 2459 5959">
    <p class='ocr_par' dir='ltr' id='par_1_3' title="bbox 326 1149 2459 5959">
     <span class='ocr_line' id='line_1_5' title="bbox 343 1149 2376 1248; baseline 0.014 -30"><span class='ocrx_word' id='word_1_56' title='bbox 343 1170 511 1229; x_wconf 67' lang='lat' dir='ltr'><strong>meten.</strong></span> <span class='ocrx_word' id='word_1_57' title='bbox 568 1149 647 1224; x_wconf 77' lang='lat' dir='ltr'><strong>Etsi</strong></span> <span class='ocrx_word' id='word_1_58' title='bbox 675 1166 795 1224; x_wconf 87' lang='lat' dir='ltr'><strong>autem</strong></span> <span class='ocrx_word' id='word_1_59' title='bbox 817 1151 978 1241; x_wconf 86' lang='lat' dir='ltr'><strong>ingentes</strong></span> <span class='ocrx_word' id='word_1_60' title='bbox 1000 1165 1120 1222; x_wconf 89' lang='lat' dir='ltr'><strong>motus</strong></span> <span class='ocrx_word' id='word_1_61' title='bbox 1139 1149 1338 1226; x_wconf 83' lang='lat' dir='ltr'><strong>inChriato</strong></span> <span class='ocrx_word' id='word_1_62' title='bbox 1385 1155 1624 1238; x_wconf 85' lang='lat' dir='ltr'><strong>voluntatem,</strong></span> <span class='ocrx_word' id='word_1_63' title='bbox 1646 1154 1711 1224; x_wconf 91' lang='lat' dir='ltr'><strong>etsi</strong></span> <span class='ocrx_word' id='word_1_64' title='bbox 1733 1153 1870 1248; x_wconf 86' lang='lat' dir='ltr'><strong>Spiritu</strong></span> <span class='ocrx_word' id='word_1_65' title='bbox 1885 1175 2007 1232; x_wconf 86' lang='lat' dir='ltr'><strong>saneto</strong></span> <span class='ocrx_word' id='word_1_66' title='bbox 2030 1168 2289 1244; x_wconf 87' lang='lat' dir='ltr'><strong>confirmantur</strong></span> <span class='ocrx_word' id='word_1_67' title='bbox 2312 1201 2376 1246; x_wconf 81' lang='lat' dir='ltr'><strong>vo-</strong></span> 
     </span>
     <span class='ocr_line' id='line_1_6' title="bbox 342 1253 2376 1366; baseline 0.035 -88"><span class='ocrx_word' id='word_1_68' title='bbox 342 1273 418 1330; x_wconf 62' lang='lat' dir='ltr'>m</span> <span class='ocrx_word' id='word_1_69' title='bbox 434 1255 612 1340; x_wconf 45' lang='lat' dir='ltr'>kustu,</span> <span class='ocrx_word' id='word_1_70' title='bbox 634 1269 711 1326; x_wconf 66' lang='lat' dir='ltr'><strong>mm</strong></span> <span class='ocrx_word' id='word_1_71' title='bbox 728 1253 1013 1326; x_wconf 45' lang='lat' dir='ltr'><strong>mappam„</strong></span> <span class='ocrx_word' id='word_1_72' title='bbox 1037 1269 1152 1344; x_wconf 60' lang='lat' dir='ltr'><strong>powg</strong></span> <span class='ocrx_word' id='word_1_73' title='bbox 1172 1256 1258 1326; x_wconf 66' lang='grc' dir='ltr'><strong>..ὼ</strong></span> <span class='ocrx_word' id='word_1_74' title='bbox 1276 1278 1337 1326; x_wconf 63' lang='grc' dir='ltr'><strong>η.</strong></span> <span class='ocrx_word' id='word_1_75' title='bbox 1382 1255 1502 1326; x_wconf 88' lang='lat' dir='ltr'><strong>luntas</strong></span> <span class='ocrx_word' id='word_1_76' title='bbox 1530 1269 1565 1327; x_wconf 90' lang='lat' dir='ltr'><strong>et</strong></span> <span class='ocrx_word' id='word_1_77' title='bbox 1593 1279 1671 1342; x_wconf 88' lang='lat' dir='ltr'><strong>cor,</strong></span> <span class='ocrx_word' id='word_1_78' title='bbox 1702 1270 1752 1328; x_wconf 87' lang='grc' dir='ltr'>-ιιι</span> <span class='ocrx_word' id='word_1_79' title='bbox 1781 1275 1948 1352; x_wconf 84' lang='lat' dir='ltr'><strong>superent</strong></span> <span class='ocrx_word' id='word_1_80' title='bbox 1972 1280 2127 1354; x_wconf 86' lang='lat' dir='ltr'><strong>metum,</strong></span> <span class='ocrx_word' id='word_1_81' title='bbox 2172 1287 2206 1342; x_wconf 92' lang='lat' dir='ltr'><strong>et</strong></span> <span class='ocrx_word' id='word_1_82' title='bbox 2237 1275 2376 1366; x_wconf 75' lang='lat' dir='ltr'>placide</span> 
     </span>
     <span class='ocr_line' id='line_1_7' title="bbox 342 1353 2374 1464; baseline 0.024 -62"><span class='ocrx_word' id='word_1_83' title='bbox 342 1363 497 1453; x_wconf 55' lang='lat' dir='ltr'><strong>pum,</strong></span> <span class='ocrx_word' id='word_1_84' title='bbox 522 1373 640 1430; x_wconf 65' lang='lat' dir='ltr'><strong>mm</strong></span> <span class='ocrx_word' id='word_1_85' title='bbox 656 1353 854 1428; x_wconf 57' lang='lat' dir='ltr'><strong>Ecclesiam</strong></span> <span class='ocrx_word' id='word_1_86' title='bbox 876 1355 1015 1448; x_wconf 80' lang='lat' dir='ltr'><strong>aliquid</strong></span> <span class='ocrx_word' id='word_1_87' title='bbox 1038 1360 1085 1426; x_wconf 94' lang='lat' dir='ltr'><strong>de</strong></span> <span class='ocrx_word' id='word_1_88' title='bbox 1105 1357 1158 1426; x_wconf 89' lang='lat' dir='ltr'><strong>eis</strong></span> <span class='ocrx_word' id='word_1_89' title='bbox 1179 1359 1335 1447; x_wconf 85' lang='lat' dir='ltr'><strong>cogitare</strong></span> <span class='ocrx_word' id='word_1_90' title='bbox 1381 1361 1512 1428; x_wconf 87' lang='lat' dir='ltr'><strong>adeant</strong></span> <span class='ocrx_word' id='word_1_91' title='bbox 1533 1371 1702 1442; x_wconf 86' lang='lat' dir='ltr'><strong>mortem,</strong></span> <span class='ocrx_word' id='word_1_92' title='bbox 1742 1359 1826 1452; x_wconf 89' lang='lat' dir='ltr'><strong>quis</strong></span> <span class='ocrx_word' id='word_1_93' title='bbox 1857 1362 2001 1436; x_wconf 88' lang='lat' dir='ltr'><strong>dilectio</strong></span> <span class='ocrx_word' id='word_1_94' title='bbox 2026 1367 2092 1440; x_wconf 89' lang='lat' dir='ltr'><strong>Dei</strong></span> <span class='ocrx_word' id='word_1_95' title='bbox 2118 1378 2278 1448; x_wconf 90' lang='lat' dir='ltr'><strong>accendit</strong></span> <span class='ocrx_word' id='word_1_96' title='bbox 2301 1403 2374 1464; x_wconf 81' lang='lat' dir='ltr'><strong>eos,</strong></span> 
     </span>
     <span class='ocr_line' id='line_1_8' title="bbox 341 1459 1773 1553; baseline 0.006 -27"><span class='ocrx_word' id='word_1_97' title='bbox 341 1485 483 1534; x_wconf 82' lang='lat' dir='ltr'><strong>neeesse</strong></span> <span class='ocrx_word' id='word_1_98' title='bbox 498 1475 569 1542; x_wconf 88' lang='lat' dir='ltr'><strong>eat,</strong></span> <span class='ocrx_word' id='word_1_99' title='bbox 593 1459 677 1553; x_wconf 84' lang='lat' dir='ltr'><strong>qsrie</strong></span> <span class='ocrx_word' id='word_1_100' title='bbox 694 1459 817 1550; x_wconf 82' lang='lat' dir='ltr'><strong>aliquo</strong></span> <span class='ocrx_word' id='word_1_101' title='bbox 838 1461 946 1528; x_wconf 88' lang='lat' dir='ltr'><strong>modo</strong></span> <span class='ocrx_word' id='word_1_102' title='bbox 968 1472 1139 1550; x_wconf 79' lang='lat' dir='ltr'><strong>utrosque</strong></span> <span class='ocrx_word' id='word_1_103' title='bbox 1161 1460 1334 1548; x_wconf 85' lang='lat' dir='ltr'><strong>degustat,</strong></span> <span class='ocrx_word' id='word_1_104' title='bbox 1381 1475 1421 1530; x_wconf 91' lang='lat' dir='ltr'><strong>nt</strong></span> <span class='ocrx_word' id='word_1_105' title='bbox 1436 1459 1586 1530; x_wconf 84' lang='lat' dir='ltr'><strong>obedire</strong></span> <span class='ocrx_word' id='word_1_106' title='bbox 1601 1460 1633 1530; x_wconf 90' lang='lat' dir='ltr'><strong>ei</strong></span> <span class='ocrx_word' id='word_1_107' title='bbox 1649 1459 1773 1534; x_wconf 86' lang='lat' dir='ltr'><strong>velint.</strong></span> 
     </span>
     <span class='ocr_line' id='line_1_9' title="bbox 344 1559 2370 1675; baseline 0.016 -54"><span class='ocrx_word' id='word_1_108' title='bbox 344 1567 427 1636; x_wconf 54' lang='lat' dir='ltr'><strong>uin</strong></span> <span class='ocrx_word' id='word_1_109' title='bbox 445 1561 600 1634; x_wconf 66' lang='lat' dir='ltr'><strong>Psalmis</strong></span> <span class='ocrx_word' id='word_1_110' title='bbox 620 1584 723 1652; x_wconf 86' lang='lat' dir='ltr'><strong>saepe</strong></span> <span class='ocrx_word' id='word_1_111' title='bbox 736 1559 988 1632; x_wconf 85' lang='lat' dir='ltr'><strong>describuntur</strong></span> <span class='ocrx_word' id='word_1_112' title='bbox 1003 1562 1162 1654; x_wconf 88' lang='lat' dir='ltr'><strong>utrique,</strong></span> <span class='ocrx_word' id='word_1_113' title='bbox 1187 1574 1228 1631; x_wconf 92' lang='lat' dir='ltr'><strong>nt</strong></span> <span class='ocrx_word' id='word_1_114' title='bbox 1244 1585 1332 1632; x_wconf 90' lang='lat' dir='ltr'><strong>eon·</strong></span> <span class='ocrx_word' id='word_1_115' title='bbox 1482 1559 1552 1632; x_wconf 89' lang='lat' dir='ltr'><strong>llic</strong></span> <span class='ocrx_word' id='word_1_116' title='bbox 1580 1561 1780 1656; x_wconf 86' lang='lat' dir='ltr'><strong>quaeritur,</strong></span> <span class='ocrx_word' id='word_1_117' title='bbox 1821 1585 1901 1633; x_wconf 79' lang='lat' dir='ltr'><strong>cerm</strong></span> <span class='ocrx_word' id='word_1_118' title='bbox 1930 1589 1992 1636; x_wconf 88' lang='lat' dir='ltr'><strong>cor</strong></span> <span class='ocrx_word' id='word_1_119' title='bbox 2010 1583 2043 1640; x_wconf 92' lang='lat' dir='ltr'><strong>et</strong></span> <span class='ocrx_word' id='word_1_120' title='bbox 2065 1575 2230 1647; x_wconf 81' lang='lat' dir='ltr'><strong>volontas</strong></span> <span class='ocrx_word' id='word_1_121' title='bbox 2251 1581 2370 1675; x_wconf 87' lang='lat' dir='ltr'><strong>aliqua</strong></span> 
     </span>
     <span class='ocr_line' id='line_1_10' title="bbox 345 1660 2369 1758; baseline 0.008 -21"><span class='ocrx_word' id='word_1_122' title='bbox 345 1680 498 1738; x_wconf 77' lang='grc' dir='ltr'>ιιιιιιιιι</span> <span class='ocrx_word' id='word_1_123' title='bbox 512 1687 613 1736; x_wconf 88' lang='lat' dir='ltr'><strong>mens</strong></span> <span class='ocrx_word' id='word_1_124' title='bbox 625 1663 730 1734; x_wconf 88' lang='lat' dir='ltr'><strong>dicit:</strong></span> <span class='ocrx_word' id='word_1_125' title='bbox 761 1660 990 1746; x_wconf 79' lang='lat' dir='ltr'><strong>Damascena,</strong></span> <span class='ocrx_word' id='word_1_126' title='bbox 1015 1664 1331 1758; x_wconf 86' lang='lat' dir='ltr'><strong>quaredereliqui-</strong></span> <span class='ocrx_word' id='word_1_127' title='bbox 1379 1663 1778 1752; x_wconf 85' lang='lat' dir='ltr'><strong>expartedissideanta</strong></span> <span class='ocrx_word' id='word_1_128' title='bbox 1798 1664 1931 1736; x_wconf 89' lang='lat' dir='ltr'><strong>iudicio</strong></span> <span class='ocrx_word' id='word_1_129' title='bbox 1954 1675 2101 1756; x_wconf 89' lang='lat' dir='ltr'><strong>mentis,</strong></span> <span class='ocrx_word' id='word_1_130' title='bbox 2137 1683 2182 1748; x_wconf 86' lang='lat' dir='ltr'><strong>a&#39;n</strong></span> <span class='ocrx_word' id='word_1_131' title='bbox 2209 1675 2276 1752; x_wconf 89' lang='lat' dir='ltr'><strong>hoc</strong></span> <span class='ocrx_word' id='word_1_132' title='bbox 2294 1685 2369 1754; x_wconf 92' lang='lat' dir='ltr'><strong>dis-</strong></span> 
     </span>
     <span class='ocr_line' id='line_1_11' title="bbox 345 1761 2369 1858; baseline 0.01 -22"><span class='ocrx_word' id='word_1_133' title='bbox 345 1768 488 1840; x_wconf 80' lang='lat' dir='ltr'><strong>atinaei</strong></span> <span class='ocrx_word' id='word_1_134' title='bbox 521 1769 627 1836; x_wconf 85' lang='lat' dir='ltr'><strong>item:</strong></span> <span class='ocrx_word' id='word_1_135' title='bbox 667 1763 751 1836; x_wconf 89' lang='lat' dir='ltr'><strong>Non</strong></span> <span class='ocrx_word' id='word_1_136' title='bbox 776 1777 829 1834; x_wconf 92' lang='lat' dir='ltr'><strong>est</strong></span> <span class='ocrx_word' id='word_1_137' title='bbox 850 1764 945 1832; x_wconf 87' lang='lat' dir='ltr'><strong>salus</strong></span> <span class='ocrx_word' id='word_1_138' title='bbox 966 1762 1000 1836; x_wconf 84' lang='lat' dir='ltr'><strong>ei</strong></span> <span class='ocrx_word' id='word_1_139' title='bbox 1021 1764 1060 1832; x_wconf 87' lang='lat' dir='ltr'><strong>in</strong></span> <span class='ocrx_word' id='word_1_140' title='bbox 1076 1761 1156 1834; x_wconf 84' lang='lat' dir='ltr'><strong>Deo</strong></span> <span class='ocrx_word' id='word_1_141' title='bbox 1177 1788 1262 1846; x_wconf 88' lang='lat' dir='ltr'><strong>suo,</strong></span> <span class='ocrx_word' id='word_1_142' title='bbox 1295 1781 1332 1837; x_wconf 92' lang='lat' dir='ltr'><strong>et</strong></span> <span class='ocrx_word' id='word_1_143' title='bbox 1377 1766 1509 1836; x_wconf 86' lang='lat' dir='ltr'><strong>cidinm</strong></span> <span class='ocrx_word' id='word_1_144' title='bbox 1533 1767 1570 1836; x_wconf 90' lang='lat' dir='ltr'><strong>in</strong></span> <span class='ocrx_word' id='word_1_145' title='bbox 1592 1763 1755 1850; x_wconf 88' lang='lat' dir='ltr'><strong>Christo,</strong></span> <span class='ocrx_word' id='word_1_146' title='bbox 1795 1783 1835 1838; x_wconf 90' lang='lat' dir='ltr'><strong>ut</strong></span> <span class='ocrx_word' id='word_1_147' title='bbox 1865 1771 1903 1838; x_wconf 90' lang='lat' dir='ltr'><strong>in</strong></span> <span class='ocrx_word' id='word_1_148' title='bbox 1926 1774 2300 1854; x_wconf 86' lang='lat' dir='ltr'><strong>caeterishominibus</strong></span> <span class='ocrx_word' id='word_1_149' title='bbox 2323 1787 2369 1858; x_wconf 92' lang='lat' dir='ltr'><strong>sit</strong></span> 
     </span>
     <span class='ocr_line' id='line_1_12' title="bbox 340 1863 2367 1960; baseline 0.008 -19"><span class='ocrx_word' id='word_1_150' title='bbox 340 1871 469 1942; x_wconf 84' lang='lat' dir='ltr'><strong>sinilia</strong></span> <span class='ocrx_word' id='word_1_151' title='bbox 489 1870 584 1940; x_wconf 90' lang='lat' dir='ltr'><strong>dicta</strong></span> <span class='ocrx_word' id='word_1_152' title='bbox 607 1867 736 1958; x_wconf 89' lang='lat' dir='ltr'><strong>passim</strong></span> <span class='ocrx_word' id='word_1_153' title='bbox 758 1867 866 1938; x_wconf 86' lang='lat' dir='ltr'><strong>obvia</strong></span> <span class='ocrx_word' id='word_1_154' title='bbox 895 1880 1001 1956; x_wconf 79' lang='lat' dir='ltr'><strong>actast,</strong></span> <span class='ocrx_word' id='word_1_155' title='bbox 1038 1881 1078 1936; x_wconf 91' lang='lat' dir='ltr'><strong>ut</strong></span> <span class='ocrx_word' id='word_1_156' title='bbox 1099 1881 1217 1936; x_wconf 87' lang='lat' dir='ltr'><strong>nutem</strong></span> <span class='ocrx_word' id='word_1_157' title='bbox 1238 1863 1330 1940; x_wconf 87' lang='lat' dir='ltr'><strong>hanc</strong></span> <span class='ocrx_word' id='word_1_158' title='bbox 1376 1867 1560 1938; x_wconf 85' lang='lat' dir='ltr'><strong>vitiosum.</strong></span> <span class='ocrx_word' id='word_1_159' title='bbox 1604 1865 1837 1960; x_wconf 84' lang='lat' dir='ltr'><strong>Respondeo:</strong></span> <span class='ocrx_word' id='word_1_160' title='bbox 1862 1867 1962 1943; x_wconf 87' lang='lat' dir='ltr'><strong>Sicut</strong></span> <span class='ocrx_word' id='word_1_161' title='bbox 1978 1877 2083 1948; x_wconf 88' lang='lat' dir='ltr'><strong>dolor</strong></span> <span class='ocrx_word' id='word_1_162' title='bbox 2097 1905 2137 1950; x_wconf 88' lang='grc' dir='ltr'><strong>ιι</strong></span> <span class='ocrx_word' id='word_1_163' title='bbox 2156 1882 2367 1958; x_wconf 74' lang='lat' dir='ltr'><strong>laceratione</strong></span> 
     </span>
     <span class='ocr_line' id='line_1_13' title="bbox 337 1969 2366 2063; baseline 0.011 -25"><span class='ocrx_word' id='word_1_164' title='bbox 337 1971 746 2063; x_wconf 72' lang='lat' dir='ltr'><strong>csmdisputationern</strong></span> <span class='ocrx_word' id='word_1_165' title='bbox 761 1970 1050 2060; x_wconf 74' lang='lat' dir='ltr'><strong>complectamur,</strong></span> <span class='ocrx_word' id='word_1_166' title='bbox 1074 1969 1330 2041; x_wconf 66' lang='lat' dir='ltr'><strong>distribuamus</strong></span> <span class='ocrx_word' id='word_1_167' title='bbox 1375 1983 1494 2050; x_wconf 75' lang='lat' dir='ltr'><strong>omns,</strong></span> <span class='ocrx_word' id='word_1_168' title='bbox 1521 1992 1602 2040; x_wconf 82' lang='lat' dir='ltr'><strong>eece</strong></span> <span class='ocrx_word' id='word_1_169' title='bbox 1618 1970 1878 2056; x_wconf 89' lang='lat' dir='ltr'><strong>naturalisest,</strong></span> <span class='ocrx_word' id='word_1_170' title='bbox 1901 1987 1936 2044; x_wconf 90' lang='lat' dir='ltr'><strong>et</strong></span> <span class='ocrx_word' id='word_1_171' title='bbox 1953 1995 2093 2052; x_wconf 90' lang='lat' dir='ltr'><strong>nonest</strong></span> <span class='ocrx_word' id='word_1_172' title='bbox 2116 1983 2280 2059; x_wconf 82' lang='lat' dir='ltr'><strong>vitiosus:</strong></span> <span class='ocrx_word' id='word_1_173' title='bbox 2317 1990 2366 2060; x_wconf 91' lang='lat' dir='ltr'><strong>ita</strong></span> 
     </span>
     <span class='ocr_line' id='line_1_14' title="bbox 337 2071 2364 2168; baseline 0.011 -30"><span class='ocrx_word' id='word_1_174' title='bbox 337 2101 416 2148; x_wconf 71' lang='lat' dir='ltr'><strong>en</strong></span> <span class='ocrx_word' id='word_1_175' title='bbox 433 2072 828 2168; x_wconf 86' lang='lat' dir='ltr'><strong>inaliquotarticnloa.</strong></span> <span class='ocrx_word' id='word_1_176' title='bbox 1374 2087 1489 2142; x_wconf 80' lang='lat' dir='ltr'><strong>anetus</strong></span> <span class='ocrx_word' id='word_1_177' title='bbox 1517 2072 1663 2166; x_wconf 87' lang='lat' dir='ltr'><strong>qnidam</strong></span> <span class='ocrx_word' id='word_1_178' title='bbox 1708 2071 1805 2143; x_wconf 89' lang='lat' dir='ltr'><strong>illins</strong></span> <span class='ocrx_word' id='word_1_179' title='bbox 1840 2075 2066 2150; x_wconf 75' lang='lat' dir='ltr'><strong>lacerationis</strong></span> <span class='ocrx_word' id='word_1_180' title='bbox 2095 2098 2147 2154; x_wconf 93' lang='grc' dir='ltr'><strong>ιιι</strong></span> <span class='ocrx_word' id='word_1_181' title='bbox 2179 2090 2364 2164; x_wconf 89' lang='lat' dir='ltr'><strong>naturalis.</strong></span> 
     </span>
     <span class='ocr_line' id='line_1_15' title="bbox 435 2165 2366 2272; baseline 0.012 -32"><span class='ocrx_word' id='word_1_182' title='bbox 435 2175 601 2248; x_wconf 77' lang='lat' dir='ltr'><strong>Primus:</strong></span> <span class='ocrx_word' id='word_1_183' title='bbox 625 2165 994 2246; x_wconf 71' lang='lat' dir='ltr'><strong>Aaanmaitfilittsllei</strong></span> <span class='ocrx_word' id='word_1_184' title='bbox 1016 2184 1181 2244; x_wconf 85' lang='lat' dir='ltr'><strong>naturam</strong></span> <span class='ocrx_word' id='word_1_185' title='bbox 1199 2165 1327 2244; x_wconf 85' lang='lat' dir='ltr'><strong>hnma-</strong></span> <span class='ocrx_word' id='word_1_186' title='bbox 1373 2172 1505 2246; x_wconf 88' lang='lat' dir='ltr'><strong>Metuit</strong></span> <span class='ocrx_word' id='word_1_187' title='bbox 1522 2188 1556 2246; x_wconf 89' lang='lat' dir='ltr'><strong>et</strong></span> <span class='ocrx_word' id='word_1_188' title='bbox 1570 2174 1697 2264; x_wconf 88' lang='lat' dir='ltr'><strong>refugit</strong></span> <span class='ocrx_word' id='word_1_189' title='bbox 1713 2171 1895 2261; x_wconf 84' lang='lat' dir='ltr'><strong>Christos,</strong></span> <span class='ocrx_word' id='word_1_190' title='bbox 1929 2183 1989 2248; x_wconf 91' lang='lat' dir='ltr'><strong>sed</strong></span> <span class='ocrx_word' id='word_1_191' title='bbox 2015 2185 2195 2272; x_wconf 85' lang='lat' dir='ltr'><strong>ordinate,</strong></span> <span class='ocrx_word' id='word_1_192' title='bbox 2229 2215 2303 2260; x_wconf 93' lang='lat' dir='ltr'><strong>non</strong></span> <span class='ocrx_word' id='word_1_193' title='bbox 2325 2207 2366 2265; x_wconf 89' lang='lat' dir='ltr'><strong>ut</strong></span> 
     </span>
     <span class='ocr_line' id='line_1_16' title="bbox 334 2271 2362 2384; baseline 0.009 -38"><span class='ocrx_word' id='word_1_194' title='bbox 334 2305 438 2366; x_wconf 79' lang='lat' dir='ltr'><strong>narn,</strong></span> <span class='ocrx_word' id='word_1_195' title='bbox 461 2303 607 2361; x_wconf 78' lang='lat' dir='ltr'><strong>reram,</strong></span> <span class='ocrx_word' id='word_1_196' title='bbox 631 2277 828 2365; x_wconf 89' lang='lat' dir='ltr'><strong>integram,</strong></span> <span class='ocrx_word' id='word_1_197' title='bbox 852 2275 1109 2365; x_wconf 83' lang='lat' dir='ltr'><strong>incorruptam,</strong></span> <span class='ocrx_word' id='word_1_198' title='bbox 1135 2271 1325 2346; x_wconf 88' lang='lat' dir='ltr'><strong>habentem</strong></span> <span class='ocrx_word' id='word_1_199' title='bbox 1372 2299 1457 2361; x_wconf 91' lang='lat' dir='ltr'><strong>nos,</strong></span> <span class='ocrx_word' id='word_1_200' title='bbox 1483 2277 1697 2352; x_wconf 86' lang='lat' dir='ltr'><strong>inordinate.</strong></span> <span class='ocrx_word' id='word_1_201' title='bbox 1746 2277 1838 2348; x_wconf 84' lang='lat' dir='ltr'><strong>Nam</strong></span> <span class='ocrx_word' id='word_1_202' title='bbox 1853 2281 2016 2352; x_wconf 87' lang='lat' dir='ltr'><strong>ordinate</strong></span> <span class='ocrx_word' id='word_1_203' title='bbox 2037 2302 2163 2357; x_wconf 89' lang='lat' dir='ltr'><strong>natura</strong></span> <span class='ocrx_word' id='word_1_204' title='bbox 2187 2315 2291 2384; x_wconf 84' lang='lat' dir='ltr'><strong>supra</strong></span> <span class='ocrx_word' id='word_1_205' title='bbox 2308 2296 2362 2363; x_wconf 87' lang='lat' dir='ltr'><strong>vi·</strong></span> 
     </span>
     <span class='ocr_line' id='line_1_17' title="bbox 340 2377 2361 2484; baseline 0.014 -46"><span class='ocrx_word' id='word_1_206' title='bbox 340 2404 457 2457; x_wconf 61' lang='lat' dir='ltr'><strong>mm</strong></span> <span class='ocrx_word' id='word_1_207' title='bbox 470 2381 567 2451; x_wconf 64' lang='lat' dir='ltr'><strong>vira</strong></span> <span class='ocrx_word' id='word_1_208' title='bbox 582 2394 618 2451; x_wconf 85' lang='lat' dir='ltr'><strong>et</strong></span> <span class='ocrx_word' id='word_1_209' title='bbox 631 2377 867 2476; x_wconf 83' lang='lat' dir='ltr'><strong>appetitiones</strong></span> <span class='ocrx_word' id='word_1_210' title='bbox 881 2391 1029 2449; x_wconf 85' lang='lat' dir='ltr'><strong>naturae</strong></span> <span class='ocrx_word' id='word_1_211' title='bbox 1045 2378 1216 2470; x_wconf 88' lang='lat' dir='ltr'><strong>proprias,</strong></span> <span class='ocrx_word' id='word_1_212' title='bbox 1238 2378 1323 2448; x_wconf 82' lang='lat' dir='ltr'><strong>item</strong></span> <span class='ocrx_word' id='word_1_213' title='bbox 1371 2403 1426 2448; x_wconf 87' lang='lat' dir='ltr'><strong>res</strong></span> <span class='ocrx_word' id='word_1_214' title='bbox 1444 2394 1591 2448; x_wconf 85' lang='lat' dir='ltr'><strong>onerata</strong></span> <span class='ocrx_word' id='word_1_215' title='bbox 1606 2379 1730 2467; x_wconf 86' lang='lat' dir='ltr'><strong>gemit,</strong></span> <span class='ocrx_word' id='word_1_216' title='bbox 1756 2405 1821 2450; x_wconf 90' lang='lat' dir='ltr'><strong>nec</strong></span> <span class='ocrx_word' id='word_1_217' title='bbox 1837 2383 2015 2474; x_wconf 77' lang='lat' dir='ltr'><strong>frangitur</strong></span> <span class='ocrx_word' id='word_1_218' title='bbox 2027 2387 2104 2458; x_wconf 88' lang='lat' dir='ltr'><strong>sine</strong></span> <span class='ocrx_word' id='word_1_219' title='bbox 2117 2391 2238 2484; x_wconf 87' lang='lat' dir='ltr'><strong>aliquo</strong></span> <span class='ocrx_word' id='word_1_220' title='bbox 2255 2417 2361 2469; x_wconf 88' lang='lat' dir='ltr'><strong>scnsn</strong></span> 
     </span>
     <span class='ocr_line' id='line_1_18' title="bbox 347 2477 2359 2576; baseline 0.008 -23"><span class='ocrx_word' id='word_1_221' title='bbox 347 2509 419 2558; x_wconf 82' lang='lat' dir='ltr'><strong>uon</strong></span> <span class='ocrx_word' id='word_1_222' title='bbox 438 2484 625 2568; x_wconf 76' lang='lat' dir='ltr'><strong>vitiosam,</strong></span> <span class='ocrx_word' id='word_1_223' title='bbox 666 2482 726 2550; x_wconf 88' lang='lat' dir='ltr'><strong>aed</strong></span> <span class='ocrx_word' id='word_1_224' title='bbox 751 2479 953 2570; x_wconf 88' lang='lat' dir='ltr'><strong>passibilem</strong></span> <span class='ocrx_word' id='word_1_225' title='bbox 976 2481 1055 2548; x_wconf 92' lang='lat' dir='ltr'><strong>sine</strong></span> <span class='ocrx_word' id='word_1_226' title='bbox 1088 2494 1249 2572; x_wconf 85' lang='lat' dir='ltr'><strong>peccato,</strong></span> <span class='ocrx_word' id='word_1_227' title='bbox 1288 2493 1325 2551; x_wconf 90' lang='lat' dir='ltr'><strong>et</strong></span> <span class='ocrx_word' id='word_1_228' title='bbox 1370 2482 1522 2566; x_wconf 88' lang='lat' dir='ltr'><strong>doloris,</strong></span> <span class='ocrx_word' id='word_1_229' title='bbox 1548 2495 1583 2550; x_wconf 88' lang='lat' dir='ltr'><strong>et</strong></span> <span class='ocrx_word' id='word_1_230' title='bbox 1597 2495 1715 2552; x_wconf 89' lang='lat' dir='ltr'><strong>tamen</strong></span> <span class='ocrx_word' id='word_1_231' title='bbox 1729 2483 1766 2552; x_wconf 91' lang='lat' dir='ltr'><strong>iu</strong></span> <span class='ocrx_word' id='word_1_232' title='bbox 1783 2477 1852 2552; x_wconf 89' lang='lat' dir='ltr'><strong>hoe</strong></span> <span class='ocrx_word' id='word_1_233' title='bbox 1866 2485 1943 2576; x_wconf 91' lang='lat' dir='ltr'><strong>ipso</strong></span> <span class='ocrx_word' id='word_1_234' title='bbox 1957 2490 2089 2576; x_wconf 87' lang='lat' dir='ltr'><strong>gemitu</strong></span> <span class='ocrx_word' id='word_1_235' title='bbox 2107 2515 2208 2563; x_wconf 90' lang='lat' dir='ltr'><strong>mens</strong></span> <span class='ocrx_word' id='word_1_236' title='bbox 2230 2499 2359 2570; x_wconf 87' lang='lat' dir='ltr'><strong>retinet</strong></span> 
     </span>
     <span class='ocr_line' id='line_1_19' title="bbox 340 2579 2381 2678; baseline 0.007 -21"><span class='ocrx_word' id='word_1_237' title='bbox 340 2587 540 2667; x_wconf 84' lang='lat' dir='ltr'><strong>mortalem,</strong></span> <span class='ocrx_word' id='word_1_238' title='bbox 565 2582 889 2678; x_wconf 80' lang='lat' dir='ltr'><strong>quasinfirmitates</strong></span> <span class='ocrx_word' id='word_1_239' title='bbox 906 2581 1029 2652; x_wconf 87' lang='lat' dir='ltr'><strong>volens</strong></span> <span class='ocrx_word' id='word_1_240' title='bbox 1052 2579 1216 2652; x_wconf 86' lang='lat' dir='ltr'><strong>assumsit</strong></span> <span class='ocrx_word' id='word_1_241' title='bbox 1238 2606 1325 2673; x_wconf 88' lang='lat' dir='ltr'><strong>pro-</strong></span> <span class='ocrx_word' id='word_1_242' title='bbox 1369 2605 1474 2652; x_wconf 87' lang='lat' dir='ltr'><strong>snnm</strong></span> <span class='ocrx_word' id='word_1_243' title='bbox 1501 2582 1689 2668; x_wconf 87' lang='lat' dir='ltr'><strong>indicium,</strong></span> <span class='ocrx_word' id='word_1_244' title='bbox 1727 2589 1822 2677; x_wconf 88' lang='lat' dir='ltr'><strong>qnod</strong></span> <span class='ocrx_word' id='word_1_245' title='bbox 1848 2583 1925 2654; x_wconf 89' lang='lat' dir='ltr'><strong>Deo</strong></span> <span class='ocrx_word' id='word_1_246' title='bbox 1949 2590 1995 2658; x_wconf 90' lang='lat' dir='ltr'><strong>sit</strong></span> <span class='ocrx_word' id='word_1_247' title='bbox 2023 2593 2281 2670; x_wconf 84' lang='lat' dir='ltr'><strong>obediendum:</strong></span> <span class='ocrx_word' id='word_1_248' title='bbox 2323 2617 2381 2672; x_wconf 43' lang='lat' dir='ltr'><strong>et*</strong></span> 
     </span>
     <span class='ocr_line' id='line_1_20' title="bbox 336 2682 2358 2784; baseline 0.006 -27"><span class='ocrx_word' id='word_1_249' title='bbox 336 2707 412 2784; x_wconf 84' lang='lat' dir='ltr'><strong>pter</strong></span> <span class='ocrx_word' id='word_1_250' title='bbox 425 2713 513 2772; x_wconf 84' lang='lat' dir='ltr'><strong>nos,</strong></span> <span class='ocrx_word' id='word_1_251' title='bbox 541 2702 582 2757; x_wconf 91' lang='lat' dir='ltr'><strong>ut</strong></span> <span class='ocrx_word' id='word_1_252' title='bbox 600 2698 718 2775; x_wconf 84' lang='lat' dir='ltr'><strong>posset</strong></span> <span class='ocrx_word' id='word_1_253' title='bbox 740 2684 816 2754; x_wconf 85' lang='lat' dir='ltr'><strong>lieri</strong></span> <span class='ocrx_word' id='word_1_254' title='bbox 837 2683 1000 2765; x_wconf 82' lang='lat' dir='ltr'><strong>victima,</strong></span> <span class='ocrx_word' id='word_1_255' title='bbox 1041 2685 1091 2754; x_wconf 88' lang='lat' dir='ltr'><strong>sic</strong></span> <span class='ocrx_word' id='word_1_256' title='bbox 1116 2687 1160 2754; x_wconf 91' lang='lat' dir='ltr'><strong>ad</strong></span> <span class='ocrx_word' id='word_1_257' title='bbox 1177 2682 1321 2758; x_wconf 57' lang='lat' dir='ltr'><strong>Heba.</strong></span> <span class='ocrx_word' id='word_1_258' title='bbox 1369 2687 1535 2756; x_wconf 84' lang='lat' dir='ltr'><strong>voluntas</strong></span> <span class='ocrx_word' id='word_1_259' title='bbox 1548 2683 1664 2754; x_wconf 90' lang='lat' dir='ltr'><strong>Deum</strong></span> <span class='ocrx_word' id='word_1_260' title='bbox 1679 2687 1831 2774; x_wconf 86' lang='lat' dir='ltr'><strong>diligens</strong></span> <span class='ocrx_word' id='word_1_261' title='bbox 1845 2688 1954 2757; x_wconf 89' lang='lat' dir='ltr'><strong>vincit</strong></span> <span class='ocrx_word' id='word_1_262' title='bbox 1970 2694 2242 2783; x_wconf 89' lang='lat' dir='ltr'><strong>trepidationem</strong></span> <span class='ocrx_word' id='word_1_263' title='bbox 2258 2723 2358 2770; x_wconf 89' lang='lat' dir='ltr'><strong>snam</strong></span> 
     </span>
     <span class='ocr_line' id='line_1_21' title="bbox 331 2783 2359 2884; baseline 0.005 -21"><span class='ocrx_word' id='word_1_264' title='bbox 331 2793 482 2864; x_wconf 83' lang='lat' dir='ltr'><strong>dicitnr:</strong></span> <span class='ocrx_word' id='word_1_265' title='bbox 511 2787 594 2860; x_wconf 84' lang='lat' dir='ltr'><strong>Non</strong></span> <span class='ocrx_word' id='word_1_266' title='bbox 609 2783 782 2858; x_wconf 85' lang='lat' dir='ltr'><strong>habemns</strong></span> <span class='ocrx_word' id='word_1_267' title='bbox 806 2785 1027 2875; x_wconf 86' lang='lat' dir='ltr'><strong>pontificem,</strong></span> <span class='ocrx_word' id='word_1_268' title='bbox 1056 2787 1119 2879; x_wconf 85' lang='lat' dir='ltr'><strong>qui</strong></span> <span class='ocrx_word' id='word_1_269' title='bbox 1139 2811 1214 2857; x_wconf 90' lang='lat' dir='ltr'><strong>non</strong></span> <span class='ocrx_word' id='word_1_270' title='bbox 1237 2811 1322 2884; x_wconf 86' lang='lat' dir='ltr'><strong>pos-</strong></span> <span class='ocrx_word' id='word_1_271' title='bbox 1369 2801 1404 2856; x_wconf 91' lang='lat' dir='ltr'><strong>et</strong></span> <span class='ocrx_word' id='word_1_272' title='bbox 1419 2789 1555 2871; x_wconf 90' lang='lat' dir='ltr'><strong>cordis,</strong></span> <span class='ocrx_word' id='word_1_273' title='bbox 1584 2799 1620 2856; x_wconf 89' lang='lat' dir='ltr'><strong>et</strong></span> <span class='ocrx_word' id='word_1_274' title='bbox 1639 2789 1715 2858; x_wconf 81' lang='lat' dir='ltr'><strong>vult</strong></span> <span class='ocrx_word' id='word_1_275' title='bbox 1731 2785 1808 2858; x_wconf 87' lang='lat' dir='ltr'><strong>Deo</strong></span> <span class='ocrx_word' id='word_1_276' title='bbox 1828 2790 1992 2872; x_wconf 88' lang='lat' dir='ltr'><strong>obedire,</strong></span> <span class='ocrx_word' id='word_1_277' title='bbox 2026 2809 2061 2864; x_wconf 92' lang='lat' dir='ltr'><strong>et</strong></span> <span class='ocrx_word' id='word_1_278' title='bbox 2081 2791 2146 2867; x_wconf 89' lang='lat' dir='ltr'><strong>hac</strong></span> <span class='ocrx_word' id='word_1_279' title='bbox 2175 2801 2359 2878; x_wconf 73' lang='lat' dir='ltr'><strong>voluntate</strong></span> 
     </span>
     <span class='ocr_line' id='line_1_22' title="bbox 330 2887 2358 2990; baseline 0.004 -24"><span class='ocrx_word' id='word_1_280' title='bbox 330 2898 375 2966; x_wconf 89' lang='lat' dir='ltr'><strong>sit</strong></span> <span class='ocrx_word' id='word_1_281' title='bbox 394 2894 553 2984; x_wconf 88' lang='lat' dir='ltr'><strong>compati</strong></span> <span class='ocrx_word' id='word_1_282' title='bbox 582 2887 849 2962; x_wconf 83' lang='lat' dir='ltr'><strong>infirmitatibus</strong></span> <span class='ocrx_word' id='word_1_283' title='bbox 870 2891 1020 2969; x_wconf 87' lang='lat' dir='ltr'><strong>nostris,</strong></span> <span class='ocrx_word' id='word_1_284' title='bbox 1059 2892 1120 2958; x_wconf 91' lang='lat' dir='ltr'><strong>sed</strong></span> <span class='ocrx_word' id='word_1_285' title='bbox 1145 2902 1320 2961; x_wconf 90' lang='lat' dir='ltr'><strong>tentatum</strong></span> <span class='ocrx_word' id='word_1_286' title='bbox 1369 2890 1507 2978; x_wconf 89' lang='lat' dir='ltr'><strong>placide</strong></span> <span class='ocrx_word' id='word_1_287' title='bbox 1529 2890 1678 2960; x_wconf 91' lang='lat' dir='ltr'><strong>sustinet</strong></span> <span class='ocrx_word' id='word_1_288' title='bbox 1700 2906 1863 2964; x_wconf 89' lang='lat' dir='ltr'><strong>mortem.</strong></span> <span class='ocrx_word' id='word_1_289' title='bbox 1921 2889 2002 2962; x_wconf 91' lang='lat' dir='ltr'><strong>Non</strong></span> <span class='ocrx_word' id='word_1_290' title='bbox 2023 2910 2074 2968; x_wconf 85' lang='lat' dir='ltr'><strong>cst</strong></span> <span class='ocrx_word' id='word_1_291' title='bbox 2096 2900 2204 2990; x_wconf 86' lang='lat' dir='ltr'><strong>igitur</strong></span> <span class='ocrx_word' id='word_1_292' title='bbox 2228 2904 2358 2976; x_wconf 84' lang='lat' dir='ltr'><strong>vitiosa</strong></span> 
     </span>
     <span class='ocr_line' id='line_1_23' title="bbox 331 2986 2356 3092; baseline 0.01 -25"><span class='ocrx_word' id='word_1_293' title='bbox 331 2995 531 3092; x_wconf 79' lang='lat' dir='ltr'><strong>peremnia</strong></span> <span class='ocrx_word' id='word_1_294' title='bbox 552 2994 747 3064; x_wconf 89' lang='lat' dir='ltr'><strong>secundum</strong></span> <span class='ocrx_word' id='word_1_295' title='bbox 768 2989 1041 3062; x_wconf 86' lang='lat' dir='ltr'><strong>similitudinem</strong></span> <span class='ocrx_word' id='word_1_296' title='bbox 1065 2991 1142 3062; x_wconf 88' lang='lat' dir='ltr'><strong>sine</strong></span> <span class='ocrx_word' id='word_1_297' title='bbox 1165 3005 1318 3084; x_wconf 86' lang='lat' dir='ltr'><strong>peccato.</strong></span> <span class='ocrx_word' id='word_1_298' title='bbox 1367 2986 1455 3063; x_wconf 87' lang='lat' dir='ltr'><strong>haec</strong></span> <span class='ocrx_word' id='word_1_299' title='bbox 1483 2991 1695 3083; x_wconf 78' lang='lat' dir='ltr'><strong>trepidatio,</strong></span> <span class='ocrx_word' id='word_1_300' title='bbox 1740 2995 1823 3086; x_wconf 84' lang='lat' dir='ltr'><strong>quia</strong></span> <span class='ocrx_word' id='word_1_301' title='bbox 1854 3007 1906 3064; x_wconf 72' lang='lat' dir='ltr'><strong>cal</strong></span> <span class='ocrx_word' id='word_1_302' title='bbox 1929 2999 2102 3069; x_wconf 69' lang='grc' dir='ltr'>ιιιιιιιιιΙῐι</span> <span class='ocrx_word' id='word_1_303' title='bbox 2124 3017 2159 3072; x_wconf 73' lang='grc' dir='ltr'><strong>ιι</strong></span> <span class='ocrx_word' id='word_1_304' title='bbox 2180 3006 2356 3088; x_wconf 55' lang='lat' dir='ltr'><strong>ordinat&amp;</strong></span> 
     </span>
     <span class='ocr_line' id='line_1_24' title="bbox 328 3091 2356 3190; baseline 0.017 -45"><span class='ocrx_word' id='word_1_305' title='bbox 328 3099 406 3172; x_wconf 58' lang='lat'>132⁸}</span> <span class='ocrx_word' id='word_1_306' title='bbox 422 3098 535 3188; x_wconf 64' lang='lat' dir='ltr'><strong>{gigm-</strong></span> <span class='ocrx_word' id='word_1_307' title='bbox 548 3091 711 3166; x_wconf 60' lang='lat' dir='ltr'><strong>Christus</strong></span> <span class='ocrx_word' id='word_1_308' title='bbox 727 3091 869 3162; x_wconf 87' lang='lat' dir='ltr'><strong>videbat</strong></span> <span class='ocrx_word' id='word_1_309' title='bbox 891 3108 1049 3181; x_wconf 86' lang='lat' dir='ltr'><strong>patrem,</strong></span> <span class='ocrx_word' id='word_1_310' title='bbox 1081 3110 1117 3164; x_wconf 94' lang='lat' dir='ltr'><strong>et</strong></span> <span class='ocrx_word' id='word_1_311' title='bbox 1136 3108 1212 3164; x_wconf 86' lang='lat' dir='ltr'><strong>erat</strong></span> <span class='ocrx_word' id='word_1_312' title='bbox 1235 3095 1319 3162; x_wconf 89' lang='lat' dir='ltr'><strong>bea·</strong></span> <span class='ocrx_word' id='word_1_313' title='bbox 1366 3117 1441 3164; x_wconf 90' lang='lat' dir='ltr'><strong>nou</strong></span> <span class='ocrx_word' id='word_1_314' title='bbox 1464 3108 1504 3165; x_wconf 90' lang='lat' dir='ltr'><strong>ut</strong></span> <span class='ocrx_word' id='word_1_315' title='bbox 1523 3095 1561 3162; x_wconf 92' lang='lat' dir='ltr'><strong>in</strong></span> <span class='ocrx_word' id='word_1_316' title='bbox 1578 3094 1702 3176; x_wconf 89' lang='lat' dir='ltr'><strong>nobis,</strong></span> <span class='ocrx_word' id='word_1_317' title='bbox 1735 3095 1957 3180; x_wconf 88' lang='lat' dir='ltr'><strong>inordinata,</strong></span> <span class='ocrx_word' id='word_1_318' title='bbox 1990 3100 2129 3190; x_wconf 87' lang='lat' dir='ltr'><strong>fugiens</strong></span> <span class='ocrx_word' id='word_1_319' title='bbox 2150 3107 2300 3178; x_wconf 91' lang='lat' dir='ltr'><strong>mollitie</strong></span> <span class='ocrx_word' id='word_1_320' title='bbox 2322 3125 2356 3180; x_wconf 89' lang='grc' dir='ltr'><strong>ιι</strong></span> 
     </span>
     <span class='ocr_line' id='line_1_25' title="bbox 330 3189 2428 3297; baseline 0.006 -33"><span class='ocrx_word' id='word_1_321' title='bbox 330 3220 404 3288; x_wconf 70' lang='grc' dir='ltr'><strong>ως,</strong></span> <span class='ocrx_word' id='word_1_322' title='bbox 428 3215 552 3272; x_wconf 70' lang='lat' dir='ltr'><strong>umen</strong></span> <span class='ocrx_word' id='word_1_323' title='bbox 567 3194 723 3268; x_wconf 86' lang='lat' dir='ltr'><strong>hnmana</strong></span> <span class='ocrx_word' id='word_1_324' title='bbox 739 3209 864 3265; x_wconf 86' lang='lat' dir='ltr'><strong>natura</strong></span> <span class='ocrx_word' id='word_1_325' title='bbox 879 3189 1004 3266; x_wconf 86' lang='lat' dir='ltr'><strong>habuit</strong></span> <span class='ocrx_word' id='word_1_326' title='bbox 1026 3217 1108 3264; x_wconf 85' lang='lat' dir='ltr'><strong>suas</strong></span> <span class='ocrx_word' id='word_1_327' title='bbox 1129 3195 1319 3287; x_wconf 87' lang='lat' dir='ltr'><strong>appetitio·</strong></span> <span class='ocrx_word' id='word_1_328' title='bbox 1364 3197 1485 3266; x_wconf 83' lang='lat' dir='ltr'><strong>amore</strong></span> <span class='ocrx_word' id='word_1_329' title='bbox 1499 3195 1738 3288; x_wconf 87' lang='lat' dir='ltr'><strong>voluptatum,</strong></span> <span class='ocrx_word' id='word_1_330' title='bbox 1763 3210 1797 3266; x_wconf 92' lang='lat' dir='ltr'><strong>et</strong></span> <span class='ocrx_word' id='word_1_331' title='bbox 1813 3221 1892 3267; x_wconf 78' lang='lat' dir='ltr'><strong>carm</strong></span> <span class='ocrx_word' id='word_1_332' title='bbox 1908 3200 2195 3288; x_wconf 83' lang='lat' dir='ltr'><strong>dubitationibus</strong></span> <span class='ocrx_word' id='word_1_333' title='bbox 2209 3209 2254 3277; x_wconf 90' lang='lat' dir='ltr'><strong>de</strong></span> <span class='ocrx_word' id='word_1_334' title='bbox 2268 3209 2357 3297; x_wconf 88' lang='lat' dir='ltr'><strong>Deo,</strong></span> <span class='ocrx_word' id='word_1_335' title='bbox 2424 3268 2428 3277; x_wconf 87' lang='lat'><em>.</em></span> 
     </span>
     <span class='ocr_line' id='line_1_26' title="bbox 328 3291 1911 3392; baseline 0.003 -20"><span class='ocrx_word' id='word_1_336' title='bbox 328 3329 413 3392; x_wconf 88' lang='lat' dir='ltr'><strong>nes,</strong></span> <span class='ocrx_word' id='word_1_337' title='bbox 436 3306 497 3375; x_wconf 83' lang='lat' dir='ltr'><strong>scd</strong></span> <span class='ocrx_word' id='word_1_338' title='bbox 514 3301 707 3372; x_wconf 86' lang='lat' dir='ltr'><strong>ordinatas.</strong></span> <span class='ocrx_word' id='word_1_339' title='bbox 741 3293 790 3368; x_wconf 88' lang='grc' dir='ltr'><strong>Ει</strong></span> <span class='ocrx_word' id='word_1_340' title='bbox 804 3291 869 3365; x_wconf 87' lang='lat' dir='ltr'><strong>hae</strong></span> <span class='ocrx_word' id='word_1_341' title='bbox 885 3319 987 3388; x_wconf 86' lang='lat' dir='ltr'><strong>saepe</strong></span> <span class='ocrx_word' id='word_1_342' title='bbox 1002 3297 1212 3382; x_wconf 73' lang='lat' dir='ltr'><strong>recitantur,</strong></span> <span class='ocrx_word' id='word_1_343' title='bbox 1237 3321 1318 3366; x_wconf 91' lang='lat' dir='ltr'><strong>esu·</strong></span> <span class='ocrx_word' id='word_1_344' title='bbox 1364 3310 1426 3369; x_wconf 85' lang='lat' dir='ltr'><strong>ant</strong></span> <span class='ocrx_word' id='word_1_345' title='bbox 1438 3298 1584 3368; x_wconf 79' lang='lat' dir='ltr'><strong>fremitu</strong></span> <span class='ocrx_word' id='word_1_346' title='bbox 1598 3298 1768 3390; x_wconf 79' lang='lat' dir='ltr'><strong>adversus</strong></span> <span class='ocrx_word' id='word_1_347' title='bbox 1781 3298 1911 3376; x_wconf 82' lang='lat' dir='ltr'><strong>Deum.</strong></span> 
     </span>
     <span class='ocr_line' id='line_1_27' title="bbox 326 3398 2353 3493; baseline 0.012 -30"><span class='ocrx_word' id='word_1_348' title='bbox 326 3409 393 3493; x_wconf 58' lang='lat' dir='ltr'><strong>gie,</strong></span> <span class='ocrx_word' id='word_1_349' title='bbox 419 3405 516 3491; x_wconf 58' lang='lat' dir='ltr'><strong>sitit,</strong></span> <span class='ocrx_word' id='word_1_350' title='bbox 540 3403 711 3481; x_wconf 84' lang='lat' dir='ltr'><strong>laetatur,</strong></span> <span class='ocrx_word' id='word_1_351' title='bbox 735 3399 920 3483; x_wconf 73' lang='lat' dir='ltr'><strong>irascitur,</strong></span> <span class='ocrx_word' id='word_1_352' title='bbox 945 3398 1186 3468; x_wconf 69' lang='lat' dir='ltr'><strong>misericordia</strong></span> <span class='ocrx_word' id='word_1_353' title='bbox 1204 3399 1316 3470; x_wconf 83' lang='lat' dir='ltr'><strong>affici-</strong></span> <span class='ocrx_word' id='word_1_354' title='bbox 1467 3399 1538 3472; x_wconf 86' lang='lat' dir='ltr'><strong>Sed</strong></span> <span class='ocrx_word' id='word_1_355' title='bbox 1555 3398 1681 3470; x_wconf 86' lang='lat' dir='ltr'><strong>tertius</strong></span> <span class='ocrx_word' id='word_1_356' title='bbox 1696 3403 1826 3491; x_wconf 88' lang='lat' dir='ltr'><strong>gradus</strong></span> <span class='ocrx_word' id='word_1_357' title='bbox 1842 3414 1892 3472; x_wconf 92' lang='lat' dir='ltr'><strong>est</strong></span> <span class='ocrx_word' id='word_1_358' title='bbox 1909 3403 2092 3491; x_wconf 89' lang='lat' dir='ltr'><strong>dolorum,</strong></span> <span class='ocrx_word' id='word_1_359' title='bbox 2118 3429 2179 3481; x_wconf 86' lang='lat' dir='ltr'><strong>sen</strong></span> <span class='ocrx_word' id='word_1_360' title='bbox 2195 3427 2353 3487; x_wconf 88' lang='lat' dir='ltr'><strong>conster-</strong></span> 
     </span>
     <span class='ocr_line' id='line_1_28' title="bbox 329 3500 2354 3599; baseline 0.013 -37"><span class='ocrx_word' id='word_1_361' title='bbox 329 3526 407 3594; x_wconf 57' lang='grc' dir='ltr'><strong>ως,</strong></span> <span class='ocrx_word' id='word_1_362' title='bbox 439 3510 560 3593; x_wconf 65' lang='lat' dir='ltr'><strong>dotet,</strong></span> <span class='ocrx_word' id='word_1_363' title='bbox 591 3506 779 3599; x_wconf 85' lang='lat' dir='ltr'><strong>lacrymat,</strong></span> <span class='ocrx_word' id='word_1_364' title='bbox 814 3500 1039 3572; x_wconf 84' lang='lat' dir='ltr'><strong>conflictatur</strong></span> <span class='ocrx_word' id='word_1_365' title='bbox 1061 3502 1196 3591; x_wconf 90' lang='lat' dir='ltr'><strong>ingenti</strong></span> <span class='ocrx_word' id='word_1_366' title='bbox 1217 3528 1316 3571; x_wconf 87' lang='lat' dir='ltr'><strong>moe·</strong></span> <span class='ocrx_word' id='word_1_367' title='bbox 1362 3504 1570 3593; x_wconf 86' lang='lat' dir='ltr'><strong>nationum,</strong></span> <span class='ocrx_word' id='word_1_368' title='bbox 1600 3527 1691 3597; x_wconf 82' lang='lat' dir='ltr'><strong>qsrse</strong></span> <span class='ocrx_word' id='word_1_369' title='bbox 1714 3519 1798 3576; x_wconf 92' lang='lat' dir='ltr'><strong>sunt</strong></span> <span class='ocrx_word' id='word_1_370' title='bbox 1819 3506 1925 3593; x_wconf 91' lang='lat' dir='ltr'><strong>longe</strong></span> <span class='ocrx_word' id='word_1_371' title='bbox 1943 3530 2048 3595; x_wconf 86' lang='lat' dir='ltr'><strong>snpra</strong></span> <span class='ocrx_word' id='word_1_372' title='bbox 2069 3516 2248 3585; x_wconf 84' lang='lat' dir='ltr'><strong>naturales</strong></span> <span class='ocrx_word' id='word_1_373' title='bbox 2272 3518 2354 3589; x_wconf 86' lang='lat' dir='ltr'><strong>illos</strong></span> 
     </span>
     <span class='ocr_line' id='line_1_29' title="bbox 329 3598 2353 3691; baseline 0.004 -8"><span class='ocrx_word' id='word_1_374' title='bbox 329 3612 440 3685; x_wconf 82' lang='lat' dir='ltr'><strong>stitia.</strong></span> <span class='ocrx_word' id='word_1_375' title='bbox 488 3608 539 3681; x_wconf 86' lang='lat' dir='ltr'><strong>Hi</strong></span> <span class='ocrx_word' id='word_1_376' title='bbox 556 3608 701 3679; x_wconf 74' lang='lat' dir='ltr'><strong>allectus</strong></span> <span class='ocrx_word' id='word_1_377' title='bbox 724 3606 762 3674; x_wconf 90' lang='lat' dir='ltr'><strong>iu</strong></span> <span class='ocrx_word' id='word_1_378' title='bbox 777 3598 917 3677; x_wconf 84' lang='lat' dir='ltr'><strong>Christo</strong></span> <span class='ocrx_word' id='word_1_379' title='bbox 938 3628 1012 3675; x_wconf 91' lang='lat' dir='ltr'><strong>non</strong></span> <span class='ocrx_word' id='word_1_380' title='bbox 1034 3604 1182 3675; x_wconf 86' lang='lat' dir='ltr'><strong>fuerunt</strong></span> <span class='ocrx_word' id='word_1_381' title='bbox 1203 3606 1315 3675; x_wconf 91' lang='lat' dir='ltr'><strong>simu·</strong></span> <span class='ocrx_word' id='word_1_382' title='bbox 1363 3607 1526 3689; x_wconf 90' lang='lat' dir='ltr'><strong>dolores,</strong></span> <span class='ocrx_word' id='word_1_383' title='bbox 1552 3621 1586 3676; x_wconf 90' lang='lat' dir='ltr'><strong>et</strong></span> <span class='ocrx_word' id='word_1_384' title='bbox 1601 3629 1721 3675; x_wconf 87' lang='lat' dir='ltr'><strong>causas</strong></span> <span class='ocrx_word' id='word_1_385' title='bbox 1736 3606 1935 3691; x_wconf 84' lang='lat' dir='ltr'><strong>naturales,</strong></span> <span class='ocrx_word' id='word_1_386' title='bbox 1960 3608 2125 3683; x_wconf 86' lang='lat' dir='ltr'><strong>videlicet</strong></span> <span class='ocrx_word' id='word_1_387' title='bbox 2141 3640 2265 3690; x_wconf 87' lang='lat' dir='ltr'><strong>sensns</strong></span> <span class='ocrx_word' id='word_1_388' title='bbox 2279 3620 2353 3690; x_wconf 89' lang='lat' dir='ltr'><strong>irae</strong></span> 
     </span>
     <span class='ocr_line' id='line_1_30' title="bbox 333 3704 2351 3801; baseline 0.004 -18"><span class='ocrx_word' id='word_1_389' title='bbox 333 3716 412 3801; x_wconf 89' lang='lat' dir='ltr'><strong>lati,</strong></span> <span class='ocrx_word' id='word_1_390' title='bbox 437 3717 498 3783; x_wconf 87' lang='lat' dir='ltr'><strong>sed</strong></span> <span class='ocrx_word' id='word_1_391' title='bbox 520 3712 594 3782; x_wconf 81' lang='lat' dir='ltr'><strong>veri</strong></span> <span class='ocrx_word' id='word_1_392' title='bbox 610 3724 644 3781; x_wconf 91' lang='lat' dir='ltr'><strong>et</strong></span> <span class='ocrx_word' id='word_1_393' title='bbox 659 3708 818 3797; x_wconf 81' lang='lat' dir='ltr'><strong>ingentes</strong></span> <span class='ocrx_word' id='word_1_394' title='bbox 835 3720 973 3791; x_wconf 87' lang='lat' dir='ltr'><strong>motus,</strong></span> <span class='ocrx_word' id='word_1_395' title='bbox 1005 3720 1041 3777; x_wconf 88' lang='lat' dir='ltr'><strong>et</strong></span> <span class='ocrx_word' id='word_1_396' title='bbox 1061 3721 1146 3777; x_wconf 82' lang='lat' dir='ltr'><strong>scant</strong></span> <span class='ocrx_word' id='word_1_397' title='bbox 1161 3707 1314 3778; x_wconf 80' lang='lat' dir='ltr'><strong>illustria</strong></span> <span class='ocrx_word' id='word_1_398' title='bbox 1362 3706 1430 3779; x_wconf 90' lang='lat' dir='ltr'><strong>Dei</strong></span> <span class='ocrx_word' id='word_1_399' title='bbox 1444 3711 1613 3778; x_wconf 82' lang='lat' dir='ltr'><strong>adversus</strong></span> <span class='ocrx_word' id='word_1_400' title='bbox 1629 3722 1821 3797; x_wconf 86' lang='lat' dir='ltr'><strong>peccatum.</strong></span> <span class='ocrx_word' id='word_1_401' title='bbox 1869 3704 2041 3799; x_wconf 73' lang='lat' dir='ltr'><strong>Agnoscit</strong></span> <span class='ocrx_word' id='word_1_402' title='bbox 2054 3711 2218 3788; x_wconf 88' lang='lat' dir='ltr'><strong>Christus</strong></span> <span class='ocrx_word' id='word_1_403' title='bbox 2235 3716 2351 3791; x_wconf 89' lang='lat' dir='ltr'><strong>Deum</strong></span> 
     </span>
     <span class='ocr_line' id='line_1_31' title="bbox 332 3803 2352 3912; baseline 0.005 -29"><span class='ocrx_word' id='word_1_404' title='bbox 332 3816 553 3901; x_wconf 79' lang='lat' dir='ltr'><strong>testimonis,¹</strong></span> <span class='ocrx_word' id='word_1_405' title='bbox 577 3808 801 3884; x_wconf 82' lang='lat' dir='ltr'><strong>ostendentia</strong></span> <span class='ocrx_word' id='word_1_406' title='bbox 824 3808 863 3877; x_wconf 93' lang='lat' dir='ltr'><strong>in</strong></span> <span class='ocrx_word' id='word_1_407' title='bbox 879 3803 1024 3880; x_wconf 80' lang='lat' dir='ltr'><strong>Christo</strong></span> <span class='ocrx_word' id='word_1_408' title='bbox 1046 3835 1129 3881; x_wconf 84' lang='lat' dir='ltr'><strong>vere</strong></span> <span class='ocrx_word' id='word_1_409' title='bbox 1151 3833 1224 3881; x_wconf 87' lang='lat' dir='ltr'><strong>esse</strong></span> <span class='ocrx_word' id='word_1_410' title='bbox 1245 3804 1315 3881; x_wconf 90' lang='lat' dir='ltr'><strong>hu·</strong></span> <span class='ocrx_word' id='word_1_411' title='bbox 1362 3805 1586 3881; x_wconf 82' lang='lat' dir='ltr'><strong>horribiliter</strong></span> <span class='ocrx_word' id='word_1_412' title='bbox 1607 3810 1711 3881; x_wconf 89' lang='lat' dir='ltr'><strong>irasci</strong></span> <span class='ocrx_word' id='word_1_413' title='bbox 1728 3809 1853 3899; x_wconf 82' lang='lat' dir='ltr'><strong>&#39;generi</strong></span> <span class='ocrx_word' id='word_1_414' title='bbox 1880 3804 2037 3883; x_wconf 86' lang='lat' dir='ltr'><strong>hnmano</strong></span> <span class='ocrx_word' id='word_1_415' title='bbox 2059 3832 2205 3909; x_wconf 90' lang='lat' dir='ltr'><strong>propter</strong></span> <span class='ocrx_word' id='word_1_416' title='bbox 2227 3846 2352 3912; x_wconf 89' lang='lat' dir='ltr'><strong>pecca·</strong></span> 
     </span>
     <span class='ocr_line' id='line_1_32' title="bbox 330 3908 2351 4016; baseline 0.018 -58"><span class='ocrx_word' id='word_1_417' title='bbox 330 3944 467 3989; x_wconf 69' lang='lat' dir='ltr'><strong>mmm</strong></span> <span class='ocrx_word' id='word_1_418' title='bbox 482 3931 658 3989; x_wconf 55' lang='lat' dir='ltr'><strong>uagum,</strong></span> <span class='ocrx_word' id='word_1_419' title='bbox 1362 3927 1458 3998; x_wconf 89' lang='lat' dir='ltr'><strong>tum,</strong></span> <span class='ocrx_word' id='word_1_420' title='bbox 1484 3908 1624 3983; x_wconf 90' lang='lat' dir='ltr'><strong>ethsnc</strong></span> <span class='ocrx_word' id='word_1_421' title='bbox 1639 3911 1730 3982; x_wconf 85' lang='lat' dir='ltr'><strong>iram</strong></span> <span class='ocrx_word' id='word_1_422' title='bbox 1751 3912 1887 3984; x_wconf 80' lang='lat' dir='ltr'><strong>effundi</strong></span> <span class='ocrx_word' id='word_1_423' title='bbox 1910 3936 2008 3985; x_wconf 90' lang='lat' dir='ltr'><strong>nnnc</strong></span> <span class='ocrx_word' id='word_1_424' title='bbox 2032 3916 2069 3985; x_wconf 91' lang='lat' dir='ltr'><strong>in</strong></span> <span class='ocrx_word' id='word_1_425' title='bbox 2093 3941 2147 4006; x_wconf 89' lang='grc' dir='ltr'><strong>ιι,</strong></span> <span class='ocrx_word' id='word_1_426' title='bbox 2180 3935 2351 4016; x_wconf 86' lang='lat' dir='ltr'><strong>tanquam</strong></span> 
     </span>
     <span class='ocr_line' id='line_1_33' title="bbox 427 4010 2351 4113; baseline 0.003 -24"><span class='ocrx_word' id='word_1_427' title='bbox 427 4020 616 4093; x_wconf 80' lang='lat' dir='ltr'><strong>Secundus</strong></span> <span class='ocrx_word' id='word_1_428' title='bbox 651 4011 841 4100; x_wconf 85' lang='lat' dir='ltr'><strong>articulus,</strong></span> <span class='ocrx_word' id='word_1_429' title='bbox 880 4023 921 4083; x_wconf 91' lang='lat' dir='ltr'><strong>ut</strong></span> <span class='ocrx_word' id='word_1_430' title='bbox 941 4013 1072 4104; x_wconf 85' lang='lat' dir='ltr'><strong>gradus</strong></span> <span class='ocrx_word' id='word_1_431' title='bbox 1091 4014 1258 4085; x_wconf 85' lang='lat' dir='ltr'><strong>dolorum</strong></span> <span class='ocrx_word' id='word_1_432' title='bbox 1280 4026 1315 4085; x_wconf 88' lang='lat' dir='ltr'><strong>et</strong></span> <span class='ocrx_word' id='word_1_433' title='bbox 1361 4015 1562 4095; x_wconf 82' lang='lat' dir='ltr'><strong>victimam,</strong></span> <span class='ocrx_word' id='word_1_434' title='bbox 1587 4014 1684 4085; x_wconf 92' lang='lat' dir='ltr'><strong>dolet</strong></span> <span class='ocrx_word' id='word_1_435' title='bbox 1700 4010 1815 4095; x_wconf 86' lang='lat' dir='ltr'><strong>Deum</strong></span> <span class='ocrx_word' id='word_1_436' title='bbox 1829 4014 2002 4087; x_wconf 86' lang='lat' dir='ltr'><strong>offensum</strong></span> <span class='ocrx_word' id='word_1_437' title='bbox 2018 4041 2266 4113; x_wconf 87' lang='lat' dir='ltr'><strong>esaeagenere</strong></span> <span class='ocrx_word' id='word_1_438' title='bbox 2282 4021 2351 4097; x_wconf 89' lang='lat' dir='ltr'><strong>hn-</strong></span> 
     </span>
     <span class='ocr_line' id='line_1_34' title="bbox 331 4113 2352 4209; baseline 0.003 -16"><span class='ocrx_word' id='word_1_439' title='bbox 331 4122 653 4194; x_wconf 87' lang='lat' dir='ltr'><strong>oonsternationum</strong></span> <span class='ocrx_word' id='word_1_440' title='bbox 672 4118 709 4185; x_wconf 92' lang='lat' dir='ltr'><strong>in</strong></span> <span class='ocrx_word' id='word_1_441' title='bbox 724 4113 868 4187; x_wconf 81' lang='lat' dir='ltr'><strong>Christo</strong></span> <span class='ocrx_word' id='word_1_442' title='bbox 884 4116 1004 4209; x_wconf 86' lang='lat' dir='ltr'><strong>aliquo</strong></span> <span class='ocrx_word' id='word_1_443' title='bbox 1026 4119 1134 4186; x_wconf 91' lang='lat' dir='ltr'><strong>modo</strong></span> <span class='ocrx_word' id='word_1_444' title='bbox 1151 4117 1314 4188; x_wconf 88' lang='lat' dir='ltr'><strong>consida-</strong></span> <span class='ocrx_word' id='word_1_445' title='bbox 1363 4142 1491 4201; x_wconf 72' lang='lat' dir='ltr'><strong>mmo,</strong></span> <span class='ocrx_word' id='word_1_446' title='bbox 1517 4129 1551 4187; x_wconf 89' lang='lat' dir='ltr'><strong>et</strong></span> <span class='ocrx_word' id='word_1_447' title='bbox 1571 4117 1725 4187; x_wconf 89' lang='lat' dir='ltr'><strong>luctatur</strong></span> <span class='ocrx_word' id='word_1_448' title='bbox 1746 4140 1825 4187; x_wconf 91' lang='lat' dir='ltr'><strong>cum</strong></span> <span class='ocrx_word' id='word_1_449' title='bbox 1852 4120 2050 4191; x_wconf 84' lang='lat' dir='ltr'><strong>tentatione</strong></span> <span class='ocrx_word' id='word_1_450' title='bbox 2071 4126 2116 4191; x_wconf 90' lang='lat' dir='ltr'><strong>de</strong></span> <span class='ocrx_word' id='word_1_451' title='bbox 2139 4126 2352 4203; x_wconf 85' lang='lat' dir='ltr'><strong>abiectione.</strong></span> 
     </span>
     <span class='ocr_line' id='line_1_35' title="bbox 332 4214 2349 4314; baseline 0.002 -20"><span class='ocrx_word' id='word_1_452' title='bbox 332 4240 467 4310; x_wconf 86' lang='lat' dir='ltr'><strong>rentur,</strong></span> <span class='ocrx_word' id='word_1_453' title='bbox 508 4220 685 4314; x_wconf 89' lang='lat' dir='ltr'><strong>potentiae</strong></span> <span class='ocrx_word' id='word_1_454' title='bbox 704 4218 973 4303; x_wconf 81' lang='lat' dir='ltr'><strong>discernantur,</strong></span> <span class='ocrx_word' id='word_1_455' title='bbox 1015 4234 1049 4288; x_wconf 93' lang='lat' dir='ltr'><strong>et</strong></span> <span class='ocrx_word' id='word_1_456' title='bbox 1074 4220 1161 4312; x_wconf 86' lang='lat' dir='ltr'><strong>quid</strong></span> <span class='ocrx_word' id='word_1_457' title='bbox 1186 4219 1315 4311; x_wconf 86' lang='lat' dir='ltr'><strong>cuique</strong></span> <span class='ocrx_word' id='word_1_458' title='bbox 1361 4217 1432 4288; x_wconf 86' lang='lat' dir='ltr'><strong>Hic</strong></span> <span class='ocrx_word' id='word_1_459' title='bbox 1448 4242 1609 4288; x_wconf 87' lang='lat' dir='ltr'><strong>summus</strong></span> <span class='ocrx_word' id='word_1_460' title='bbox 1627 4219 1757 4307; x_wconf 86' lang='lat' dir='ltr'><strong>gradus</strong></span> <span class='ocrx_word' id='word_1_461' title='bbox 1777 4232 1830 4289; x_wconf 87' lang='grc' dir='ltr'><strong>ιιι</strong></span> <span class='ocrx_word' id='word_1_462' title='bbox 1854 4214 2031 4291; x_wconf 89' lang='lat' dir='ltr'><strong>horrenda</strong></span> <span class='ocrx_word' id='word_1_463' title='bbox 2043 4236 2081 4293; x_wconf 90' lang='grc' dir='ltr'><strong>ιι</strong></span> <span class='ocrx_word' id='word_1_464' title='bbox 2098 4225 2349 4299; x_wconf 88' lang='lat' dir='ltr'><strong>inenarrabilis</strong></span> 
     </span>
     <span class='ocr_line' id='line_1_36' title="bbox 333 4317 2348 4421; baseline 0.002 -26"><span class='ocrx_word' id='word_1_465' title='bbox 333 4329 512 4421; x_wconf 89' lang='lat' dir='ltr'><strong>proprium</strong></span> <span class='ocrx_word' id='word_1_466' title='bbox 527 4326 593 4405; x_wconf 89' lang='lat' dir='ltr'><strong>sit,</strong></span> <span class='ocrx_word' id='word_1_467' title='bbox 618 4317 871 4407; x_wconf 88' lang='lat' dir='ltr'><strong>eon&#39;stitnatuc,</strong></span> <span class='ocrx_word' id='word_1_468' title='bbox 894 4320 944 4389; x_wconf 85' lang='lat' dir='ltr'><strong>ita</strong></span> <span class='ocrx_word' id='word_1_469' title='bbox 961 4333 996 4389; x_wconf 91' lang='grc' dir='ltr'><strong>ιι</strong></span> <span class='ocrx_word' id='word_1_470' title='bbox 1011 4344 1132 4392; x_wconf 88' lang='lat' dir='ltr'><strong>causas</strong></span> <span class='ocrx_word' id='word_1_471' title='bbox 1147 4322 1313 4391; x_wconf 86' lang='lat' dir='ltr'><strong>dolorunr</strong></span> <span class='ocrx_word' id='word_1_472' title='bbox 1361 4320 1599 4393; x_wconf 82' lang='lat' dir='ltr'><strong>consternatio</strong></span> <span class='ocrx_word' id='word_1_473' title='bbox 1613 4319 1823 4403; x_wconf 86' lang='lat' dir='ltr'><strong>voluntatis,</strong></span> <span class='ocrx_word' id='word_1_474' title='bbox 1848 4344 1938 4415; x_wconf 88' lang='lat' dir='ltr'><strong>quse</strong></span> <span class='ocrx_word' id='word_1_475' title='bbox 1959 4324 2067 4395; x_wconf 87' lang='lat' dir='ltr'><strong>totins</strong></span> <span class='ocrx_word' id='word_1_476' title='bbox 2088 4341 2235 4399; x_wconf 86' lang='lat' dir='ltr'><strong>naturae</strong></span> <span class='ocrx_word' id='word_1_477' title='bbox 2254 4330 2348 4399; x_wconf 85' lang='lat' dir='ltr'><strong>vices</strong></span> 
     </span>
     <span class='ocr_line' id='line_1_37' title="bbox 331 4418 2348 4517; baseline -0 -16"><span class='ocrx_word' id='word_1_478' title='bbox 331 4445 363 4501; x_wconf 90' lang='grc' dir='ltr'><strong>ιι</strong></span> <span class='ocrx_word' id='word_1_479' title='bbox 385 4427 731 4507; x_wconf 88' lang='lat' dir='ltr'><strong>consternatinnum,</strong></span> <span class='ocrx_word' id='word_1_480' title='bbox 770 4435 805 4494; x_wconf 87' lang='lat' dir='ltr'><strong>ct</strong></span> <span class='ocrx_word' id='word_1_481' title='bbox 826 4423 949 4517; x_wconf 87' lang='lat' dir='ltr'><strong>quales</strong></span> <span class='ocrx_word' id='word_1_482' title='bbox 967 4422 1104 4492; x_wconf 80' lang='lat' dir='ltr'><strong>&#39;tuerint</strong></span> <span class='ocrx_word' id='word_1_483' title='bbox 1126 4418 1164 4492; x_wconf 92' lang='lat' dir='ltr'><strong>hi</strong></span> <span class='ocrx_word' id='word_1_484' title='bbox 1186 4437 1315 4508; x_wconf 87' lang='lat' dir='ltr'><strong>motos,</strong></span> <span class='ocrx_word' id='word_1_485' title='bbox 1361 4425 1459 4496; x_wconf 83' lang='lat' dir='ltr'><strong>velut</strong></span> <span class='ocrx_word' id='word_1_486' title='bbox 1473 4421 1679 4493; x_wconf 89' lang='lat' dir='ltr'><strong>incendium</strong></span> <span class='ocrx_word' id='word_1_487' title='bbox 1696 4422 1872 4503; x_wconf 87' lang='lat' dir='ltr'><strong>absumit,</strong></span> <span class='ocrx_word' id='word_1_488' title='bbox 1905 4439 1945 4495; x_wconf 92' lang='lat' dir='ltr'><strong>ut</strong></span> <span class='ocrx_word' id='word_1_489' title='bbox 1968 4426 2055 4497; x_wconf 90' lang='lat' dir='ltr'><strong>dicit</strong></span> <span class='ocrx_word' id='word_1_490' title='bbox 2076 4426 2217 4499; x_wconf 87' lang='lat' dir='ltr'><strong>Moses:</strong></span> <span class='ocrx_word' id='word_1_491' title='bbox 2251 4430 2348 4503; x_wconf 89' lang='lat' dir='ltr'><strong>Deua</strong></span> 
     </span>
     <span class='ocr_line' id='line_1_38' title="bbox 331 4520 2459 4627; baseline 0.002 -25"><span class='ocrx_word' id='word_1_492' title='bbox 331 4533 445 4627; x_wconf 88' lang='lat' dir='ltr'><strong>aliqua</strong></span> <span class='ocrx_word' id='word_1_493' title='bbox 470 4542 627 4623; x_wconf 82' lang='lat' dir='ltr'><strong>exparte</strong></span> <span class='ocrx_word' id='word_1_494' title='bbox 649 4527 799 4596; x_wconf 85' lang='lat' dir='ltr'><strong>dicatur.</strong></span> <span class='ocrx_word' id='word_1_495' title='bbox 857 4522 1005 4594; x_wconf 81' lang='lat' dir='ltr'><strong>infimus</strong></span> <span class='ocrx_word' id='word_1_496' title='bbox 1026 4527 1156 4614; x_wconf 87' lang='lat' dir='ltr'><strong>gradus</strong></span> <span class='ocrx_word' id='word_1_497' title='bbox 1178 4540 1229 4596; x_wconf 89' lang='lat' dir='ltr'><strong>est</strong></span> <span class='ocrx_word' id='word_1_498' title='bbox 1251 4550 1314 4617; x_wconf 88' lang='lat' dir='ltr'><strong>ap-</strong></span> <span class='ocrx_word' id='word_1_499' title='bbox 1362 4527 1455 4616; x_wconf 89' lang='lat' dir='ltr'><strong>ignis</strong></span> <span class='ocrx_word' id='word_1_500' title='bbox 1484 4545 1699 4597; x_wconf 86' lang='lat' dir='ltr'><strong>consumens</strong></span> <span class='ocrx_word' id='word_1_501' title='bbox 1730 4538 1793 4597; x_wconf 83' lang='lat' dir='ltr'><strong>est.</strong></span> <span class='ocrx_word' id='word_1_502' title='bbox 1857 4520 1904 4597; x_wconf 85' lang='grc' dir='ltr'><strong>Ει</strong></span> <span class='ocrx_word' id='word_1_503' title='bbox 1925 4522 2110 4597; x_wconf 83' lang='lat' dir='ltr'><strong>Ezechias:</strong></span> <span class='ocrx_word' id='word_1_504' title='bbox 2157 4529 2256 4603; x_wconf 86' lang='lat' dir='ltr'><strong>Sicut</strong></span> <span class='ocrx_word' id='word_1_505' title='bbox 2289 4533 2347 4603; x_wconf 90' lang='lat' dir='ltr'><strong>leo</strong></span> <span class='ocrx_word' id='word_1_506' title='bbox 2455 4560 2459 4569; x_wconf 89' lang='lat'><em>·</em></span> 
     </span>
     <span class='ocr_line' id='line_1_39' title="bbox 331 4623 2347 4725; baseline -0.002 -20"><span class='ocrx_word' id='word_1_507' title='bbox 331 4637 540 4725; x_wconf 87' lang='lat' dir='ltr'><strong>petitionum</strong></span> <span class='ocrx_word' id='word_1_508' title='bbox 558 4628 793 4718; x_wconf 81' lang='lat' dir='ltr'><strong>naturalium,</strong></span> <span class='ocrx_word' id='word_1_509' title='bbox 819 4639 859 4698; x_wconf 92' lang='lat' dir='ltr'><strong>nt</strong></span> <span class='ocrx_word' id='word_1_510' title='bbox 873 4626 978 4695; x_wconf 89' lang='lat' dir='ltr'><strong>famis</strong></span> <span class='ocrx_word' id='word_1_511' title='bbox 992 4641 1027 4696; x_wconf 90' lang='lat' dir='ltr'><strong>et</strong></span> <span class='ocrx_word' id='word_1_512' title='bbox 1040 4628 1136 4712; x_wconf 91' lang='lat' dir='ltr'><strong>sitis,</strong></span> <span class='ocrx_word' id='word_1_513' title='bbox 1160 4642 1196 4698; x_wconf 88' lang='lat' dir='ltr'><strong>et</strong></span> <span class='ocrx_word' id='word_1_514' title='bbox 1211 4628 1315 4697; x_wconf 89' lang='lat' dir='ltr'><strong>dolo·</strong></span> <span class='ocrx_word' id='word_1_515' title='bbox 1362 4630 1531 4700; x_wconf 84' lang='lat' dir='ltr'><strong>contrivit</strong></span> <span class='ocrx_word' id='word_1_516' title='bbox 1545 4626 1665 4697; x_wconf 89' lang='lat' dir='ltr'><strong>omnia</strong></span> <span class='ocrx_word' id='word_1_517' title='bbox 1682 4650 1760 4697; x_wconf 87' lang='lat' dir='ltr'><strong>ossa</strong></span> <span class='ocrx_word' id='word_1_518' title='bbox 1785 4650 1875 4699; x_wconf 89' lang='lat' dir='ltr'><strong>mea.</strong></span> <span class='ocrx_word' id='word_1_519' title='bbox 1927 4624 1981 4696; x_wconf 89' lang='lat' dir='ltr'><strong>De</strong></span> <span class='ocrx_word' id='word_1_520' title='bbox 2004 4623 2069 4697; x_wconf 90' lang='lat' dir='ltr'><strong>hac</strong></span> <span class='ocrx_word' id='word_1_521' title='bbox 2091 4628 2274 4702; x_wconf 88' lang='lat' dir='ltr'><strong>difficilior</strong></span> <span class='ocrx_word' id='word_1_522' title='bbox 2295 4650 2347 4705; x_wconf 87' lang='lat' dir='ltr'><strong>est</strong></span> 
     </span>
     <span class='ocr_line' id='line_1_40' title="bbox 333 4728 2349 4835; baseline 0.002 -33"><span class='ocrx_word' id='word_1_523' title='bbox 333 4738 394 4822; x_wconf 83' lang='lat' dir='ltr'><strong>ris,</strong></span> <span class='ocrx_word' id='word_1_524' title='bbox 427 4737 489 4835; x_wconf 88' lang='lat' dir='ltr'><strong>qni</strong></span> <span class='ocrx_word' id='word_1_525' title='bbox 513 4748 646 4808; x_wconf 88' lang='lat' dir='ltr'><strong>tactum</strong></span> <span class='ocrx_word' id='word_1_526' title='bbox 672 4731 882 4812; x_wconf 84' lang='lat' dir='ltr'><strong>comitator,</strong></span> <span class='ocrx_word' id='word_1_527' title='bbox 904 4742 944 4799; x_wconf 91' lang='lat' dir='ltr'><strong>ut</strong></span> <span class='ocrx_word' id='word_1_528' title='bbox 959 4730 1079 4814; x_wconf 89' lang='lat' dir='ltr'><strong>dolor,</strong></span> <span class='ocrx_word' id='word_1_529' title='bbox 1104 4728 1314 4823; x_wconf 88' lang='lat' dir='ltr'><strong>quilacera-</strong></span> <span class='ocrx_word' id='word_1_530' title='bbox 1361 4732 1537 4827; x_wconf 86' lang='lat' dir='ltr'><strong>quaestio.</strong></span> <span class='ocrx_word' id='word_1_531' title='bbox 1584 4729 1763 4801; x_wconf 89' lang='lat' dir='ltr'><strong>Sedidem</strong></span> <span class='ocrx_word' id='word_1_532' title='bbox 1779 4732 1822 4797; x_wconf 90' lang='lat' dir='ltr'><strong>de</strong></span> <span class='ocrx_word' id='word_1_533' title='bbox 1843 4752 1883 4799; x_wconf 90' lang='lat' dir='ltr'><strong>ea</strong></span> <span class='ocrx_word' id='word_1_534' title='bbox 1903 4730 2189 4820; x_wconf 84' lang='lat' dir='ltr'><strong>respondendum</strong></span> <span class='ocrx_word' id='word_1_535' title='bbox 2211 4748 2282 4822; x_wconf 88' lang='lat' dir='ltr'><strong>est,</strong></span> <span class='ocrx_word' id='word_1_536' title='bbox 2306 4752 2349 4810; x_wconf 93' lang='lat' dir='ltr'><strong>ut</strong></span> 
     </span>
     <span class='ocr_line' id='line_1_41' title="bbox 331 4824 2347 4930; baseline 0.005 -33"><span class='ocrx_word' id='word_1_537' title='bbox 331 4840 456 4910; x_wconf 64' lang='lat' dir='ltr'><strong>tionem</strong></span> <span class='ocrx_word' id='word_1_538' title='bbox 485 4835 644 4930; x_wconf 76' lang='lat' dir='ltr'><strong>eorporis</strong></span> <span class='ocrx_word' id='word_1_539' title='bbox 666 4856 729 4902; x_wconf 89' lang='lat' dir='ltr'><strong>scu</strong></span> <span class='ocrx_word' id='word_1_540' title='bbox 757 4854 948 4903; x_wconf 82' lang='lat' dir='ltr'><strong>nervorum</strong></span> <span class='ocrx_word' id='word_1_541' title='bbox 979 4831 1149 4925; x_wconf 84' lang='lat' dir='ltr'><strong>sequitur.</strong></span> <span class='ocrx_word' id='word_1_542' title='bbox 1216 4828 1313 4902; x_wconf 87' lang='lat' dir='ltr'><strong>llaec</strong></span> <span class='ocrx_word' id='word_1_543' title='bbox 1362 4857 1487 4926; x_wconf 85' lang='lat' dir='ltr'><strong>snpra,</strong></span> <span class='ocrx_word' id='word_1_544' title='bbox 1520 4832 1585 4904; x_wconf 90' lang='lat' dir='ltr'><strong>etsi</strong></span> <span class='ocrx_word' id='word_1_545' title='bbox 1607 4834 1711 4922; x_wconf 89' lang='lat' dir='ltr'><strong>longe</strong></span> <span class='ocrx_word' id='word_1_546' title='bbox 1733 4831 1848 4901; x_wconf 91' lang='lat' dir='ltr'><strong>maior</strong></span> <span class='ocrx_word' id='word_1_547' title='bbox 1868 4845 1918 4901; x_wconf 93' lang='grc' dir='ltr'><strong>ιιι</strong></span> <span class='ocrx_word' id='word_1_548' title='bbox 1938 4824 2024 4901; x_wconf 89' lang='lat' dir='ltr'><strong>hace</strong></span> <span class='ocrx_word' id='word_1_549' title='bbox 2046 4837 2283 4908; x_wconf 88' lang='lat' dir='ltr'><strong>consternatio</strong></span> <span class='ocrx_word' id='word_1_550' title='bbox 2308 4838 2347 4908; x_wconf 90' lang='lat' dir='ltr'><strong>in</strong></span> 
     </span>
     <span class='ocr_line' id='line_1_42' title="bbox 329 4928 2347 5028; baseline 0.01 -23"><span class='ocrx_word' id='word_1_551' title='bbox 329 4942 430 5015; x_wconf 69' lang='lat' dir='ltr'><strong>luisse</strong></span> <span class='ocrx_word' id='word_1_552' title='bbox 444 4945 483 5013; x_wconf 90' lang='lat' dir='ltr'><strong>in</strong></span> <span class='ocrx_word' id='word_1_553' title='bbox 496 4938 653 5021; x_wconf 84' lang='lat' dir='ltr'><strong>Christo,</strong></span> <span class='ocrx_word' id='word_1_554' title='bbox 679 4951 713 5006; x_wconf 93' lang='lat' dir='ltr'><strong>et</strong></span> <span class='ocrx_word' id='word_1_555' title='bbox 730 4960 804 5005; x_wconf 94' lang='lat' dir='ltr'><strong>non</strong></span> <span class='ocrx_word' id='word_1_556' title='bbox 821 4958 895 5003; x_wconf 88' lang='lat' dir='ltr'><strong>esse</strong></span> <span class='ocrx_word' id='word_1_557' title='bbox 909 4934 1037 5003; x_wconf 83' lang='lat' dir='ltr'><strong>vitiosa</strong></span> <span class='ocrx_word' id='word_1_558' title='bbox 1053 4946 1201 5017; x_wconf 89' lang='lat' dir='ltr'><strong>constat,</strong></span> <span class='ocrx_word' id='word_1_559' title='bbox 1228 4934 1311 5027; x_wconf 85' lang='lat' dir='ltr'><strong>qnia</strong></span> <span class='ocrx_word' id='word_1_560' title='bbox 1362 4932 1524 5021; x_wconf 87' lang='lat' dir='ltr'><strong>Christo,</strong></span> <span class='ocrx_word' id='word_1_561' title='bbox 1551 4958 1658 5028; x_wconf 77' lang='lat' dir='ltr'><strong>quam</strong></span> <span class='ocrx_word' id='word_1_562' title='bbox 1684 4936 1722 5002; x_wconf 73' lang='lat' dir='ltr'><strong>fn</strong></span> <span class='ocrx_word' id='word_1_563' title='bbox 1738 4928 1893 5017; x_wconf 71' lang='lat' dir='ltr'><strong>Daciae,</strong></span> <span class='ocrx_word' id='word_1_564' title='bbox 1918 4928 2041 5019; x_wconf 61' lang='grc' dir='ltr'>Εδὸἱθ,</span> <span class='ocrx_word' id='word_1_565' title='bbox 2068 4932 2234 5021; x_wconf 46' lang='lat' dir='ltr'><strong>hiemi&amp;</strong></span> <span class='ocrx_word' id='word_1_566' title='bbox 2255 4938 2347 5009; x_wconf 71' lang='grc' dir='ltr'><strong>Εῑθ·</strong></span> 
     </span>
     <span class='ocr_line' id='line_1_43' title="bbox 331 5028 2348 5128; baseline 0.001 -21"><span class='ocrx_word' id='word_1_567' title='bbox 331 5062 409 5118; x_wconf 88' lang='lat' dir='ltr'><strong>sunt</strong></span> <span class='ocrx_word' id='word_1_568' title='bbox 433 5070 488 5117; x_wconf 89' lang='lat' dir='ltr'><strong>res</strong></span> <span class='ocrx_word' id='word_1_569' title='bbox 512 5044 564 5115; x_wconf 90' lang='lat' dir='ltr'><strong>sic</strong></span> <span class='ocrx_word' id='word_1_570' title='bbox 587 5040 752 5112; x_wconf 87' lang='lat' dir='ltr'><strong>conditae</strong></span> <span class='ocrx_word' id='word_1_571' title='bbox 773 5034 899 5109; x_wconf 87' lang='lat' dir='ltr'><strong>aDeo.</strong></span> <span class='ocrx_word' id='word_1_572' title='bbox 957 5032 1092 5127; x_wconf 75' lang='lat' dir='ltr'><strong>Natugs</strong></span> <span class='ocrx_word' id='word_1_573' title='bbox 1117 5060 1310 5107; x_wconf 82' lang='lat' dir='ltr'><strong>nervorum</strong></span> <span class='ocrx_word' id='word_1_574' title='bbox 1362 5034 1462 5123; x_wconf 89' lang='lat' dir='ltr'><strong>chia,</strong></span> <span class='ocrx_word' id='word_1_575' title='bbox 1484 5052 1519 5109; x_wconf 90' lang='grc' dir='ltr'><strong>ιι</strong></span> <span class='ocrx_word' id='word_1_576' title='bbox 1540 5036 1727 5108; x_wconf 84' lang='lat' dir='ltr'><strong>similibus.</strong></span> <span class='ocrx_word' id='word_1_577' title='bbox 1779 5032 1868 5106; x_wconf 83' lang='lat' dir='ltr'><strong>Nam</strong></span> <span class='ocrx_word' id='word_1_578' title='bbox 1884 5028 2047 5107; x_wconf 86' lang='lat' dir='ltr'><strong>Christus</strong></span> <span class='ocrx_word' id='word_1_579' title='bbox 2064 5062 2129 5128; x_wconf 88' lang='lat' dir='ltr'><strong>pro</strong></span> <span class='ocrx_word' id='word_1_580' title='bbox 2145 5041 2249 5109; x_wconf 91' lang='lat' dir='ltr'><strong>nobis</strong></span> <span class='ocrx_word' id='word_1_581' title='bbox 2264 5042 2348 5112; x_wconf 88' lang='lat' dir='ltr'><strong>tulit</strong></span> 
     </span>
     <span class='ocr_line' id='line_1_44' title="bbox 332 5136 2346 5231; baseline 0 -20"><span class='ocrx_word' id='word_1_582' title='bbox 332 5162 400 5224; x_wconf 81' lang='lat' dir='ltr'><strong>eat,</strong></span> <span class='ocrx_word' id='word_1_583' title='bbox 433 5174 517 5221; x_wconf 85' lang='lat' dir='ltr'><strong>curn</strong></span> <span class='ocrx_word' id='word_1_584' title='bbox 540 5147 759 5223; x_wconf 85' lang='lat' dir='ltr'><strong>lacerantur,</strong></span> <span class='ocrx_word' id='word_1_585' title='bbox 790 5140 985 5210; x_wconf 89' lang='lat' dir='ltr'><strong>cruciatum</strong></span> <span class='ocrx_word' id='word_1_586' title='bbox 1009 5139 1164 5223; x_wconf 82' lang='lat' dir='ltr'><strong>allicere,</strong></span> <span class='ocrx_word' id='word_1_587' title='bbox 1194 5162 1310 5231; x_wconf 88' lang='lat' dir='ltr'><strong>neque</strong></span> <span class='ocrx_word' id='word_1_588' title='bbox 1362 5141 1452 5209; x_wconf 87' lang='lat' dir='ltr'><strong>iram</strong></span> <span class='ocrx_word' id='word_1_589' title='bbox 1477 5140 1703 5211; x_wconf 90' lang='lat' dir='ltr'><strong>ctiudicinm</strong></span> <span class='ocrx_word' id='word_1_590' title='bbox 1729 5136 1812 5209; x_wconf 85' lang='lat' dir='ltr'><strong>Dei.</strong></span> <span class='ocrx_word' id='word_1_591' title='bbox 1870 5136 2007 5207; x_wconf 86' lang='lat' dir='ltr'><strong>Tamen</strong></span> <span class='ocrx_word' id='word_1_592' title='bbox 2032 5138 2212 5211; x_wconf 87' lang='lat' dir='ltr'><strong>dissimilis</strong></span> <span class='ocrx_word' id='word_1_593' title='bbox 2234 5155 2285 5212; x_wconf 84' lang='lat' dir='ltr'><strong>est</strong></span> <span class='ocrx_word' id='word_1_594' title='bbox 2307 5144 2346 5211; x_wconf 93' lang='lat' dir='ltr'><strong>in</strong></span> 
     </span>
     <span class='ocr_line' id='line_1_45' title="bbox 329 5237 2348 5333; baseline -0 -19"><span class='ocrx_word' id='word_1_595' title='bbox 329 5240 384 5317; x_wconf 86' lang='lat' dir='ltr'><strong>hie</strong></span> <span class='ocrx_word' id='word_1_596' title='bbox 399 5254 573 5323; x_wconf 79' lang='lat' dir='ltr'><strong>cruciatos</strong></span> <span class='ocrx_word' id='word_1_597' title='bbox 590 5261 643 5317; x_wconf 86' lang='lat' dir='ltr'><strong>est</strong></span> <span class='ocrx_word' id='word_1_598' title='bbox 657 5243 806 5315; x_wconf 89' lang='lat' dir='ltr'><strong>rebellio</strong></span> <span class='ocrx_word' id='word_1_599' title='bbox 820 5256 943 5311; x_wconf 89' lang='lat' dir='ltr'><strong>contra</strong></span> <span class='ocrx_word' id='word_1_600' title='bbox 960 5255 1134 5325; x_wconf 86' lang='lat' dir='ltr'><strong>mentem,</strong></span> <span class='ocrx_word' id='word_1_601' title='bbox 1159 5239 1242 5333; x_wconf 85' lang='lat' dir='ltr'><strong>quia</strong></span> <span class='ocrx_word' id='word_1_602' title='bbox 1259 5254 1311 5309; x_wconf 90' lang='lat' dir='ltr'><strong>est</strong></span> <span class='ocrx_word' id='word_1_603' title='bbox 1360 5238 1527 5327; x_wconf 86' lang='lat' dir='ltr'><strong>Christo,</strong></span> <span class='ocrx_word' id='word_1_604' title='bbox 1567 5256 1602 5311; x_wconf 91' lang='lat' dir='ltr'><strong>et</strong></span> <span class='ocrx_word' id='word_1_605' title='bbox 1623 5242 1660 5309; x_wconf 92' lang='lat' dir='ltr'><strong>in</strong></span> <span class='ocrx_word' id='word_1_606' title='bbox 1683 5238 1840 5311; x_wconf 89' lang='lat' dir='ltr'><strong>caeteris.</strong></span> <span class='ocrx_word' id='word_1_607' title='bbox 1903 5237 1993 5309; x_wconf 86' lang='lat' dir='ltr'><strong>Nam</strong></span> <span class='ocrx_word' id='word_1_608' title='bbox 2014 5239 2052 5309; x_wconf 89' lang='lat' dir='ltr'><strong>in</strong></span> <span class='ocrx_word' id='word_1_609' title='bbox 2075 5243 2244 5312; x_wconf 91' lang='lat' dir='ltr'><strong>omnibns</strong></span> <span class='ocrx_word' id='word_1_610' title='bbox 2268 5244 2348 5315; x_wconf 90' lang='lat' dir='ltr'><strong>aliia</strong></span> 
     </span>
     <span class='ocr_line' id='line_1_46' title="bbox 326 5341 2347 5442; baseline -0.001 -24"><span class='ocrx_word' id='word_1_611' title='bbox 326 5350 443 5419; x_wconf 81' lang='lat' dir='ltr'><strong>cessio</strong></span> <span class='ocrx_word' id='word_1_612' title='bbox 458 5362 584 5429; x_wconf 80' lang='lat' dir='ltr'><strong>ereata,</strong></span> <span class='ocrx_word' id='word_1_613' title='bbox 608 5369 718 5442; x_wconf 86' lang='lat' dir='ltr'><strong>quare</strong></span> <span class='ocrx_word' id='word_1_614' title='bbox 731 5346 835 5416; x_wconf 87' lang='lat' dir='ltr'><strong>facile</strong></span> <span class='ocrx_word' id='word_1_615' title='bbox 851 5344 1001 5433; x_wconf 78' lang='lat' dir='ltr'><strong>intelligi</strong></span> <span class='ocrx_word' id='word_1_616' title='bbox 1019 5356 1133 5432; x_wconf 90' lang='lat' dir='ltr'><strong>potest</strong></span> <span class='ocrx_word' id='word_1_617' title='bbox 1147 5365 1222 5413; x_wconf 91' lang='lat' dir='ltr'><strong>non</strong></span> <span class='ocrx_word' id='word_1_618' title='bbox 1236 5364 1311 5413; x_wconf 89' lang='lat' dir='ltr'><strong>esse</strong></span> <span class='ocrx_word' id='word_1_619' title='bbox 1361 5370 1442 5414; x_wconf 91' lang='lat' dir='ltr'><strong>cum</strong></span> <span class='ocrx_word' id='word_1_620' title='bbox 1464 5344 1547 5436; x_wconf 90' lang='lat' dir='ltr'><strong>fuga</strong></span> <span class='ocrx_word' id='word_1_621' title='bbox 1571 5343 1688 5413; x_wconf 83' lang='lat' dir='ltr'><strong>existit</strong></span> <span class='ocrx_word' id='word_1_622' title='bbox 1706 5342 1868 5412; x_wconf 89' lang='lat' dir='ltr'><strong>fremitus</strong></span> <span class='ocrx_word' id='word_1_623' title='bbox 1887 5341 2054 5411; x_wconf 80' lang='lat' dir='ltr'><strong>adversos</strong></span> <span class='ocrx_word' id='word_1_624' title='bbox 2074 5344 2245 5414; x_wconf 88' lang='lat' dir='ltr'><strong>iudicium</strong></span> <span class='ocrx_word' id='word_1_625' title='bbox 2267 5342 2347 5432; x_wconf 89' lang='lat' dir='ltr'><strong>Dei,</strong></span> 
     </span>
     <span class='ocr_line' id='line_1_47' title="bbox 328 5442 2348 5541; baseline 0 -24"><span class='ocrx_word' id='word_1_626' title='bbox 328 5454 500 5523; x_wconf 73' lang='lat' dir='ltr'><strong>vitiosam.</strong></span> <span class='ocrx_word' id='word_1_627' title='bbox 568 5446 753 5519; x_wconf 76' lang='lat' dir='ltr'><strong>Secundus</strong></span> <span class='ocrx_word' id='word_1_628' title='bbox 780 5450 912 5536; x_wconf 86' lang='lat' dir='ltr'><strong>gradus</strong></span> <span class='ocrx_word' id='word_1_629' title='bbox 931 5460 984 5515; x_wconf 89' lang='lat' dir='ltr'><strong>est</strong></span> <span class='ocrx_word' id='word_1_630' title='bbox 1006 5446 1214 5530; x_wconf 86' lang='lat' dir='ltr'><strong>affectuum,</strong></span> <span class='ocrx_word' id='word_1_631' title='bbox 1247 5444 1309 5537; x_wconf 80' lang='lat' dir='ltr'><strong>qrsi</strong></span> <span class='ocrx_word' id='word_1_632' title='bbox 1362 5448 1447 5517; x_wconf 93' lang='lat' dir='ltr'><strong>etin</strong></span> <span class='ocrx_word' id='word_1_633' title='bbox 1465 5443 1540 5525; x_wconf 84' lang='lat' dir='ltr'><strong>his,</strong></span> <span class='ocrx_word' id='word_1_634' title='bbox 1566 5444 1628 5541; x_wconf 80' lang='lat' dir='ltr'><strong>qni</strong></span> <span class='ocrx_word' id='word_1_635' title='bbox 1650 5464 1724 5515; x_wconf 90' lang='lat' dir='ltr'><strong>non</strong></span> <span class='ocrx_word' id='word_1_636' title='bbox 1747 5442 1947 5514; x_wconf 89' lang='lat' dir='ltr'><strong>eluctantur</strong></span> <span class='ocrx_word' id='word_1_637' title='bbox 1968 5444 2210 5535; x_wconf 73' lang='lat' dir='ltr'><strong>confugientes</strong></span> <span class='ocrx_word' id='word_1_638' title='bbox 2231 5450 2275 5516; x_wconf 92' lang='lat' dir='ltr'><strong>ad</strong></span> <span class='ocrx_word' id='word_1_639' title='bbox 2292 5450 2348 5517; x_wconf 81' lang='lat' dir='ltr'><strong>vi-</strong></span> 
     </span>
     <span class='ocr_line' id='line_1_48' title="bbox 330 5544 2348 5642; baseline 0.007 -36"><span class='ocrx_word' id='word_1_640' title='bbox 330 5556 366 5624; x_wconf 71' lang='lat' dir='ltr'><strong>j„</strong></span> <span class='ocrx_word' id='word_1_641' title='bbox 400 5554 511 5625; x_wconf 52' lang='lat' dir='ltr'><strong>(ogda</strong></span> <span class='ocrx_word' id='word_1_642' title='bbox 540 5572 583 5617; x_wconf 68' lang='lat' dir='ltr'><strong>ez</strong></span> <span class='ocrx_word' id='word_1_643' title='bbox 603 5562 700 5615; x_wconf 89' lang='lat' dir='ltr'><strong>rnetn</strong></span> <span class='ocrx_word' id='word_1_644' title='bbox 727 5551 825 5619; x_wconf 83' lang='lat' dir='ltr'><strong>illios</strong></span> <span class='ocrx_word' id='word_1_645' title='bbox 860 5546 1086 5619; x_wconf 84' lang='lat' dir='ltr'><strong>lacerationis</strong></span> <span class='ocrx_word' id='word_1_646' title='bbox 1119 5563 1155 5618; x_wconf 89' lang='lat' dir='ltr'><strong>et</strong></span> <span class='ocrx_word' id='word_1_647' title='bbox 1185 5548 1312 5617; x_wconf 88' lang='lat' dir='ltr'><strong>mortis</strong></span> <span class='ocrx_word' id='word_1_648' title='bbox 1361 5550 1508 5619; x_wconf 91' lang='lat' dir='ltr'><strong>ctoriam</strong></span> <span class='ocrx_word' id='word_1_649' title='bbox 1523 5544 1677 5629; x_wconf 85' lang='lat' dir='ltr'><strong>Christi,</strong></span> <span class='ocrx_word' id='word_1_650' title='bbox 1705 5544 1922 5617; x_wconf 75' lang='lat' dir='ltr'><strong>uidelicetin</strong></span> <span class='ocrx_word' id='word_1_651' title='bbox 1939 5548 2127 5632; x_wconf 89' lang='lat' dir='ltr'><strong>damnatis,</strong></span> <span class='ocrx_word' id='word_1_652' title='bbox 2150 5562 2348 5642; x_wconf 83' lang='lat' dir='ltr'><strong>sequuntur</strong></span> 
     </span>
     <span class='ocr_line' id='line_1_49' title="bbox 327 5643 2347 5741; baseline 0.011 -29"><span class='ocrx_word' id='word_1_653' title='bbox 327 5659 510 5736; x_wconf 56' lang='lat' dir='ltr'><strong>oriuntur,</strong></span> <span class='ocrx_word' id='word_1_654' title='bbox 547 5663 583 5721; x_wconf 91' lang='lat' dir='ltr'><strong>et</strong></span> <span class='ocrx_word' id='word_1_655' title='bbox 601 5662 642 5719; x_wconf 87' lang='lat' dir='ltr'><strong>ut</strong></span> <span class='ocrx_word' id='word_1_656' title='bbox 665 5648 712 5719; x_wconf 87' lang='lat' dir='ltr'><strong>ita</strong></span> <span class='ocrx_word' id='word_1_657' title='bbox 734 5648 869 5728; x_wconf 88' lang='lat' dir='ltr'><strong>dicans,</strong></span> <span class='ocrx_word' id='word_1_658' title='bbox 907 5651 1097 5735; x_wconf 88' lang='lat' dir='ltr'><strong>trepidatio</strong></span> <span class='ocrx_word' id='word_1_659' title='bbox 1119 5666 1170 5721; x_wconf 88' lang='lat' dir='ltr'><strong>est</strong></span> <span class='ocrx_word' id='word_1_660' title='bbox 1192 5650 1311 5719; x_wconf 85' lang='lat' dir='ltr'><strong>cordis</strong></span> <span class='ocrx_word' id='word_1_661' title='bbox 1362 5647 1562 5739; x_wconf 81' lang='lat' dir='ltr'><strong>horrendae</strong></span> <span class='ocrx_word' id='word_1_662' title='bbox 1585 5643 1835 5741; x_wconf 80' lang='lat' dir='ltr'><strong>blasphemiae.</strong></span> <span class='ocrx_word' id='word_1_663' title='bbox 1886 5643 1936 5719; x_wconf 81' lang='grc' dir='ltr'><strong>Λι</strong></span> <span class='ocrx_word' id='word_1_664' title='bbox 1955 5643 2119 5719; x_wconf 64' lang='lat' dir='ltr'><strong>Chrftlffl</strong></span> <span class='ocrx_word' id='word_1_665' title='bbox 2141 5651 2208 5721; x_wconf 68' lang='lat' dir='ltr'><strong>feri</strong></span> <span class='ocrx_word' id='word_1_666' title='bbox 2232 5665 2347 5722; x_wconf 67' lang='grc' dir='ltr'>ιθῐιθ·</span> 
     </span>
     <span class='ocr_line' id='line_1_50' title="bbox 326 5747 2351 5851; baseline -0.001 -24"><span class='ocrx_word' id='word_1_667' title='bbox 326 5759 492 5851; x_wconf 84' lang='lat' dir='ltr'><strong>iogieotis</strong></span> <span class='ocrx_word' id='word_1_668' title='bbox 520 5753 677 5839; x_wconf 60' lang='lat' dir='ltr'><strong>mortem:</strong></span> <span class='ocrx_word' id='word_1_669' title='bbox 700 5764 737 5820; x_wconf 91' lang='lat' dir='ltr'><strong>et</strong></span> <span class='ocrx_word' id='word_1_670' title='bbox 764 5747 1030 5833; x_wconf 87' lang='lat' dir='ltr'><strong>lacerationem,</strong></span> <span class='ocrx_word' id='word_1_671' title='bbox 1075 5764 1109 5820; x_wconf 88' lang='lat' dir='ltr'><strong>et</strong></span> <span class='ocrx_word' id='word_1_672' title='bbox 1133 5775 1197 5820; x_wconf 84' lang='lat' dir='ltr'><strong>cor</strong></span> <span class='ocrx_word' id='word_1_673' title='bbox 1218 5752 1312 5841; x_wconf 88' lang='lat' dir='ltr'><strong>rapit</strong></span> <span class='ocrx_word' id='word_1_674' title='bbox 1362 5755 1510 5823; x_wconf 85' lang='lat' dir='ltr'><strong>ressine</strong></span> <span class='ocrx_word' id='word_1_675' title='bbox 1527 5751 1775 5843; x_wconf 87' lang='lat' dir='ltr'><strong>indignatione</strong></span> <span class='ocrx_word' id='word_1_676' title='bbox 1791 5752 1961 5820; x_wconf 79' lang='lat' dir='ltr'><strong>adversus</strong></span> <span class='ocrx_word' id='word_1_677' title='bbox 1975 5765 2130 5843; x_wconf 86' lang='lat' dir='ltr'><strong>patrem,</strong></span> <span class='ocrx_word' id='word_1_678' title='bbox 2165 5750 2245 5822; x_wconf 88' lang='lat' dir='ltr'><strong>ideo</strong></span> <span class='ocrx_word' id='word_1_679' title='bbox 2263 5748 2351 5823; x_wconf 84' lang='lat' dir='ltr'><strong>haee</strong></span> 
     </span>
     <span class='ocr_line' id='line_1_51' title="bbox 327 5850 2264 5959; baseline 0.005 -38"><span class='ocrx_word' id='word_1_680' title='bbox 327 5866 443 5959; x_wconf 56' lang='lat' dir='ltr'><strong>,tique</strong></span> <span class='ocrx_word' id='word_1_681' title='bbox 457 5882 502 5929; x_wconf 77' lang='lat' dir='ltr'><strong>ex</strong></span> <span class='ocrx_word' id='word_1_682' title='bbox 515 5870 617 5949; x_wconf 86' lang='lat' dir='ltr'><strong>parte</strong></span> <span class='ocrx_word' id='word_1_683' title='bbox 628 5872 746 5925; x_wconf 80' lang='grc' dir='ltr'>ιιιιιιιι</span> <span class='ocrx_word' id='word_1_684' title='bbox 762 5850 1003 5937; x_wconf 80' lang='lat' dir='ltr'><strong>voluntatem,</strong></span> <span class='ocrx_word' id='word_1_685' title='bbox 1033 5852 1095 5923; x_wconf 85' lang='lat' dir='ltr'><strong>aed</strong></span> <span class='ocrx_word' id='word_1_686' title='bbox 1109 5852 1312 5932; x_wconf 84' lang='lat' dir='ltr'><strong>eluctantur</strong></span> <span class='ocrx_word' id='word_1_687' title='bbox 1363 5856 1554 5952; x_wconf 86' lang='lat' dir='ltr'><strong>trepidatio</strong></span> <span class='ocrx_word' id='word_1_688' title='bbox 1572 5856 1714 5929; x_wconf 88' lang='lat' dir='ltr'><strong>estsine</strong></span> <span class='ocrx_word' id='word_1_689' title='bbox 1729 5862 1892 5943; x_wconf 83' lang='lat' dir='ltr'><strong>peccato,</strong></span> <span class='ocrx_word' id='word_1_690' title='bbox 1917 5863 1953 5923; x_wconf 87' lang='grc' dir='ltr'><strong>ιι</strong></span> <span class='ocrx_word' id='word_1_691' title='bbox 1968 5874 2043 5923; x_wconf 78' lang='lat' dir='ltr'><strong>non</strong></span> <span class='ocrx_word' id='word_1_692' title='bbox 2059 5866 2113 5925; x_wconf 82' lang='lat' dir='ltr'><strong>cat</strong></span> <span class='ocrx_word' id='word_1_693' title='bbox 2125 5854 2264 5929; x_wconf 76' lang='lat' dir='ltr'><strong>vitiosa.</strong></span> 
     </span>
    </p>
   </div>
   <div class='ocr_carea' id='block_1_4' title="bbox 1678 5946 1764 6029">
    <p class='ocr_par' dir='ltr' id='par_1_4' title="bbox 1678 5946 1764 6029">
     <span class='ocr_line' id='line_1_52' title="bbox 1678 5946 1764 6029; baseline 0.012 0"><span class='ocrx_word' id='word_1_694' title='bbox 1678 5946 1764 6029; x_wconf 79' lang='lat' dir='ltr'><strong>ts*</strong></span> 
     </span>
    </p>
   </div>
   <div class='ocr_carea' id='block_1_5' title="bbox 0 0 2918 6950">
    <p class='ocr_par' dir='ltr' id='par_1_5' title="bbox 0 0 2918 6950">
     <span class='ocr_line' id='line_1_53' title="bbox 0 0 2918 6950; baseline 0 6"><span class='ocrx_word' id='word_1_695' title='bbox 0 0 2918 6950; x_wconf 95' lang='lat' dir='ltr'><strong> </strong></span> 
     </span>
    </p>
   </div>
  </div>
 </body>
</html>
