5825 6950
568 723 643 801 431
1170 699 1299 781 Plllla.
1322 698 1439 775 mtto.
1474 694 1687 775 SCRIPTA
1719 692 2020 786 ttxthtthat.
2540 700 2606 775 432

699 884 870 963 Thomas
895 888 1017 955 nutam
1043 900 1139 949 nans
1163 895 1210 947 ex
1231 866 1433 945 duodecim.
1615 869 1671 941 illi
1692 869 1891 957 auditores,
1925 869 1987 965 qui
2008 864 2157 941 'loannis
2179 864 2215 946 6.
2239 868 2379 943 dicunt:
2412 864 2542 941 Durus
2564 888 2604 943 est

938 1038 947 1055 .
1121 1030 1128 1045 .
1221 1028 1230 1046 .
1414 1024 1423 1045 .
1617 969 1677 1045 hic
1699 997 1826 1048 sermo.

658 1044 796 1120 Multae
814 1052 1037 1111 narrationes
1051 1046 1336 1105 testrmomorum
1352 1036 1569 1099 omrttuntur

579 1156 618 1224 in
644 1146 851 1221 recitatione
876 1133 1065 1221 lobannis,
1094 1156 1182 1227 quae
1207 1142 1326 1200 extant
1347 1130 1386 1197 in
1410 1123 1568 1203 historiis
1786 1136 1979 1213 D„„„„„
2000 1161 2102 1213 mm,
2135 1148 2167 1214 α
2192 1137 2299 1215 Dm
2325 1164 2440 1215 mm

577 1256 694 1327 Lucae
720 1263 753 1318 et
769 1246 942 1326 aliorum,
974 1260 1060 1333 quas
1078 1250 1112 1305 et
1126 1255 1193 1303 nos
1210 1226 1269 1301 hic
1288 1232 1510 1313 omittemus,
1534 1242 1570 1299 et

580 1361 624 1428 de
655 1350 722 1424 hac
759 1350 835 1441 ipsa
870 1338 1016 1413 historia
1051 1333 1213 1407 Thomae
1245 1334 1400 1405 breviter
1434 1334 1570 1401 dicam.

582 1454 723 1529 Omitto
742 1451 847 1521 etiarn
873 1444 1044 1516 curiosam
1066 1435 1362 1530 disputationem,
1405 1436 1449 1505 de
1474 1435 1569 1502 cica-

583 1558 731 1632 tricibus
760 1552 966 1631 vulnerum,
1008 1566 1054 1613 an
1082 1536 1150 1610 hae
1171 1552 1340 1607 maneant
1361 1536 1400 1605 in
1422 1556 1572 1628 corpore

584 1657 804 1737 resuscitato,
817 1674 856 1721 ac
871 1661 1010 1720 tantum
1026 1642 1235 1741 respondeo,
1250 1635 1433 1711 Christum
1451 1652 1572 1708 osten·

1720 1272 1775 1349 De
1791 1278 1946 1351 secundo
1963 1278 2055 1351 loro.
2105 1276 2297 1373 Postquam
2311 1274 2482 1353 Christus
2500 1290 2609 1347 osten-

1619 1380 1674 1453 dit
1698 1402 1754 1459 se,
1788 1390 1823 1451 et
1843 1380 2149 1471 magnsbonitate
2172 1381 2310 1453 sanarit
2326 1380 2500 1473 discipuli
2522 1380 2609 1449 infu-

1620 1484 1799 1565 mitatem,
1824 1504 1899 1553 sese
1914 1476 2084 1553 exhibens
2108 1484 2417 1567 contrectandum,
2442 1484 2522 1555 iam
2540 1504 2611 1551 con·

1620 1586 1783 1661 firmatur
1806 1584 1966 1676 auditor,
2009 1596 2044 1655 et
2067 1596 2164 1657 tanta
2188 1586 2250 1655 lux
2276 1582 2313 1653 in
2337 1584 2611 1665 reaccenditur,

1621 1701 1662 1760 ut
1682 1684 1888 1777 profiteatur
1902 1679 1998 1757 hunc
2016 1682 2184 1757 Messinm
2201 1710 2275 1759 esse
2292 1684 2423 1759 Deum.
2481 1684 2611 1757 lntelti·

586 1764 679 1835 disse
695 1782 747 1842 se,
773 1753 858 1871 quia
873 1774 937 1841 pro
953 1771 1014 1866 sna
1031 1768 1166 1864 magna·
1177 1742 1336 1862 bonitate
1358 1739 1474 1811 voluit
1496 1762 1575 1809 ma·
1621 1808 1745 1879 gamus
1761 1787 1858 1857 enim
1875 1787 2088 1859 vocabulum
2105 1784 2171 1858 Dei
2188 1788 2330 1879 proprie
2347 1784 2414 1861 hoc
2428 1788 2518 1859 1οω
2547 1812 2612 1857 cum

587 1885 691 1955 gnam
706 1846 1112 1929 dubimmnemmflm
1131 1843 1447 1935 d¹⁵⁰¹pul¹⁸³mre'
1485 1838 1576 1911 Tm
1624 1890 1825 1965 testimonia
1852 1886 1996 1959 loannis
2015 1892 2049 1965 1.
2072 1902 2109 1961 et
2125 1890 2211 1959 alibi
2229 1904 2450 1981 congruant,
2478 1838 2551 1959 neh
2573 1891 2612 1957 la-

589 1978 706 2037 aulflffl
722 1949 1143 2051 bll⁰⁰le⁰lP¹¹l⁸¹¹¹¹l
1162 1947 1200 2015 in
1218 1940 1463 2015 h³⁰h3⁸¹⁰ri³³
1494 1940 1576 2011 Μ’
1626 1972 1761 2063 ciamus
1776 1991 2047 2082 appellationem
2063 1993 2277 2082 ambiguam.
2315 1989 2488 2063 Arbitror
2506 2006 2611 2061 auten

1628 2094 1887 2165 consuetudine
1922 2088 2181 2185 Prophetarum
2215 2094 2316 2185 iungi
2351 2096 2424 2165 duo
2462 2094 2612 2164 nomina.

1627 2192 1775 2269 Domini
1799 2208 1832 2266 et
1853 2191 1942 2279 Dei,
1984 2196 2067 2289 qula
2092 2218 2173 2269 cum
2199 2194 2237 2267 in
2268 2191 2425 2267 Ecclesia
2462 2208 2613 2288 oporteat

1629 2295 1782 2367 discerni
1820 2296 2082 2375 invocationem
2123 2310 2159 2368 et
2197 2298 2512 2397 compellationem
2553 2298 2615 2365 reri

565 2088 685 2149 mus,
711 2082 837 2149 magna
862 2054 1049 2123 infirmitas
1071 2063 1105 2121 et
1128 2047 1303 2119 dubitatio
1328 2048 1366 2115 in
1383 2044 1577 2138 Apostolis.

589 2166 793 2251 Secundus,
817 2155 990 2229 confessio
1013 2150 1213 2223 confirmati
1234 2148 1416 2239 Apostoli,
1442 2169 1579 2217 asseve-

590 2291 675 2341 rans
689 2248 870 2337 Christum
890 2262 963 2329 ssse
979 2252 1107 2326 Deum.
1159 2249 1322 2333 Tertius,
1349 2250 1513 2320 doctrina
1536 2248 1580 2316 de

591 2372 678 2454 fide,
704 2366 799 2461 quod
816 2374 907 2432 me
924 2359 1110 2479 invocetur
1125 2350 1238 2438 Dens'
1261 2376 1340 2473 cun·¹
1357 2364 1496 2422 lantum
1514 2349 1582 2417 fide
1629 2396 1697 2471 Dei
1721 2398 2009 2471 scemmentitiis
2031 2392 2255 2471 ethnicorum
2277 2399 2509 2485 numinibus,
2536 2398 2616 2469 Pro·

593 2470 817 2566 perverbum
833 2486 912 2533 eum
930 2474 1128 2539 rntuemur,
1150 2470 1183 2526 et
1196 2476 1418 2545 agnoscemus
1435 2466 1471 2523 et
1486 2474 1583 2521 com-

595 2574 767 2671 pellamus
787 2563 883 2637 hunc
899 2560 1030 2645 Deum,
1057 2558 1119 2652 qui
1137 2580 1173 2626 se
1188 2579 1250 2647 per
1267 2552 1523 2644 Evangelium,
1550 2565 1585 2621 et
1631 2496 1756 2593 phem
1774 2494 1869 2571 bunc
1884 2496 2018 2587 ΒΜ
2053 2501 2262 2592 9⁸¹⁶s³⁰l¹¹¹¹¹
2281 2502 2320 2569 ln
2339 2501 2528 2593 lffl'e'lpef
2546 2524 2618 2569 Ver·

596 2672 789 2745 mqssofflio
804 2664 969 2738 „ucffim
985 2674 1020 2731 e,
1035 2660 1238 2733 muscham
1255 2656 1425 2749 pausem,
1446 2653 1585 2725 estam,
1632 2604 1717 2723 bum
1741 2600 2157 2723 tradatumPatnhus'et
2180 2599 2390 2695 Prophetis,
2434 2618 2619 2720 certoono.

1633 2726 1750 2784 mtne,
1776 2727 1850 2773 non
1873 2716 2002 2777 usitato
2026 2706 2189 2795 genubus
2207 2706 2451 2801 alloquuntur,
2475 2718 2511 2775 et
2532 2728 2618 2773 aun-

595 2800 671 2901 non
686 2772 856 2895 accedunt
871 2766 961 2836 aliae
984 2761 1284 2851 illuminationes,
1310 2772 1371 2830 aut
1394 2780 1508 2827 novae
1529 2778 1586 2827 re·
1635 2818 1724 2897 gun,
1740 2801 1802 2875 has
1820 2806 2073 2897 appenninum
2091 2801 2221 2881 ΜΝ
2237 2805 2335 2879 Deus
2356 2821 2491 2891 maer,
2520 2820 2564 2877 u,
2586 2807 2620 2873 in

597 2878 803 2949 velitum&
1635 2906 1767 2981 Psalm.
1787 2907 1870 2983 20.:
1922 2904 1996 2979 Nos
2020 2922 2138 2979 autem
2164 2910 2202 2977 in
2227 2910 2374 2981 nomine
2395 2903 2527 2979 lehova
2559 2904 2617 2976 Dei

687 3023 741 3096 De
755 3020 823 3094 hoc
838 3018 988 3091 articulo
1004 3017 1107 3087 valde
1121 3036 1261 3083 necesse
1275 3026 1328 3085 est
1342 3032 1466 3081 omnes
1483 3010 1587 3079 invo·
1635 3007 1749 3081 nostri
1764 3008 2028 3095 invocabimus,
2054 3011 2155 3105 quasi
2173 3010 2285 3097 dicat,
2300 3006 2410 3085 huius
2423 3012 2533 3083 unius
2549 3006 2613 3089 Dei,

598 3144 717 3203 cantes
744 3123 905 3206 erudiri,
954 3120 1037 3213 quia
1066 3119 1248 3209 disputant
1279 3137 1396 3185 seeum
1427 3113 1588 3181 infirmae
1637 3111 1698 3205 qui
1722 3131 1803 3182 vere
1827 3109 1923 3181 Deus
1947 3125 2016 3193 est,
2041 3113 2383 3185 conditoromnium
2398 3136 2541 3197 rerum,
2567 3115 2614 3202 qui
2648 3186 2649 3205 χ

599 3245 753 3314 mentes,
779 3248 885 3319 quem
901 3220 1016 3291 Deum
1031 3220 1278 3311 alloquantur,
1303 3217 1484 3311 quomodo
1508 3236 1588 3300 eum
1637 3236 1674 3283 se
1689 3213 1852 3303 patefecit
1868 3214 1905 3281 in
1921 3208 1988 3285 hoc
2008 3214 2160 3306 populo,
2188 3228 2220 3287 et
2243 3216 2340 3287 dedit
2364 3216 2616 3309 promissiones,
2648 3212 2649 3291 ξ

597 3336 798 3405 discernere
813 3327 964 3397 debeant
978 3324 1024 3391 ab
1039 3314 1192 3391 ethnicis
1205 3332 1240 3389 et
1255 3316 1508 3389 commentitiis
1521 3339 1589 3385 nu·
1638 3337 1720 3388 rere
1735 3316 1894 3396 exaudit,
1921 3315 2038 3397 iuvat,
2065 3330 2099 3389 et
2114 3316 2239 3393 salvat.

599 3436 778 3523 minibus,
807 3443 841 3500 et
856 3451 900 3498 an
919 3425 1003 3496 satis
1018 3425 1062 3494 sit
1078 3444 1160 3492 eum
1183 3420 1312 3492 intueri
1338 3420 1406 3489 bde
1429 3418 1588 3509 agnitum

601 3535 849 3632 perverbum,
876 3531 935 3600 sed
959 3527 1094 3620 priores
1120 3526 1210 3595 duos
1230 3523 1326 3595 locos
1349 3522 1506 3594 breviter
1527 3521 1589 3590 ab·
2649 3595 2650 3612 ,

600 3637 748 3710 gotum,
1326 3684 1330 3699 .
1716 3623 1863 3695 Dictum
1881 3637 1932 3692 est
1948 3645 2053 3714 supra
2073 3615 2140 3692 hoc
2158 3623 2195 3692 in
2213 3623 2290 3694 loco
2315 3623 2408 3695 tradi
2431 3627 2620 3696 doctrinam
2649 3617 2650 3652 l

1641 3725 1794 3796 maxime
1823 3724 2053 3794 necessariam
2076 3725 2122 3794 de
2145 3725 2325 3813 agnitione
2348 3739 2381 3798 et
2405 3727 2622 3798 invocatione

1641 3825 1726 3898 Dei:
1761 3823 1949 3914 Quaerunt
1971 3825 2068 3896 enim
2089 3827 2388 3915 anxiaementes,
2418 3831 2507 3922 quid
2532 3829 2621 3898 inco

1643 3943 1734 4014 cent,
1751 3929 1931 4021 quomodo
1947 3928 2057 4016 magis
2074 3927 2277 4000 invocemus
2292 3951 2357 4000 nos
2374 3953 2498 4000 verum
2508 3928 2624 4006 Deum.

1644 4055 1751 4126 quam
1769 4029 1873 4100 Plato
1889 4043 1949 4100 aut
1965 4023 2190 4121 Xenophon,
2224 4032 2285 4125 qui
2303 4032 2407 4104 etiam
2424 4034 2582 4123 cogitant
2596 4057 2623 4100 se

1643 4135 1810 4206 invocare
1833 4155 1941 4202 unam
1974 4147 2128 4202 mentem
2158 4146 2357 4221 aeternam,
2402 4135 2566 4228 opificem
2603 4151 2627 4202 et

1644 4233 1871 4307 servatricem
1895 4234 2040 4314 mundi,
2080 4247 2115 4306 st
2140 4235 2278 4323 generis
2303 4231 2463 4306 humaui.
2517 4237 2627 4326 Quae·

1646 4349 1732 4409 runt
1749 4336 1861 4426 idem,
1888 4359 1933 4404 an
1949 4335 2032 4408 satis
2046 4336 2093 4408 sit
2112 4336 2162 4406 sic
2177 4337 2311 4431 alloqui
2327 4334 2463 4423 Deum,
2489 4338 2627 4410 intueo-

1647 4454 1700 4510 tes
1715 4433 1829 4523 hunc,
1844 4438 1904 4530 qui
1923 4461 1958 4506 se
1976 4461 2037 4528 per
2055 4433 2287 4526 Evangelium
2305 4440 2483 4532 patefecit,
2497 4456 2531 4512 et
2548 4467 2629 4534 quo-

1646 4542 1755 4612 modo
1770 4539 1815 4610 de
1829 4539 2010 4610 voluntate
2032 4539 2107 4609 eius
2122 4553 2274 4610 statuere
2295 4543 2508 4628 debeamus,
2536 4558 2570 4614 et
2590 4568 2627 4611 an

1648 4642 1733 4715 satis
1753 4642 1797 4710 sit
1815 4642 2033 4733 acquiescere
2054 4641 2093 4710 in
2109 4642 2217 4712 verbo
2233 4639 2311 4714 Dei.
2363 4643 2517 4716 Mallent
2542 4647 2628 4716 enim

1647 4740 1825 4816 humanae
1843 4755 1979 4813 mentes
1993 4766 2109 4814 coram
2127 4767 2270 4814 cernere
2284 4745 2460 4816 visibilem
2484 4751 2628 4838 speciem

1647 4844 1735 4929 Dei,
1762 4867 1866 4937 quam
1883 4856 1977 4914 certo
1992 4844 2171 4918 intuentes
2185 4847 2317 4919 scirent
2330 4871 2366 4918 se
2382 4871 2456 4918 non
2473 4851 2629 4920 aberrare

1649 4944 1778 5024 aDeo.
1839 4943 1993 5018 Mallent
2019 4961 2053 5018 et
2077 4948 2337 5022 consolationes
2359 4951 2485 5022 audire
2509 4973 2629 5022 coram.

1740 3481 1871 3568 Beati,
1898 3481 2057 3584 quicum
2075 3509 2147 3557 non
2164 3479 2340 3574 viderint,
2367 3485 2531 3566 credunt.

706 3785 877 3876 Exempla
910 3777 1176 3853 dubitationum
1207 3790 1240 3848 et
1272 3773 1517 3847 infirmitatum
1553 3774 1592 3843 in

606 3891 789 3987 Apostolis
805 3896 1059 3979 proponuntur
1073 3880 1177 3950 nobis
1195 3891 1341 3970 propter
1357 3879 1445 3950 duas
1461 3899 1592 3951 causas.

605 3997 710 4067 Prior
727 4007 796 4072 est,
811 4001 852 4058 nt
866 4004 1094 4076 agnoscamus
1113 3983 1195 4050 ver'e
1210 3995 1349 4073 peccata
1364 3982 1502 4074 reliqua
1519 4001 1593 4049 esse

605 4101 644 4168 in
660 4091 789 4166 renatis
807 4091 843 4158 in
863 4085 931 4158 hac
954 4086 1046 4168 vita,
1079 4097 1114 4154 et
1137 4107 1217 4152 vere
1238 4082 1503 4153 doleamusnos
1522 4081 1592 4151 cir-

606 4197 779 4270 cumferre
803 4204 935 4262 tantam
959 4186 1145 4274 caliginem
1169 4199 1203 4255 et
1225 4185 1487 4269 infirmitatem,
1528 4205 1594 4252 nec

605 4300 792 4372 efferamus
819 4314 884 4362 nos
907 4289 1008 4384 quasi
1036 4283 1128 4355 nihil
1152 4285 1189 4354 in
1213 4287 1317 4356 nobis
1347 4286 1426 4358 vitii
1451 4287 1516 4372 sit,
1560 4297 1595 4354 et

606 4401 706 4496 quasi
724 4396 821 4465 Deus
837 4395 967 4464 iniuste
984 4411 1049 4459 nos
1062 4403 1184 4460 oneret
1208 4389 1349 4478 poenis,
1372 4389 1460 4460 sicut
1479 4383 1594 4482 hypo·

606 4504 715 4572 critae
743 4499 901 4567 fremunt
927 4495 1095 4564 adversus
1126 4489 1298 4560 iudicium
1332 4487 1412 4562 Dei.
1471 4487 1594 4559 Altera

607 4614 797 4684 causaest,
831 4613 871 4668 ut
895 4618 972 4665 cum
994 4591 1155 4663 videmus
1179 4592 1370 4683 Apostolos
1392 4612 1594 4685 quanquam

608 4706 786 4786 infirmos,
808 4710 964 4789 receptos
980 4709 1014 4766 et
1033 4708 1172 4767 sanatos
1195 4717 1288 4773 esse,
1315 4695 1465 4763 sciamus
1481 4706 1514 4762 et
1530 4711 1596 4761 nos

609 4829 690 4876 vere
709 4803 816 4892 recipi
843 4816 877 4871 et
901 4798 1035 4884 sanari,
1076 4797 1157 4866 ideo
1180 4794 1314 4866 Paulus
1335 4797 1379 4865 ad
1403 4791 1510 4865 Rom.
1537 4789 1595 4864 14.

609 4905 730 5002 inquit
760 4906 804 4973 de
830 4902 993 4970 infirmo:
1042 4897 1140 4971 Deus
1173 4899 1270 4968 enim
1304 4919 1384 4966 eum
1420 4896 1597 4968 assumsit·

610 5005 708 5085 Haec
724 5003 918 5076 &molam
936 5003 1003 5094 ¹³⁶⁸
1020 5016 1118 5092 lma
1135 5013 1169 5070 ‘i
1186 4997 1378 5068 memma
1397 5011 1457 5068 θεῖ’
1648 5062 1689 5120 ut
1709 5047 1852 5141 Moyses
1874 5047 2033 5118 intuetur
2056 5049 2231 5121 visibilem
2256 5053 2427 5143 speciem,
2452 5068 2488 5124 et
2505 5056 2548 5122 de
2564 5053 2630 5123 sin-

711 5156 780 5228 Sed
799 5154 948 5224 sciamus
964 5153 1122 5245 duplices
1138 5172 1211 5220 esse
1225 5147 1407 5221 infirmos..
1438 5147 1598 5233 Dociles,
1649 5149 1741 5242 gulis
1767 5149 1916 5240 negotiis
1938 5151 2066 5241 accipit
2093 5153 2186 5224 clara
2204 5176 2289 5226 voce
2302 5153 2374 5226 Dei
2389 5156 2539 5226 traditas
2561 5177 2629 5223 sen

611 5261 651 5334 hi
677 5259 898 5348 recipiuntur
923 5270 956 5325 et
981 5269 1174 5332 sanantur,
1217 5249 1599 5322 videlicet-audientes
1650 5252 1790 5334 tentiae.
1841 5247 1902 5324 Sic
1924 5274 1991 5322 nos
2010 5253 2117 5324 etiam
2141 5278 2259 5326 coram
2283 5268 2319 5326 et
2341 5255 2565 5326 familiariter
2585 5257 2631 5320 ri·

610 5359 869 5450 Evangelinm,
889 5372 921 5429 et
946 5379 1026 5426 suas
1047 5353 1278 5442 cogitationes
1296 5354 1474 5422 frenantes
1490 5365 1524 5422 et
1541 5377 1600 5450 ca·¹
1650 5355 1734 5424 dere
1751 5366 1787 5424 et
1809 5353 1933 5424 audire
1948 5351 2062 5426 Deum
2084 5357 2257 5447 cupimus.
2309 5353 2364 5428 lle
2384 5353 2441 5430 his
2463 5359 2631 5453 quaestio-

612 5465 786 5556 ptivantes
803 5461 839 5529 in
855 5458 1063 5552 obsequium
1072 5452 1220 5527 Christi.
1234 5518 1238 5528 ,
1255 5450 1330 5524 Alii
1347 5477 1428 5524 vero
1444 5467 1527 5526 sunt
1542 5455 1600 5527 in.
1650 5455 1758 5524 nibus
1774 5466 1868 5526 recte
1885 5455 2021 5526 erudiri
2037 5455 2113 5547 pias
2129 5471 2264 5529 mentes
2279 5481 2420 5530 necesse
2436 5475 2498 5532 est.

613 5565 772 5648 dociles,
813 5563 875 5655 qui
908 5558 1135 5652 pertinaciter
1169 5555 1373 5627 antefemnt
1401 5550 1599 5642 Evangelio
1752 5551 1924 5626 Monachi
1962 5556 2118 5629 breviter
2145 5562 2381 5652 respondent,
2429 5584 2569 5656 semper
2594 5561 2632 5626 de

612 5689 694 5738 suas
709 5665 948 5756 cogitationes.
999 5657 1046 5730 lli
1066 5681 1139 5726 non
1164 5656 1405 5747 recipiuntur,
1429 5659 1489 5724 sed
1508 5658 1602 5726 atii·
1652 5656 1819 5728 omnihus
1840 5653 1896 5730 his
1920 5659 2186 5752 quaestionibus
2208 5663 2445 5734 dubitandum
2470 5687 2564 5746 esse,
2592 5685 2631 5729 au

614 5769 756 5839 ciuntur
780 5767 873 5834 inter
897 5761 1014 5834 hostes
1040 5758 1237 5848 Evangelii.
1290 5757 1389 5854 Βίους
1415 5771 1450 5826 et
1476 5757 1540 5848 ipsi
1566 5782 1602 5828 se
1652 5757 1737 5828 satis
1765 5759 1811 5832 sit
1838 5760 1888 5830 sic
1917 5759 2084 5831 invocare
2113 5759 2255 5849 Deum,
2297 5763 2519 5858 alloquentes
2546 5764 2631 5840 hunc

614 5871 796 5940 declarant
819 5891 890 5942 esse
913 5861 1050 5943 hostes,
1076 5875 1111 5932 et
1135 5860 1323 5935 discedunt
1341 5883 1357 5924 a
1375 5855 1537 5938 Christo,
1563 5872 1603 5934 ut
1650 5855 1788 5948 Deum,
1811 5862 1872 5958 qui
1889 5883 2004 5954 seper
2019 5859 2254 5952 Evangelium
2276 5865 2459 5958 patefecit,
2485 5891 2532 5938 an
2557 5884 2631 5936 reto
