5825 6950
539 622 615 700 547
942 633 960 660 ι
1124 611 1256 696 Plttb.
1280 606 1400 693 nnn.
1426 609 1640 690 SCRIPTA
1661 609 1966 699 munuca,
2482 635 2536 710 su

540 801 701 876 Locutus
740 809 793 869 est
819 793 998 872 Dominus
1034 788 1132 864 Deus
1168 801 1315 864 cunnos
1348 809 1529 863 mones
1580 773 1809 864 clamationes
1823 817 1898 865 non
1913 793 2093 887 pertinent
2113 794 2157 866 ad
2172 789 2270 867 hunc
2289 795 2424 869 locum.
2469 797 2540 875 Pau-

545 901 614 976 hos
628 918 712 986 ete„
736 914 778 973 ut
791 899 896 972 sciret
912 896 1068 992 populus
1079 894 1233 989 proponi
1246 915 1322 964 non
1337 887 1532 964 humanam
1579 894 1637 965 lus
1666 893 1762 966 enirn
1787 891 1944 968 hicnon
1968 897 2172 989 deprivata
2201 899 2372 970 servitute
2400 899 2542 995 loquitur,

545 1006 766 1085 doctrinam,
791 1005 853 1074 sed
877 1017 972 1073 certo
993 1012 1028 1071 et
1049 1019 1209 1090 expresse
1224 995 1392 1066 traditam
1408 991 1533 1069 aDeo.
1580 998 1641 1068 sed
1672 999 1718 1068 de
1745 997 1883 1081 officio,
1919 1013 2021 1072 vocat
2045 1021 2082 1070 se
2102 1023 2266 1082 servum,
2298 999 2339 1071 id
2364 1017 2430 1089 est,
2460 1010 2543 1077 mini·
2593 1042 2594 1050 ι

547 1109 602 1182 lta
617 1107 750 1180 Paulus
766 1105 947 1198 praefatur
966 1125 1003 1176 se
1026 1125 1101 1174 esse
1114 1097 1347 1190 Apostolum,
1371 1121 1448 1168 non
1464 1092 1535 1167 hu·
1581 1112 1694 1171 strum
1725 1115 1902 1191 gerentem
1939 1101 2093 1174 officium
2125 1104 2307 1196 pertinens
2344 1105 2390 1175 sd
2424 1129 2543 1200 regnum

546 1235 655 1282 mano
669 1210 804 1281 iudicio
820 1209 983 1288 electum,
1006 1205 1067 1274 sed
1083 1197 1220 1276 Christi
1233 1225 1331 1287 voce,
1357 1222 1398 1269 ac
1408 1196 1537 1280 Evan-
1582 1196 1730 1276 Christi.

548 1313 684 1404 geliurn'
704 1311 844 1382 adfert
864 1309 1040 1380 divinitus
1062 1305 1252 1376 traditum:
1278 1317 1314 1375 et
1336 1297 1430 1372 hanc
1454 1324 1537 1374 sen-

549 1415 716 1498 tentiam,
748 1437 855 1506 quam
876 1415 922 1483 de
942 1411 1038 1502 lege,
1073 1409 1119 1478 de
1141 1405 1461 1499 promissionibus,
1493 1405 1538 1473 de
1693 1451 1696 1454 -
1912 1488 1923 1506 ο

550 1528 714 1610 peccato,
745 1518 790 1586 de
812 1514 944 1605 gratis,
975 1517 1020 1585 de
1052 1511 1122 1581 fide
1145 1509 1334 1602 proponit,
1366 1531 1442 1578 non
1464 1527 1539 1577 esse
1686 1484 1730 1558 ld
1744 1509 1786 1558 er
1803 1483 1943 1560 Galatis
1959 1492 2086 1564 melius
2101 1492 2251 1584 intelligi
2268 1505 2406 1586 potest,
2429 1497 2486 1568 ubi
2499 1503 2545 1570 ad-

551 1615 748 1690 humanum
762 1616 965 1702 inventum,
983 1616 1045 1686 sed
1060 1610 1234 1683 divinitus
1247 1611 1318 1703 ipsi
1331 1609 1539 1702 patefactum
1585 1589 1636 1661 dil
1649 1613 1686 1661 *θ
1701 1615 1775 1662 ⁰⁰¹1
1791 1591 1836 1661 ab
1852 1587 2078 1681 h⁰ffl5¹¹ib¹¹⁸s
2105 1619 2222 1689 thue
2240 1619 2303 1687 per
2324 1591 2481 1670 homines
2498 1628 2545 1672 vo·
2591 1682 2594 1699 Ι

551 1720 902 1804 etcommendatam,
926 1731 968 1788 ut
983 1740 1059 1788 eam
1075 1711 1244 1785 Ecclesiis
1265 1715 1392 1785 tradat.
1454 1711 1539 1781 ldeo
1586 1708 1704 1765 “¹⁰¹⁰
1720 1695 1897 1812 meum}
1921 1721 1983 1788 Per
2000 1695 2115 1768 letum
2129 1693 2313 1768 Christum
2333 1712 2368 1770 et
2381 1697 2487 1772 Deum
2502 1730 2545 1796 pa·
2592 1705 2596 1754 t

530 1846 628 1894 ·non
652 1822 762 1894 otiose
782 1819 888 1892 toties
911 1815 971 1889 hic
992 1831 1028 1890 et
1048 1816 1137 1889 alibi
1164 1815 1293 1907 repetit
1320 1814 1540 1886 mentionem
1587 1807 1714 1867 “ems
1744 1793 1784 1915 11}
1802 1798 1993 1886 ”imfimo
2018 1823 2098 1871 tum
2117 1793 2176 1869 hic
2192 1822 2228 1870 ιθ
2244 1813 2348 1872 voest
2365 1825 2436 1871 ¹¹⁰⁰
2452 1807 2546 1895 vulga·

553 1924 714 1996 muueris
730 1923 787 1994 sni
804 1935 839 1994 et
856 1922 1012 1994 inculcat
1026 1919 1161 1991 titulos.
1210 1915 1309 1990 llaec
1328 1939 1370 1986 eo
1386 1934 1542 1987 comme·
1587 1921 1664 1970 fem
1684 1912 1989 1988 ⁰⁰¹¹⁶¹⁰¹¹³101⁸¹¹⁸2
2013 1904 2073 1972 ⁸0³
2094 1898 2230 1996 κληῖδι
2252 1895 2469 1982 ἀπόστολον.
2515 1906 2546 1980 Et

553 2028 726 2096 mog-,uda
749 2038 850 2109 gunt,
872 2037 914 2095 ut
934 2024 1090 2113 legamus
1103 2019 1276 2102 Paulum,
1301 2042 1376 2089 non
1397 2031 1437 2090 ur
1453 2015 1548 2088 Am.·
1588 1997 1864 2120 haesententiae
1880 2006 2114 2096 opponendae
2134 2017 2218 2076 sunt
2239 2001 2311 2075 hoc
2335 2019 2485 2100 tempore
2500 2008 2548 2078 Ps-

555 2129 733 2212 brosium,
764 2141 829 2198 aut
848 2123 1088 2216 Augustinum
1110 2122 1281 2211 legimus,
1319 2135 1459 2202 tantum
1480 2143 1544 2190 ceu
1588 2105 1707 2196 Pl⁸l¹⁵s
1746 2121 2021 2196 q1¹⁰¹1¹¹¹¹l³¹¹l2
2048 2107 2366 2200 “impudentias
2398 2123 2437 2180 ul
2456 2128 2547 2204 aperte

556 2231 736 2301 eruditum
757 2225 987 2320 in'terpretem
1001 2219 1228 2319 propheticae
1243 2225 1459 2316 scripturae,
1482 2222 1543 2293 sed
1590 2205 1711 2277 ausint
1733 2207 1868 2290 dicere,
1908 2231 1984 2277 non
2007 2209 2086 2299 plus
2107 2231 2181 2280 esse
2212 2211 2431 2280 eredendum
2452 2211 2547 2305 Paulo,

556 2346 707 2404 utcerto
721 2333 937 2402 adserentem
952 2328 1138 2401 coelestem
1151 2328 1375 2412 doctrinam,
1400 2325 1460 2396 cui
1481 2347 1545 2395 ne·
1591 2331 1697 2401 (tuam
1719 2305 1884 2390 R⁰mt¹¹0
1908 2309 2092 2396 Ponlffids
2133 2325 2194 2382 ³¹11
2223 2310 2423 2405 ΕΡῐθῑῠΡῑῦ.
2480 2315 2547 2386 lma·

557 2457 652 2506 cesse
672 2449 725 2504 est
746 2432 925 2504 assentiri.
995 2427 1131 2524 Estque
1154 2429 1344 2520 diligenter
1377 2421 1547 2498 hocloco
1579 2411 1761 2512 binium?
1789 2407 1940 2482 Paulum
1972 2435 2046 2483 ‘⁸⁸0
2083 2411 2180 2484 lrum
2208 2413 2368 2508 ³liq¹¹em
2399 2429 2456 2488 aut
2476 2441 2547 2488 erro·

557 2538 793 2607 discernenda
821 2533 1015 2628 apostolica
1041 2531 1202 2619 vocatio,
1227 2532 1273 2603 sb
1292 2529 1462 2625 Episcopi
1484 2553 1548 2600 vo-
1593 2537 1695 2597 nem,
1741 2511 1802 2606 (1¹¹5
1836 2515 1912 2584 ⁸5⁰⁰
1942 2517 2130 2587 autoritate
2160 2531 2328 2608 vagatus,
2361 2529 2396 2588 et
2425 2520 2546 2614 pertina-

557 2638 709 2721 mtm
1061 2713 1063 2716 Α
1595 2617 1682 2686 citer
1705 2617 1749 2684 de
1774 2615 1945 2706 religione
1967 2619 2102 2689 rixatus
2124 2619 2181 2689 sit.
2229 2617 2307 2689 Nos
2328 2631 2444 2690 autem
2459 2623 2542 2694 audite

964 2784 975 2808 ,
1099 2783 1109 2806 ,
1309 2785 1319 2805 ,
1596 2713 1762 2817 Apostoli
1780 2719 1980 2805 mentione,
2003 2721 2198 2810 cogitemus
2220 2717 2430 2812 prophetica
2449 2725 2548 2795 autori-

661 2785 855 2883 Apostolns
881 2800 933 2860 est
963 2787 1167 2860 immedrate
1190 2810 1209 2857 a
1231 2781 1376 2862 Christo
1400 2798 1547 2857 vocatus
1597 2833 1667 2892 ,m
1691 2843 1771 2889 eum
1798 2821 2018 2909 concionari,
2052 2838 2089 2893 et
2113 2823 2189 2892 eim
2210 2825 2307 2908 dim
2332 2839 2486 2920 tanquam
2504 2853 2548 2896 w·

560 2894 606 2965 ad
622 2892 821 2964 docendum
837 2885 1072 2980 Evangelium
1080 2940 1094 2976 ,
1122 2903 1157 2962 et
1172 2885 1279 2960 habet
1298 2903 1432 2960 certum
1448 2889 1546 2960 testi·
1597 2947 1671 2994 cem
1697 2919 1764 2992 Dei
1785 2923 1829 2992 de
1854 2924 1953 2994 eodo
1977 2939 2160 2997 sonantem
2177 2927 2406 3018 accipiamus·
2453 2927 2549 3000 ΗΜ

561 2993 723 3066 “muium
746 3019 828 3064 ⁸⁰³⁸
851 2994 1170 3111 ⁶⁰⁶¹¹5¹¹³⁸Jfl⁰⁰d
1188 2992 1235 3062 ’ἢ
1253 2991 1394 3077 ‘lilim’
1414 3015 1547 3110 ξηαπ·
1597 3025 1855 3116 cogitabimus,
1892 3027 1996 3099 valde
2026 3051 2093 3099 nos
2113 3027 2199 3099 -eius
2228 3031 2425 3101 sententiae
2454 3031 2548 3102 conlr·
2599 3031 2600 3070 ι

563 3109 639 3168 tum
657 3110 802 3168 esteum
822 3090 953 3166 habere
968 3090 1338 3187 Sprrrtumsanctum‚
1363 3107 1398 3165 et
1419 3119 1458 3162 m
1480 3097 1547 3164 do·
1598 3130 1758 3205 magum·
1848 3153 1852 3166 .

561 3199 676 3270 ctrina
699 3223 774 3269 non
796 3219 1003 3286 errare,¹ac
1024 3208 1140 3290 potest
1158 3196 1292 3292 ubique
1312 3195 1352 3266 in
1378 3196 1548 3270 omnibus

561 3296 730 3374 Ecclesiis
747 3302 882 3374 docere.
1752 3308 2052 3411 Segregatnsad
2065 3308 2322 3412 Euangelinm
2337 3315 2426 3396 Dei.

664 3453 713 3528 Ac
725 3451 925 3547 Episcopus
937 3466 990 3526 est
1005 3467 1149 3527 vocatus
1163 3478 1226 3547 per
1242 3449 1404 3527 homines
1420 3456 1463 3526 ad
1483 3456 1549 3526 do·
1700 3449 1872 3523 Nominat
1896 3474 2006 3541 genus
2032 3449 2184 3541 negotii,
2207 3453 2305 3545 quod
2330 3455 2363 3525 ei
2386 3459 2551 3525 mandatum
2591 3441 2600 3478 '¹

562 3560 715 3629 cendum
731 3556 984 3648 Euangelium,
1008 3571 1105 3628 certo
1118 3559 1218 3644 loco,
1243 3571 1277 3629 et
1291 3572 1406 3648 potest
1421 3582 1550 3644 errare,
1599 3556 1687 3641 luit,
1727 3555 1846 3648 inquit
1869 3577 1905 3623 se
1930 3553 2105 3623 delectum
2137 3576 2209 3623 esse
2243 3556 2289 3624 ad
2324 3560 2552 3650 propagandum
2599 3618 2600 3653 ζ

564 3685 632 3732 nec
654 3682 794 3731 necesse
820 3673 872 3730 est
893 3671 1028 3730 certum
1051 3656 1145 3739 esse,
1170 3662 1267 3752 qnod
1292 3656 1550 3751 habestSpiri·
1601 3658 1849 3747 Evangelium.
1902 3654 1977 3725 lam
2000 3650 2164 3726 hocloco
2191 3657 2398 3729 meminisse
2421 3663 2550 3732 lectoren
2590 3674 2600 3737 ,ί

564 3777 641 3835 tum
657 3775 829 3834 sanctum.
869 3758 924 3830 Er
942 3754 999 3830 his
1015 3761 1313 3853 descriptionibus
1328 3763 1440 3834 multa
1456 3764 1551 3833 iudi·
1602 3771 1762 3854 oportet,
1787 3758 1981 3851 plurimum
2005 3757 2173 3828 interesse
2196 3758 2291 3829 inter
2316 3757 2400 3831 haec
2424 3766 2486 3835 cliro
2506 3766 2551 3832 do
2599 3750 2600 3783 ³

565 3865 638 3936 cari
662 3882 824 3955 possunt.
880 3862 930 3935 Ut
952 3862 1048 3933 enim
1072 3858 1271 3956 Prophetae
1291 3865 1329 3933 in
1350 3866 1484 3957 populo
1502 3864 1566 3951 ls·¹
1603 3864 1737 3935 ctrinae
1757 3866 1903 3952 genera,
1935 3860 2029 3930 inter
2051 3862 2162 3949 legem
2183 3857 2474 3954 etEvangelium.
2514 3868 2551 3937 lle
2590 3860 2594 3898 ί

565 3966 643 4037 radi
662 3966 769 4054 longe
798 3964 1054 4036 antecellebant
1073 3966 1335 4049 sacerdotibus,
1375 3981 1409 4038 et
1438 3968 1551 4038 multa
1604 3989 1644 4036 eo
1662 3964 1869 4034 discrimine
1892 3977 1927 4032 et
1950 3984 2055 4053 supra
2079 3963 2212 4034 dictum
2236 3977 2288 4034 est
2307 3964 2346 4033 in
2364 3968 2552 4059 praefatione,
2599 4052 2600 4055 Ἴ

569 4070 719 4159 agebant
733 4064 893 4153 heroica,
920 4090 1012 4162 quse
1033 4090 1107 4137 non
1130 4070 1346 4140 concedebat
1360 4068 1417 4139 lex
1441 4082 1552 4139 caete:
1603 4080 1638 4138 et
1656 4066 1748 4136 inira
1769 4067 1960 4135 dicendum
1981 4064 2048 4133 erit
2071 4066 2184 4157 capite
2205 4066 2326 4140 tertio.
2388 4068 2458 4161 lpse
2475 4070 2551 4141 etim
2591 4147 2600 4158 ᾗ

567 4173 619 4241 ris
641 4169 897 4241 sacerdotibus:
930 4171 979 4241 ita
994 4166 1159 4261 Apostoli
1182 4171 1403 4242 vocationem
1420 4164 1554 4241 habent
1604 4169 1705 4241 addit
1725 4168 2005 4258 ¹descriptionem
2029 4165 2235 4257 Evangelii:
2274 4164 2497 4262 Evangelium
2518 4184 2552 4241 ut
2595 4186 2600 4253 j

568 4274 673 4366 longe
688 4270 905 4364 superiorem
928 4272 1072 4343 caeteris
1085 4266 1290 4366 Episcopis,
1314 4272 1427 4362 legem
1447 4274 1554 4343 abro-
1605 4268 1793 4365 promissio
1806 4270 1979 4341 divinitus
1994 4270 2098 4357 iacta,
2110 4270 2237 4342 tradita
2253 4271 2292 4340 in
2309 4274 2482 4367 scriptoris
2494 4298 2550 4344 san·
2595 4280 2596 4369 s

568 4388 673 4467 gant,
710 4387 840 4445 vocant
869 4372 992 4464 gentes
1018 4375 1065 4443 sd
1095 4376 1296 4446 societatem
1326 4374 1451 4467 populi
1475 4372 1554 4460 Dei,
1605 4372 1688 4459 ctis,
1714 4375 1758 4443 de
1773 4371 1849 4444 filio
1864 4370 1931 4443 Dei
1947 4372 2046 4454 lesu,
2073 4386 2156 4443 nato
2178 4397 2220 4442 ex
2243 4375 2377 4445 semine
2394 4378 2497 4447 David
2516 4398 2551 4445 se·
2595 4388 2596 4443 f

569 4488 737 4547 enarrant
755 4478 926 4546 obscuros
946 4476 1114 4547 articulos
1136 4478 1180 4550 de
1200 4475 1350 4562 Messio,
1390 4478 1487 4570 quod
1510 4478 1556 4548 sit
1606 4476 1763 4546 cundum
1787 4498 1947 4560 carnem,
1978 4475 2154 4547 declarato
2176 4488 2294 4547 autem
2317 4478 2391 4549 filio
2413 4479 2488 4566 Dei,
2509 4502 2552 4569 po·
2592 4551 2596 4562 ,

568 4578 664 4648 lilius
678 4576 764 4664 Dei,
787 4578 883 4671 quod
900 4600 974 4647 non
990 4576 1099 4649 tuerit
1113 4573 1300 4651 habiturus
1320 4595 1469 4669 regnum
1492 4603 1558 4671 po·
1606 4591 1704 4650 tente
1724 4576 1976 4669 perspiritum
1999 4578 2292 4665 sanctificantem,
2325 4585 2510 4653 resuscitato
2525 4601 2551 4647 u
2592 4577 2597 4664 't

571 4680 721 4750 liticnm.
787 4677 958 4769 Expresse
977 4680 1187 4771 impertiunt
1209 4680 1453 4752 remissionem
1475 4705 1558 4774 pec·
1606 4680 1776 4765 mortuis,
1805 4680 1869 4773 qui
1892 4693 1944 4751 est
1956 4676 2120 4765 Messias,
2153 4677 2325 4768 seniles,
2351 4706 2412 4774 per
2429 4678 2552 4779 quemlt

570 4794 749 4867 catorum,
773 4786 868 4871 quod
888 4784 1085 4853 sacerdotes
1099 4780 1249 4853 Levitici
1266 4785 1490 4875 nequaquam
1506 4784 1557 4853 fe·
1607 4782 1770 4854 liberatio
1785 4806 1804 4853 a
1820 4795 1962 4874 peccato
1978 4795 2046 4853 eta
2064 4794 2179 4852 morte
2192 4796 2345 4858 aeterna.

573 4896 705 4955 cerant.
776 4880 968 4971 Enarrant
987 4884 1177 4956 articulum
1212 4885 1257 4952 de
1289 4884 1428 4954 iusticia
1461 4882 1559 4971 fidei,
1658 4926 1663 4937 ·
1711 4882 1809 4955 Haec
1833 4883 1991 4954 delinitio
2020 4884 2079 4956 liet
2106 4884 2306 4966 illustrior,
2346 4888 2375 4955 si
2402 4880 2551 4961 antithesis

563 5008 679 5078 ‘quem
697 4986 797 5074 pauci
818 4985 856 5055 in
876 4987 1009 5078 populo
1024 4987 1112 5078 legis
1135 5000 1236 5057 antea
1261 4986 1456 5056 audierant.
1508 4982 1559 5058 Αι
1608 4984 1696 5078 legis
1719 5002 1753 5059 et
1773 4980 1961 5076 Evangelii
1980 4985 2198 5063 instituatur.
2264 4985 2338 5057 Lex
2359 5002 2409 5060 est
2428 4987 2552 5059 doctrine

573 5085 740 5179 Episcopi
755 5089 881 5159 dictata
897 5090 942 5158 ab
957 5086 1139 5180 Apostolis
1154 5088 1311 5177 accipere
1326 5089 1467 5175 debent,
1483 5110 1558 5157 non
1606 5090 1826 5183 praecipiens
1850 5089 1972 5182 quales
1995 5112 2067 5159 esse
2096 5112 2181 5173 nos,
2206 5103 2240 5161 et
2261 5090 2346 5185 quid
2365 5114 2459 5183 agere
2473 5110 2551 5181 opor·

572 5188 716 5259 incoare
743 5213 875 5260 novum
902 5204 965 5260 ant
993 5190 1090 5261 aliud
1114 5190 1296 5262 doctrinae
1324 5211 1448 5281 genus.
1510 5188 1560 5262 Ut
1609 5202 1697 5277 test,
1723 5192 1906 5287 requirens
1927 5190 2115 5282 perfectam
2138 5192 2395 5285 obedientiam,
2418 5212 2552 5281 nonpro·

494 5350 501 5357 .
573 5290 683 5381 igitur
697 5290 831 5363 Paulus
847 5295 1053 5364 admoneret
1066 5315 1189 5362 omnes
1203 5292 1247 5363 de
1266 5289 1453 5363 autoritate
1476 5315 1559 5365 suae
1610 5292 1752 5365 mittens
1767 5292 1874 5385 gratis
1890 5292 2131 5365 remissionem
2149 5286 2391 5386 peccatorum,
2410 5319 2474 5365 non
2487 5292 2551 5361 libe·

571 5395 777 5482 doctrinae,
805 5392 890 5465 lacit
910 5395 1127 5465 mentionem
1152 5416 1237 5465 suae
1258 5394 1473 5481 vocationis,
1501 5396 1558 5464 in·
1610 5418 1692 5465 rans
1706 5420 1772 5467 nos
1788 5420 1807 5465 a
1826 5409 1965 5487 peccato
1985 5409 2019 5466 et
2041 5420 2060 5464 n
2083 5409 2215 5479 morte,
2239 5400 2300 5468 sed
2318 5399 2430 5490 potius
2443 5411 2550 5465 armant

575 5496 719 5587 quiens:
754 5495 885 5570 Servus
908 5494 987 5566 lesu
1005 5491 1162 5580 Christi,
1188 5509 1332 5566 vocatus
1352 5492 1558 5589 Apostolus.
1611 5514 1806 5587 peccatum,
1832 5522 1913 5568 cum
1934 5521 2000 5567 nos
2023 5511 2181 5587 accusat,
2210 5512 2243 5569 et
2260 5501 2447 5570 terroribus
2466 5490 2548 5566 lctsli·

574 5594 750 5687 Origenes
765 5595 824 5668 hic
844 5596 963 5688 inepte
987 5594 1223 5669 rhetoricatur
1245 5598 1516 5669 deliberatione
1539 5622 1559 5668 s
1610 5602 1676 5668 bus
1692 5600 1871 5690 opprimit.
1904 5594 1951 5673 At
1969 5597 2204 5692 Evangelium
2219 5615 2270 5672 est
2285 5602 2468 5694 promissio,
2486 5614 2548 5690 quse

575 5702 803 5784 ceremoniis,
833 5714 868 5769 et
889 5700 933 5769 de
957 5700 1124 5772 servitute
1143 5698 1272 5784 Pauli,
1311 5723 1380 5795 qua
1402 5722 1560 5771 ceremo·
1610 5700 1799 5791 pollicetur
1828 5702 1932 5775 nobis
1959 5703 2202 5774 remissionem
2227 5720 2438 5797 peccatorum
2461 5694 2546 5790 gratis,

572 5803 769 5877 nilsl'uerat
787 5802 962 5875 obnoxius
977 5802 1353 5905 anteconsersionem.
1404 5800 1482 5875 llae
1497 5800 1560 5874 de-
1609 5816 1644 5875 et
1658 5802 1905 5879 liberationem
1929 5820 2069 5901 peccato
2091 5821 2125 5880 et
2146 5828 2166 5878 a
2183 5822 2296 5881 morte
2312 5830 2372 5903 per
2386 5806 2482 5876 filiun
2491 5792 2546 5873 ttei

1988 1347 2168 1432 Vocatus.
