5825 6950
310 704 393 781 sto
704 698 789 777 xtt.
843 687 1148 777 aaaanarro
1178 664 1232 773 tra
1265 673 1454 775 uiuus.
1489 688 1704 775 maante.
1751 694 1863 775 sar.
1891 696 1992 775 xtx.
2286 700 2364 777 aas

308 876 511 961 rescimus,
543 882 741 943 metuentes
767 888 851 940 vere
879 891 948 941 nos
975 890 996 941 a
1024 865 1104 941 Deo
1135 869 1244 944 abiici
1273 870 1313 942 in
1364 870 1563 963 significare
1588 892 1625 941 se
1648 884 1879 965 spectatorem
1902 894 1976 945 esse
1993 866 2102 946 huius
2117 870 2301 966 supplicii,
2326 886 2362 948 et

311 994 497 1053 aeternam
519 973 801 1047 damnationem.
861 964 942 1043 Etsi
966 972 1111 1045 dolebat
1131 970 1250 1044 David
1275 995 1313 1043 se
1354 975 1441 1047 iore
1461 996 1500 1044 se
1524 972 1692 1051 iudicem.
1742 974 1833 1047 Nam
1861 971 1931 1048 hoe
1953 976 2171 1071 colloquium
2193 970 2358 1064 habetur,

312 1107 355 1154 ex
380 1102 498 1171 regno
521 1076 604 1149 eiici
620 1096 641 1147 a
658 1074 750 1162 tilio,
772 1096 880 1168 qnem
894 1074 998 1145 valde
1020 1073 1212 1167 diligebat,
1235 1098 1314 1147 mo-
1364 1100 1445 1149 cum
1468 1075 1539 1149 iam
1555 1077 1674 1147 medio
1699 1076 1758 1148 die
1774 1078 1859 1151 solis
1875 1077 1997 1151 lumen
2011 1081 2204 1151 extinctum
2221 1094 2291 1164 cst,
2316 1092 2358 1152 ut

311 1200 482 1259 tamesae
504 1178 736 1263 seditionem,
764 1190 800 1247 et
819 1198 857 1245 se
877 1176 959 1247 exui
980 1176 1095 1268 gloria
1119 1178 1313 1271 sapientiae
1364 1203 1406 1249 ex
1434 1176 1551 1249 Lucae
1583 1182 1789 1253 narratione
1821 1194 1978 1273 apparet.
2046 1178 2217 1272 Agnoscit
2245 1180 2358 1271 igitur

311 1302 346 1359 et
369 1283 558 1368 iusticias,
589 1302 698 1374 quarn
721 1275 925 1369 habuerat,
965 1294 1084 1351 tamen
1111 1275 1150 1349 hi
1171 1280 1313 1352 dolores
1356 1276 1461 1353 huuc
1484 1278 1617 1351 iustum
1649 1281 1767 1353 virum
1801 1304 1874 1353 esse
1900 1280 2090 1371 Messium,
2131 1296 2164 1355 ct
2194 1282 2354 1375 primum

310 1413 386 1461 non
407 1398 517 1457 erant
538 1382 680 1457 summi.
743 1380 825 1453 Alia
851 1382 968 1452 multo
995 1382 1110 1451 maior
1129 1382 1312 1453 moesticia
1363 1385 1480 1475 palam
1507 1382 1677 1455 discernit
1700 1408 1780 1455 eum
1801 1409 1822 1457 a
1847 1408 1904 1471 se,
1930 1386 2041 1457 altero
2065 1385 2162 1456 socio
2178 1381 2358 1483 supplicii,

311 1488 542 1563 excruciabat
569 1491 679 1570 eum,
708 1484 812 1577 qnod
844 1481 987 1579 videbat
1015 1506 1119 1554 suum
1141 1485 1310 1556 delictum
1359 1485 1515 1557 'affirmat
1534 1507 1613 1555 eum
1636 1480 1730 1555 nihil
1752 1486 1838 1557 mali
1862 1487 1997 1561 lesisse.
2072 1484 2212 1557 Deinde
2237 1486 2355 1577 ipsum

312 1616 459 1667 causam
486 1612 564 1661 esse
587 1599 771 1657 tantorum
792 1585 966 1655 scelerum
990 1598 1025 1656 et
1047 1587 1311 1672 scandalorum,
1363 1587 1580 1681 alloquitur,
1620 1612 1660 1659 ac
1688 1588 1820 1659 iaciens
1854 1588 2071 1661 mentionem
2102 1588 2216 1660 luturi
2243 1587 2356 1680 ipsius

315 1695 506 1789 inquibus
524 1688 646 1774 multi,
671 1687 733 1781 qui
754 1686 896 1758 fuerant
920 1686 1058 1774 saneti,
1089 1683 1312 1761 horribiliter
1362 1690 1484 1780 regni,
1522 1690 1696 1776 ostendit,
1732 1691 1795 1784 qui
1821 1692 1955 1772 credat,
1988 1690 2155 1763 videlicet
2176 1686 2274 1763 hunc
2298 1690 2354 1759 vi·

322 1800 518 1893 perierunt.
569 1788 926 1861 llicseseiudicabat
946 1810 1020 1860 esse
1038 1804 1172 1882 pestem
1187 1786 1312 1862 Eccle-
1357 1800 1463 1873 rum,
1489 1789 1625 1864 etiamsi
1641 1792 1958 1885 nuncpendeatin
1982 1816 2139 1864 cruceac
2156 1793 2354 1863 moriturus

319 1904 387 1971 siae
401 1912 441 1969 et
463 1894 589 1989 populi
607 1889 694 1978 Dei,
720 1902 754 1961 et
775 1890 906 1961 molem
928 1904 1150 1984 peccatorum
1174 1904 1311 1964 tantam
1363 1892 1429 1980 sit,
1462 1904 1581 1963 tamen
1605 1917 1680 1963 non
1703 1894 1930 1966 interiturum
1953 1916 2045 1977 esse,
2077 1894 2139 1965 sed
2164 1892 2355 1976 victurum,

314 2001 517 2080 sentiebat,
541 2009 582 2067 ut
603 2006 809 2083 agnosceret
832 2016 869 2063 se
892 2016 967 2063 non
983 2016 1086 2085 posse
1103 2018 1179 2064 eam
1203 1994 1311 2067 susti·
1362 2009 1399 2066 et
1420 1995 1530 2065 vitam
1560 1994 1639 2065 aliis
1660 1996 1777 2088 ipsum
1800 1996 2051 2088 invocantibus
2075 1996 2242 2067 daturum
2266 2016 2353 2069 esse.

310 2130 420 2189 nere,
442 2098 624 2171 metuebat
641 2096 751 2187 igitur
765 2094 996 2167 seabiectnm
1019 2118 1095 2166 esse
1116 2096 1246 2183 aDeo,
1270 2107 1313 2167 ut
1361 2094 1526 2191 Denique
1558 2098 1686 2171 rectius
1716 2099 1882 2191 intelligit
1910 2098 2110 2169 doctrinam
2137 2100 2183 2167 de
2208 2094 2356 2183 Massia,

310 2208 463 2281 Saulem
481 2215 544 2273 aut
562 2200 856 2292 aliostyrannos,
882 2197 944 2290 qui
965 2198 1111 2271 luerunt
1133 2221 1217 2269 vasa
1236 2198 1312 2268 irae
1363 2222 1469 2294 quam
1494 2220 1618 2270 omnes
1632 2195 1825 2273 Pharisaei.
1876 2198 2051 2299 Agnoscit
2076 2200 2114 2270 in
2139 2200 2210 2271 vita
2229 2194 2354 2269 Eccle-

310 2310 394 2383 Dei.
446 2306 505 2377 lli
520 2302 666 2373 dolores
680 2300 830 2373 llavidis
851 2299 975 2392 aliquo
995 2302 1105 2371 modo
1131 2300 1313 2371 declarant
1362 2292 1451 2371 siam
1477 2300 1517 2369 in
1534 2324 1638 2375 cruce
1654 2324 1745 2389 esse,
1770 2306 1830 2375 sed
1849 2300 2052 2376 habituram
2077 2326 2140 2394 per
2157 2294 2255 2373 hunc
2272 2300 2355 2371 Do·

314 2407 540 2485 atrocitatem
557 2398 665 2473 huius
676 2400 938 2495 descriptionis,
964 2421 1045 2471 cum
1060 2402 1191 2474 dicitur
1205 2398 1311 2475 Chri·
1362 2404 1501 2473 minum
1533 2404 1666 2492 vitam,
1699 2405 1897 2493 iusticiam,
1931 2418 1965 2476 et
1986 2405 2134 2497 gloriam
2161 2418 2354 2478 aeternam.

321 2528 399 2585 stus
415 2514 531 2583 lsetcrs
548 2526 623 2576 esse
640 2503 889 2584 maledictum,
921 2503 982 2573 sed
1002 2499 1091 2575 haec
1108 2526 1129 2577 a
1151 2504 1311 2598 profanis
1363 2502 1457 2576 Petit
1472 2504 1582 2595 igitur
1598 2508 1643 2577 ab
1656 2533 1696 2579 eo
1713 2502 1800 2578 haec
1815 2510 1930 2592 hona,
1955 2506 2140 2603 inquiens:
2166 2504 2353 2576 Memento

329 2631 384 2687 aut
405 2610 535 2684 securis
554 2606 734 2676 mentibus
753 2626 828 2675 non
849 2605 1112 2696 intelliguntur.
1162 2605 1248 2677 ldro
1275 2622 1312 2679 et
1361 2607 1434 2675 mei
1466 2604 1640 2692 Domine,
1682 2632 1762 2679 cum
1797 2608 1937 2679 veneris
1970 2610 2010 2679 in
2045 2632 2196 2700 regnum
2237 2619 2353 2681 tuum.

323 2741 382 2788 nos
396 2726 539 2808 peecata
554 2720 676 2779 nostra
693 2708 922 2800 aspiciamus,
946 2708 1218 2799 etcogitatione
1236 2708 1311 2779 irae
1361 2706 1461 2779 llaec
1476 2722 1565 2781 sont
1588 2712 1693 2781 rerba
1712 2708 1794 2781 fidei
1820 2711 1991 2783 eluctatae
2006 2712 2076 2781 iam
2094 2735 2135 2781 ex
2152 2706 2352 2788 doloribus,

1360 2824 1494 2897 morte,
1527 2812 1739 2903 pavoribus,
1772 2826 1807 2884 et
1832 2814 2063 2903 intelligentis
2089 2834 2263 2885 summam
2284 2811 2351 2880 do-

1362 2908 1702 3005 ctriuaellvangelii.
1727 2912 1934 3007 Respondet
1949 2927 2066 2986 autem
2077 2908 2253 2998 Christus,
2270 2926 2352 2983 tan·

1362 3038 1468 3108 quam
1483 3016 1728 3107 pronuncians
1743 3018 2015 3099 absolutionem,
2034 3030 2067 3087 et
2082 3039 2162 3087 eum
2179 3014 2353 3105 recipiens

320 2820 404 2905 Dei,
429 2831 465 2889 et
488 2810 718 2885 horribilium
734 2832 929 2901 poenarum
946 2831 1234 2901 expavescamus,
1260 2812 1311 2881 ita

318 2926 392 3007 het,
427 2934 471 2991 ut
492 2917 614 3009 aliquo
643 2913 751 2981 modo
775 2904 868 2981 hanc
897 2912 1098 2983 doctrinam
1130 2913 1310 3002 intelliga-

316 3048 417 3115 mus,
444 3022 518 3090 imo
539 3014 600 3087 his
619 3038 731 3105 pavor
752 3025 787 3085 et
810 3005 871 3084 hie
891 3014 996 3084 dolor
1015 3027 1067 3086 est
1092 3033 1175 3085 vera
1196 3014 1312 3084 medi-

313 3130 402 3200 tatio
430 3118 606 3216 passionis
626 3112 774 3188 Christi.

416 3266 576 3367 Quintus
599 3270 714 3341 locus:
745 3264 866 3341 Multa
886 3282 972 3341 sunt
994 3266 1087 3340 dicta
1110 3263 1248 3340 Christi
1271 3268 1309 3344 iu

316 3404 442 3462 eruce,
469 3378 531 3447 sed
553 3372 677 3446 concio
695 3372 882 3465 praecipua
905 3384 958 3440 est
978 3370 1023 3441 ad
1046 3371 1243 3459 latronem,
1276 3384 1311 3440 et

318 3481 560 3580 spectaculum
577 3478 692 3570 ipsum
709 3487 760 3546 est
773 3472 922 3564 insigne.
948 3469 1122 3544 Latrones
1137 3476 1210 3543 duo
1227 3487 1311 3544 sunt

318 3593 436 3678 imago
453 3582 563 3654 totius
577 3578 714 3672 generis
731 3572 891 3661 humani,
907 3578 1003 3668 quod
1013 3587 1128 3647 totum
1143 3575 1310 3646 estmorti

319 3693 537 3770 subiectum,
564 3683 625 3752 sed
643 3702 723 3771 pars
739 3676 912 3748 liberatur
923 3699 989 3768 per
1004 3671 1201 3767 Christum,
1227 3698 1311 3775 pars
1361 3753 1365 3760 ,

317 3802 440 3866 manet
471 3784 510 3856 in
543 3795 670 3856 morte,
735 3778 788 3852 lta
823 3791 936 3850 totum
970 3800 1082 3868 genus
1111 3773 1310 3851 humanum

317 3897 367 3966 ihi
385 3889 544 3986 pendere
565 3883 775 3976 cogitemus,
799 3895 839 3952 ut
852 3903 973 3951 revera
988 3901 1115 3950 omnes
1129 3880 1238 3950 variis
1252 3905 1310 3952 ca·

319 3991 545 4070 lamitatibus
568 4000 603 4056 et
625 3998 741 4055 morte
764 3983 863 4052 illam
886 3982 998 4074 ipsam
1024 3981 1176 4071 speciem
1199 3983 1311 4055 latro.

321 4123 409 4170 num
426 4091 625 4164 referimus.
679 4083 787 4174 Quod
805 4096 921 4154 antem
938 4083 1070 4175 impius
1084 4083 1173 4154 latro
1191 4085 1311 4156 medio

318 4195 496 4292 supplicio
509 4207 628 4264 tamen
645 4188 760 4279 ludit,
784 4198 819 4256 et
836 4179 1016 4267 Christum
1039 4186 1221 4257 venenatis
1236 4187 1311 4256 iro-

315 4305 392 4375 niis
413 4295 627 4376 subsannat,
651 4290 860 4360 manisestus
879 4289 981 4357 luror
998 4300 1050 4358 est
1062 4287 1100 4356 in
1117 4300 1216 4359 tanto
1231 4311 1312 4358 cru·

311 4408 417 4478 ciatu
439 4412 475 4470 et
497 4399 573 4489 ipsa
594 4404 709 4464 morte
728 4389 928 4482 petulanter
948 4389 1091 4471 ludere,
1115 4390 1177 4458 sed
1206 4384 1312 4461 huius

311 4502 477 4582 amentia
492 4495 665 4588 significat
680 4491 833 4564 sinrilem
848 4513 922 4560 esse
938 4491 1101 4561 omniurn
1119 4489 1312 4582 impiorum

311 4607 545 4682 securitatem
566 4597 606 4668 in
622 4608 697 4682 toto
713 4617 842 4686 genere
855 4587 1028 4665 humano.
1078 4589 1173 4664 Nero
1189 4617 1312 4664 secure

312 4711 416 4784 ludit
439 4717 474 4776 et
498 4699 635 4774 deridet
657 4695 794 4779 Deum,
826 4716 892 4763 nec
916 4695 1084 4767 senticae
1114 4694 1154 4763 in
1184 4695 1311 4765 mediis

312 4810 448 4885 inieris
467 4820 502 4878 et
519 4801 728 4875 tristissimis
744 4797 895 4866 miseriis
912 4819 999 4871 esse.

421 4955 581 5032 Econtra
603 4955 693 5024 alter
712 4951 805 5022 latro
829 4948 989 5040 agnoscit
1009 4948 1179 5019 delictum
1208 4972 1312 5020 suum

314 5084 348 5142 et
376 5081 522 5138 causam
547 5078 699 5148 poenae,
730 5075 805 5122 non
835 5066 890 5122 est
915 5073 1078 5133 securus,
1108 5073 1184 5118 non
1208 5051 1314 5140 ludit,

313 5188 355 5246 nr
384 5169 450 5238 ille
468 5165 726 5236 subsannator,
752 5155 813 5224 sed
836 5153 972 5223 iudicat
993 5175 1031 5220 se
1053 5151 1164 5220 aDeo
1182 5154 1314 5243 puniri,

314 5294 348 5348 et
368 5275 523 5358 insuper
536 5261 663 5333 metuit
677 5269 839 5328 aeternas
859 5275 1009 5348 poenas,
1035 5253 1129 5322 clare
1144 5255 1241 5322 enim
1256 5256 1313 5324 di.

314 5380 387 5452 cit:
415 5367 490 5442 Nus
511 5367 603 5436 iuste
622 5360 821 5454 plectimur.
874 5354 1017 5445 Magnis
1041 5354 1151 5444 igitur
1177 5356 1313 5426 dolori-

1223 3148 1230 3156 ·
1360 3118 1401 3185 in
1429 3116 1648 3223 liminium,
1688 3133 1723 3190 et
1755 3120 1899 3215 quidem
1930 3118 2176 3190 iusiurandum
2199 3118 2351 3187 addens:

1362 3216 1479 3289 Amen
1501 3220 1583 3293 dieo
1605 3220 1690 3313 tihi,
1723 3216 1831 3291 hodie
1856 3244 1993 3291 mecum
2014 3220 2084 3291 cris
2107 3220 2144 3287 in
2169 3214 2354 3301 Paradiso,

1361 3320 1486 3406 idest,
1516 3323 1555 3391 in
1579 3321 1658 3392 loco
1681 3320 1859 3395 Ecclesiae
1882 3325 2024 3405 beatae,
2050 3344 2141 3415 quae
2164 3334 2295 3389 novam
2317 3330 2353 3390 et

1361 3436 1541 3494 aeternam
1571 3423 1712 3514 lucem,
1749 3424 1977 3519 sapientiam,
2018 3422 2195 3496 iusticiam
2219 3434 2254 3493 ct
2276 3421 2355 3514 glo·

1360 3525 1451 3596 riam
1467 3521 1586 3602 hahet.

1463 3675 1533 3752 His
1550 3691 1602 3749 est
1618 3679 1709 3750 ordo
1724 3678 1907 3772 colloquii,
1929 3677 2026 3772 quod
2042 3674 2193 3748 sciamus
2208 3687 2356 3768 propter

1361 3781 1491 3854 motus
1512 3802 1633 3852 causas
1654 3781 1802 3854 recitari.
1856 3779 2038 3871 Principio
2061 3791 2208 3850 testatur
2232 3775 2350 3852 Deum

1361 3905 1502 3956 servare
1534 3880 1748 3968 Ecclesiam,
1786 3895 1821 3952 et
1856 3905 1994 3974 semper
2025 3878 2166 3974 aliquos
2199 3877 2351 3950 excitare

1361 3986 1596 4068 confessores,
1630 3984 1736 4054 etiam
1759 3997 1847 4056 tunc
1870 4007 1952 4056 cum
1977 3980 2095 4056 hostes
2117 3974 2353 4073 triumphant,

1362 4101 1398 4159 et
1418 4100 1546 4178 putant
1570 4085 1721 4158 deletam
1743 4105 1829 4164 esse.
1881 4083 1986 4158 Tunc
2006 4083 2176 4176 dissipata
2192 4095 2267 4154 erat
2280 4078 2353 4153 Ec·

1362 4189 1486 4274 clesia,
1512 4181 1675 4260 Christus
1698 4188 1774 4280 ipse
1795 4188 1926 4281 pendet
1950 4187 1989 4263 in
2010 4209 2115 4258 eruce
2131 4207 2173 4256 ac
2188 4183 2354 4268 moritur,

1363 4305 1477 4360 mater
1498 4290 1598 4362 luctu
1622 4304 1655 4363 et
1677 4291 1856 4362 moesticia
1871 4289 2083 4380 impeditur,
2108 4309 2154 4358 ne
2169 4285 2281 4358 multa
2296 4283 2353 4353 lo·

1363 4405 1511 4486 quatur,
1551 4391 1716 4482 Apostoli
1746 4391 1953 4481 diffugiunt.
2016 4387 2099 4460 Tali
2131 4401 2290 4476 tempore
2311 4383 2351 4457 in

1363 4507 1461 4565 tauta
1475 4491 1706 4584 dissipatione
1722 4491 1901 4584 incipiunt
1916 4488 2123 4562 concionari
2142 4487 2196 4558 sol
2220 4499 2252 4558 et
2273 4509 2352 4556 sco-

1363 4594 1440 4688 puli
1468 4589 1670 4683 hiscentes,
1712 4607 1748 4665 et
1777 4595 1818 4666 lit
1850 4590 2043 4685 Apostolus
2071 4586 2130 4662 hic
2155 4589 2268 4672 latro,
2307 4589 2354 4663 de

1363 4696 1510 4770 sublimi
1528 4696 1745 4767 concionans
1761 4694 1828 4768 toti
1842 4695 1963 4785 generi
1978 4688 2146 4764 humano.

1467 4848 1651 4932 Secundo,
1677 4845 1862 4920 conversio
1884 4859 1918 4917 et
1940 4843 2087 4918 salvatio
2113 4837 2222 4913 huius
2242 4843 2354 4914 latro-

1364 4951 1423 5022 nis
1443 4950 1559 5040 imago
1575 4961 1626 5020 est
1648 4949 1892 5020 conversionis
1915 4960 1950 5019 et
1967 4945 2173 5018 salvationis
2193 4945 2353 5037 singulo-

1364 5077 1444 5123 rum
1462 5053 1666 5123 eleetorum.
1715 5049 1798 5122 Non
1820 5065 1922 5142 putes
1945 5063 1979 5120 te
1994 5047 2097 5119 aliter
2112 5049 2352 5136 ingressurum

1365 5175 1438 5224 esse
1460 5153 1569 5224 vitam
1596 5163 1794 5234 aeternam,
1820 5177 1924 5246 quem
1946 5147 2005 5222 hic
2028 5147 2120 5221 torro
2143 5149 2354 5240 ingreditur.

1364 5253 1446 5326 Non
1462 5255 1573 5345 fingas
1587 5269 1620 5326 te
1637 5253 1764 5325 afferre
1778 5252 1904 5324 merita
1922 5257 1965 5324 ad
1982 5251 2119 5336 Deum,
2144 5253 2207 5322 sed
2230 5271 2353 5320 sumus

1365 5358 1418 5427 rei
1440 5358 1514 5426 irae
1533 5353 1619 5439 Dei,
1661 5369 1695 5426 et
1717 5357 1844 5426 mortis
1866 5369 2029 5428 aeternae
2051 5375 2190 5432 omnes,
2230 5364 2270 5423 ut
2293 5345 2353 5422 hic

312 5487 390 5555 hus
405 5487 441 5544 et
456 5468 647 5560 pavoribus
663 5461 900 5543 excmciatnr,
924 5460 984 5528 sed
1000 5457 1143 5526 interim
1159 5480 1238 5528 cum
1252 5483 1315 5529 co·
1364 5460 1475 5543 latro,
1506 5458 1597 5529 sicut
1610 5455 1743 5530 Paulus
1766 5457 1903 5553 inquit,
1929 5453 2072 5530 Roman
2090 5455 2145 5526 &a
2180 5451 2227 5526 Ut
2247 5475 2355 5522 omne

313 5586 410 5676 girat
432 5572 513 5667 quis
535 5570 582 5638 sit
603 5563 663 5637 hic
686 5563 742 5632 vir
763 5562 897 5644 iustus,
929 5560 992 5652 qui
1014 5558 1130 5628 dictus
1152 5573 1203 5628 est
1215 5558 1315 5632 Mes-
1365 5583 1406 5630 οε
1438 5563 1645 5642 obturetur,
1688 5572 1724 5631 et
1756 5583 1838 5630 reus
1872 5559 1919 5629 sit
1950 5571 2044 5630 totus
2078 5557 2234 5628 mundus
2267 5553 2354 5628 Deo.

314 5689 412 5768 sias,
437 5675 502 5768 qul
525 5693 622 5743 nune
644 5678 695 5737 est
717 5661 882 5754 δΰΡΡΙὶιῐῑ
897 5659 1032 5745 totius,
1057 5661 1198 5757 quaerit
1214 5685 1314 5734 veras
1364 5661 1472 5733 Hune
1497 5661 1671 5732 latronem
1700 5663 1814 5734 menti
1838 5676 1919 5734 tuae
1949 5681 2127 5753 proponas
2157 5659 2196 5727 in
2219 5655 2355 5727 contri·

315 5778 607 5863 consolationes,
640 5783 675 5842 et
698 5764 858 5838 fortassis
881 5763 1126 5832 accenduntur
1146 5758 1214 5832 hae
1237 5763 1314 5834 eius
1365 5765 1482 5848 tione,
1508 5763 1597 5849 fide,
1621 5763 1866 5844 absolutione,
1893 5785 2015 5842 cruce,
2047 5759 2209 5832 ethonis
2235 5756 2354 5850 operi·

315 5880 574 5981 cogitationes,
599 5897 681 5946 cum
695 5865 922 5938 videtlleum
944 5862 1119 5934 mirandis
1140 5865 1316 5957 prodigiis
1364 5865 1443 5939 bus.
1495 5861 1633 5938 Harum
1647 5865 1804 5958 partium
1820 5863 1982 5936 omnium
2005 5863 2164 5956 exempla
2187 5855 2247 5932 hic
2271 5881 2355 5952 pro-
