<?xml version="1.0" encoding="UTF-8"?>
<!DOCTYPE html PUBLIC "-//W3C//DTD XHTML 1.0 Transitional//EN"
    "http://www.w3.org/TR/xhtml1/DTD/xhtml1-transitional.dtd">
<html xmlns="http://www.w3.org/1999/xhtml" xml:lang="en" lang="en">
 <head>
  <title>
</title>
<meta http-equiv="Content-Type" content="text/html;charset=utf-8" />
  <meta name='ocr-system' content='tesseract 3.04.00' />
  <meta name='ocr-capabilities' content='ocr_page ocr_carea ocr_par ocr_line ocrx_word'/>
</head>
<body>
  <div class='ocr_page' id='page_1' title='image "./philippimelanth08bindgoog_0360.png"; bbox 0 0 5825 6950; ppageno 0'>
   <div class='ocr_carea' id='block_1_1' title="bbox 329 693 2339 800">
    <p class='ocr_par' dir='ltr' id='par_1_1' title="bbox 329 693 2339 800">
     <span class='ocr_line' id='line_1_1' title="bbox 329 693 2339 800; baseline -0.004 -16"><span class='ocrx_word' id='word_1_1' title='bbox 329 713 387 800; x_wconf 62' lang='grc' dir='ltr'>ωδ</span> <span class='ocrx_word' id='word_1_2' title='bbox 492 705 598 785; x_wconf 82' lang='lat' dir='ltr'>xttt</span> <span class='ocrx_word' id='word_1_3' title='bbox 645 710 683 784; x_wconf 67' lang='grc' dir='ltr'>ί.</span> <span class='ocrx_word' id='word_1_4' title='bbox 713 701 1086 786; x_wconf 71' lang='lat' dir='ltr'>cotttttttrntttt</span> <span class='ocrx_word' id='word_1_5' title='bbox 1114 699 1167 781; x_wconf 77' lang='lat' dir='ltr'>lli</span> <span class='ocrx_word' id='word_1_6' title='bbox 1192 697 1349 778; x_wconf 82' lang='lat' dir='ltr'>liPIST.</span> <span class='ocrx_word' id='word_1_7' title='bbox 1374 694 1525 776; x_wconf 81' lang='lat' dir='ltr'><strong>PAULI</strong></span> <span class='ocrx_word' id='word_1_8' title='bbox 1549 695 1618 774; x_wconf 77' lang='lat' dir='ltr'>AD</span> <span class='ocrx_word' id='word_1_9' title='bbox 1643 693 1909 780; x_wconf 73' lang='lat' dir='ltr'>Romanos.</span> <span class='ocrx_word' id='word_1_10' title='bbox 1958 695 2068 779; x_wconf 80' lang='lat' dir='ltr'><strong>CAP.</strong></span> <span class='ocrx_word' id='word_1_11' title='bbox 2101 701 2164 778; x_wconf 86' lang='lat' dir='ltr'>IX.</span> <span class='ocrx_word' id='word_1_12' title='bbox 2264 703 2339 777; x_wconf 75' lang='lat' dir='ltr'>did</span> 
     </span>
    </p>
   </div>
   <div class='ocr_carea' id='block_1_2' title="bbox 283 871 2440 5981">
    <p class='ocr_par' dir='ltr' id='par_1_2' title="bbox 283 871 2440 5981">
     <span class='ocr_line' id='line_1_2' title="bbox 326 871 2339 970; baseline -0.007 -7"><span class='ocrx_word' id='word_1_13' title='bbox 326 889 398 964; x_wconf 86' lang='lat' dir='ltr'>dieit</span> <span class='ocrx_word' id='word_1_14' title='bbox 411 883 549 956; x_wconf 81' lang='lat' dir='ltr'>Paulus.</span> <span class='ocrx_word' id='word_1_15' title='bbox 599 877 647 954; x_wconf 73' lang='lat' dir='ltr'>Et</span> <span class='ocrx_word' id='word_1_16' title='bbox 661 877 863 954; x_wconf 69' lang='lat' dir='ltr'>similitudo</span> <span class='ocrx_word' id='word_1_17' title='bbox 881 883 932 952; x_wconf 85' lang='lat' dir='ltr'>de</span> <span class='ocrx_word' id='word_1_18' title='bbox 946 880 1025 953; x_wconf 91' lang='lat' dir='ltr'>luto</span> <span class='ocrx_word' id='word_1_19' title='bbox 1046 893 1081 952; x_wconf 94' lang='lat' dir='ltr'>et</span> <span class='ocrx_word' id='word_1_20' title='bbox 1095 877 1206 970; x_wconf 64' lang='lat' dir='ltr'>ligula</span> <span class='ocrx_word' id='word_1_21' title='bbox 1220 899 1296 948; x_wconf 89' lang='lat' dir='ltr'>nou</span> <span class='ocrx_word' id='word_1_22' title='bbox 1336 871 1458 959; x_wconf 76' lang='lat' dir='ltr'>linet,</span> <span class='ocrx_word' id='word_1_23' title='bbox 1493 873 1524 945; x_wconf 86' lang='lat' dir='ltr'>ai</span> <span class='ocrx_word' id='word_1_24' title='bbox 1547 875 1696 947; x_wconf 84' lang='lat' dir='ltr'>verbnm</span> <span class='ocrx_word' id='word_1_25' title='bbox 1718 871 1897 966; x_wconf 70' lang='lat' dir='ltr'>intelligar</span> <span class='ocrx_word' id='word_1_26' title='bbox 1914 899 1979 970; x_wconf 90' lang='lat' dir='ltr'>pro</span> <span class='ocrx_word' id='word_1_27' title='bbox 2001 877 2059 966; x_wconf 81' lang='lat' dir='ltr'>re&#39;,</span> <span class='ocrx_word' id='word_1_28' title='bbox 2085 890 2125 950; x_wconf 91' lang='lat' dir='ltr'>ut</span> <span class='ocrx_word' id='word_1_29' title='bbox 2140 876 2339 970; x_wconf 87' lang='lat' dir='ltr'>loquuntur</span> 
     </span>
     <span class='ocr_line' id='line_1_3' title="bbox 326 973 2338 1075; baseline -0.003 -19"><span class='ocrx_word' id='word_1_30' title='bbox 326 991 381 1066; x_wconf 74' lang='lat' dir='ltr'>loc</span> <span class='ocrx_word' id='word_1_31' title='bbox 395 987 476 1058; x_wconf 80' lang='lat' dir='ltr'>vult.</span> <span class='ocrx_word' id='word_1_32' title='bbox 524 981 626 1057; x_wconf 84' lang='lat' dir='ltr'>Nihil</span> <span class='ocrx_word' id='word_1_33' title='bbox 648 1007 754 1075; x_wconf 71' lang='lat' dir='ltr'>agere</span> <span class='ocrx_word' id='word_1_34' title='bbox 774 983 929 1075; x_wconf 82' lang='lat' dir='ltr'>impios,</span> <span class='ocrx_word' id='word_1_35' title='bbox 953 985 1016 1052; x_wconf 85' lang='lat' dir='ltr'>aed</span> <span class='ocrx_word' id='word_1_36' title='bbox 1039 997 1187 1055; x_wconf 80' lang='lat' dir='ltr'>eatenus</span> <span class='ocrx_word' id='word_1_37' title='bbox 1208 1003 1295 1051; x_wconf 85' lang='lat' dir='ltr'>eou-</span> <span class='ocrx_word' id='word_1_38' title='bbox 1346 973 1513 1048; x_wconf 79' lang='lat' dir='ltr'>Hebraei.</span> <span class='ocrx_word' id='word_1_39' title='bbox 1570 974 1667 1048; x_wconf 69' lang='lat' dir='ltr'>Dura</span> <span class='ocrx_word' id='word_1_40' title='bbox 1693 978 1797 1049; x_wconf 85' lang='lat' dir='ltr'>iariet</span> <span class='ocrx_word' id='word_1_41' title='bbox 1820 978 1969 1048; x_wconf 82' lang='lat' dir='ltr'>verbum</span> <span class='ocrx_word' id='word_1_42' title='bbox 2000 981 2267 1066; x_wconf 85' lang='lat' dir='ltr'>abbreviatum,</span> <span class='ocrx_word' id='word_1_43' title='bbox 2299 979 2338 1051; x_wconf 85' lang='lat' dir='ltr'>id</span> 
     </span>
     <span class='ocr_line' id='line_1_4' title="bbox 324 1079 2339 1183; baseline -0.006 -18"><span class='ocrx_word' id='word_1_44' title='bbox 324 1093 424 1172; x_wconf 77' lang='lat' dir='ltr'>verrit,</span> <span class='ocrx_word' id='word_1_45' title='bbox 448 1091 542 1183; x_wconf 82' lang='lat' dir='ltr'>quod</span> <span class='ocrx_word' id='word_1_46' title='bbox 564 1087 822 1158; x_wconf 74' lang='lat' dir='ltr'>exonamoa&#39;aa</span> <span class='ocrx_word' id='word_1_47' title='bbox 850 1084 990 1176; x_wconf 73' lang='lat' dir='ltr'>generis</span> <span class='ocrx_word' id='word_1_48' title='bbox 1014 1079 1165 1156; x_wconf 88' lang='lat' dir='ltr'>hnmani</span> <span class='ocrx_word' id='word_1_49' title='bbox 1197 1080 1296 1155; x_wconf 82' lang='lat' dir='ltr'>Deua</span> <span class='ocrx_word' id='word_1_50' title='bbox 1345 1091 1414 1164; x_wconf 86' lang='lat' dir='ltr'>eat,</span> <span class='ocrx_word' id='word_1_51' title='bbox 1447 1101 1523 1150; x_wconf 68' lang='lat' dir='ltr'>um</span> <span class='ocrx_word' id='word_1_52' title='bbox 1545 1080 1808 1166; x_wconf 71' lang='lat' dir='ltr'>abbreviatam,</span> <span class='ocrx_word' id='word_1_53' title='bbox 1830 1102 1894 1150; x_wconf 86' lang='lat' dir='ltr'>sen</span> <span class='ocrx_word' id='word_1_54' title='bbox 1920 1082 2242 1166; x_wconf 68' lang='lat' dir='ltr'>abbreviationem,</span> <span class='ocrx_word' id='word_1_55' title='bbox 2274 1105 2339 1152; x_wconf 83' lang='lat' dir='ltr'>reu</span> 
     </span>
     <span class='ocr_line' id='line_1_5' title="bbox 283 1177 2338 1273; baseline -0.005 -8"><span class='ocrx_word' id='word_1_56' title='bbox 283 1258 284 1265; x_wconf 74' lang='grc'>,</span> <span class='ocrx_word' id='word_1_57' title='bbox 324 1198 399 1267; x_wconf 82' lang='lat' dir='ltr'>alios</span> <span class='ocrx_word' id='word_1_58' title='bbox 413 1213 475 1262; x_wconf 88' lang='lat' dir='ltr'>auo</span> <span class='ocrx_word' id='word_1_59' title='bbox 489 1189 625 1262; x_wconf 81' lang='lat' dir='ltr'>iuditio</span> <span class='ocrx_word' id='word_1_60' title='bbox 638 1189 773 1273; x_wconf 65' lang='lat' dir='ltr'>lateat,</span> <span class='ocrx_word' id='word_1_61' title='bbox 790 1187 881 1258; x_wconf 82' lang='lat' dir='ltr'>alios</span> <span class='ocrx_word' id='word_1_62' title='bbox 892 1191 1054 1261; x_wconf 78' lang='lat' dir='ltr'>damnat.</span> <span class='ocrx_word' id='word_1_63' title='bbox 1104 1182 1295 1261; x_wconf 78' lang='lat' dir='ltr'>Crataein</span> <span class='ocrx_word' id='word_1_64' title='bbox 1344 1181 1465 1253; x_wconf 72' lang='lat' dir='ltr'>liuun.</span> <span class='ocrx_word' id='word_1_65' title='bbox 1539 1177 1588 1254; x_wconf 79' lang='lat' dir='ltr'>Et</span> <span class='ocrx_word' id='word_1_66' title='bbox 1619 1182 1658 1252; x_wconf 92' lang='lat' dir='ltr'>in</span> <span class='ocrx_word' id='word_1_67' title='bbox 1697 1177 1763 1254; x_wconf 86' lang='lat' dir='ltr'>hae</span> <span class='ocrx_word' id='word_1_68' title='bbox 1799 1185 2107 1256; x_wconf 81' lang='lat' dir='ltr'>consummatione</span> <span class='ocrx_word' id='word_1_69' title='bbox 2142 1185 2338 1257; x_wconf 82' lang='lat' dir='ltr'>exundabit</span> 
     </span>
     <span class='ocr_line' id='line_1_6' title="bbox 324 1283 1496 1379; baseline -0.01 -11"><span class='ocrx_word' id='word_1_70' title='bbox 324 1293 540 1368; x_wconf 68' lang='lat' dir='ltr'>similitudine</span> <span class='ocrx_word' id='word_1_71' title='bbox 570 1313 645 1361; x_wconf 86' lang='lat' dir='ltr'>non</span> <span class='ocrx_word' id='word_1_72' title='bbox 668 1292 820 1362; x_wconf 77' lang='lat' dir='ltr'>omniuo</span> <span class='ocrx_word' id='word_1_73' title='bbox 849 1289 1110 1362; x_wconf 82' lang='lat' dir='ltr'>sreemmudari</span> <span class='ocrx_word' id='word_1_74' title='bbox 1133 1287 1295 1379; x_wconf 81' lang='lat' dir='ltr'>potsunt.</span> <span class='ocrx_word' id='word_1_75' title='bbox 1343 1283 1496 1356; x_wconf 80' lang='lat' dir='ltr'>iusticia.</span> 
     </span>
     <span class='ocr_line' id='line_1_7' title="bbox 324 1382 2332 1486; baseline -0.005 -16"><span class='ocrx_word' id='word_1_76' title='bbox 324 1396 475 1470; x_wconf 89' lang='lat' dir='ltr'>&#39;Ieueuda</span> <span class='ocrx_word' id='word_1_77' title='bbox 491 1407 544 1466; x_wconf 81' lang='lat' dir='ltr'>eat</span> <span class='ocrx_word' id='word_1_78' title='bbox 559 1393 657 1464; x_wconf 89' lang='lat' dir='ltr'>enim</span> <span class='ocrx_word' id='word_1_79' title='bbox 680 1393 877 1478; x_wconf 87' lang='lat' dir='ltr'>sententia,</span> <span class='ocrx_word' id='word_1_80' title='bbox 909 1394 1005 1486; x_wconf 89' lang='lat' dir='ltr'>quod</span> <span class='ocrx_word' id='word_1_81' title='bbox 1033 1387 1129 1462; x_wconf 84' lang='lat' dir='ltr'>Dens</span> <span class='ocrx_word' id='word_1_82' title='bbox 1151 1411 1226 1461; x_wconf 89' lang='lat' dir='ltr'>non</span> <span class='ocrx_word' id='word_1_83' title='bbox 1248 1387 1296 1459; x_wconf 87' lang='lat' dir='ltr'>ait</span> <span class='ocrx_word' id='word_1_84' title='bbox 1446 1382 1522 1456; x_wconf 81' lang='lat' dir='ltr'>Alii</span> <span class='ocrx_word' id='word_1_85' title='bbox 1537 1385 1969 1480; x_wconf 80' lang='lat' dir='ltr'>rariaainterpretationes</span> <span class='ocrx_word' id='word_1_86' title='bbox 1982 1389 2240 1460; x_wconf 80' lang='lat' dir='ltr'>confinxerunt.</span> <span class='ocrx_word' id='word_1_87' title='bbox 2267 1385 2332 1460; x_wconf 91' lang='lat' dir='ltr'>In-</span> 
     </span>
     <span class='ocr_line' id='line_1_8' title="bbox 323 1487 2337 1588; baseline -0.005 -17"><span class='ocrx_word' id='word_1_88' title='bbox 323 1521 405 1571; x_wconf 85' lang='lat' dir='ltr'>rauaa</span> <span class='ocrx_word' id='word_1_89' title='bbox 420 1496 563 1588; x_wconf 74' lang='lat' dir='ltr'>precati.</span> <span class='ocrx_word' id='word_1_90' title='bbox 614 1493 861 1573; x_wconf 83' lang='lat' dir='ltr'>Retinendum</span> <span class='ocrx_word' id='word_1_91' title='bbox 877 1488 996 1566; x_wconf 87' lang='lat' dir='ltr'>ethoe</span> <span class='ocrx_word' id='word_1_92' title='bbox 1011 1506 1083 1578; x_wconf 84' lang='lat' dir='ltr'>eet,</span> <span class='ocrx_word' id='word_1_93' title='bbox 1098 1495 1194 1588; x_wconf 85' lang='lat' dir='ltr'>qnod</span> <span class='ocrx_word' id='word_1_94' title='bbox 1213 1516 1295 1583; x_wconf 90' lang='lat' dir='ltr'>pro-</span> <span class='ocrx_word' id='word_1_95' title='bbox 1346 1499 1589 1576; x_wconf 82' lang='lat' dir='ltr'>terpretantur</span> <span class='ocrx_word' id='word_1_96' title='bbox 1615 1490 1765 1560; x_wconf 84' lang='lat' dir='ltr'>verbum</span> <span class='ocrx_word' id='word_1_97' title='bbox 1792 1490 2038 1562; x_wconf 84' lang='lat' dir='ltr'>abbreviatum</span> <span class='ocrx_word' id='word_1_98' title='bbox 2062 1495 2108 1560; x_wconf 92' lang='lat' dir='ltr'>de</span> <span class='ocrx_word' id='word_1_99' title='bbox 2129 1487 2337 1581; x_wconf 74' lang='lat' dir='ltr'>Evangelio,</span> 
     </span>
     <span class='ocr_line' id='line_1_9' title="bbox 283 1590 2338 1686; baseline -0.002 -14"><span class='ocrx_word' id='word_1_100' title='bbox 283 1646 284 1653; x_wconf 24' lang='grc' dir='ltr'><strong>κ</strong></span> <span class='ocrx_word' id='word_1_101' title='bbox 321 1600 422 1672; x_wconf 83' lang='lat' dir='ltr'>missio</span> <span class='ocrx_word' id='word_1_102' title='bbox 436 1599 484 1673; x_wconf 82' lang='lat' dir='ltr'>ait</span> <span class='ocrx_word' id='word_1_103' title='bbox 497 1597 724 1670; x_wconf 78' lang='lat' dir='ltr'>universalis.</span> <span class='ocrx_word' id='word_1_104' title='bbox 775 1593 876 1669; x_wconf 84' lang='lat' dir='ltr'>Sicut</span> <span class='ocrx_word' id='word_1_105' title='bbox 899 1609 932 1667; x_wconf 91' lang='lat' dir='ltr'>et</span> <span class='ocrx_word' id='word_1_106' title='bbox 958 1611 1078 1685; x_wconf 89' lang='lat' dir='ltr'>postea</span> <span class='ocrx_word' id='word_1_107' title='bbox 1100 1597 1179 1686; x_wconf 82' lang='lat' dir='ltr'>ipse</span> <span class='ocrx_word' id='word_1_108' title='bbox 1200 1593 1296 1664; x_wconf 60' lang='lat' dir='ltr'>Pau*-</span> <span class='ocrx_word' id='word_1_109' title='bbox 1343 1590 1682 1681; x_wconf 79' lang='lat' dir='ltr'>qnialexsitlouga</span> <span class='ocrx_word' id='word_1_110' title='bbox 1700 1591 1884 1678; x_wconf 81' lang='lat' dir='ltr'>doctrina,</span> <span class='ocrx_word' id='word_1_111' title='bbox 1909 1615 1975 1664; x_wconf 88' lang='lat' dir='ltr'>ner</span> <span class='ocrx_word' id='word_1_112' title='bbox 2000 1593 2338 1668; x_wconf 84' lang='lat' dir='ltr'>tameniustibcant·</span> 
     </span>
     <span class='ocr_line' id='line_1_10' title="bbox 283 1686 2042 1791; baseline -0.007 -17"><span class='ocrx_word' id='word_1_113' title='bbox 283 1686 284 1709; x_wconf 51' lang='lat'><strong>³</strong></span> <span class='ocrx_word' id='word_1_114' title='bbox 321 1703 363 1774; x_wconf 87' lang='lat' dir='ltr'>lua</span> <span class='ocrx_word' id='word_1_115' title='bbox 374 1701 472 1772; x_wconf 81' lang='lat' dir='ltr'>addit</span> <span class='ocrx_word' id='word_1_116' title='bbox 486 1701 684 1770; x_wconf 65' lang='lat' dir='ltr'>radonem:</span> <span class='ocrx_word' id='word_1_117' title='bbox 712 1698 836 1789; x_wconf 81' lang='lat' dir='ltr'>Quare</span> <span class='ocrx_word' id='word_1_118' title='bbox 849 1712 969 1789; x_wconf 87' lang='lat' dir='ltr'>pereat</span> <span class='ocrx_word' id='word_1_119' title='bbox 985 1693 1113 1789; x_wconf 72' lang='lat' dir='ltr'>lsrael,</span> <span class='ocrx_word' id='word_1_120' title='bbox 1131 1697 1213 1791; x_wconf 83' lang='lat' dir='ltr'>quia</span> <span class='ocrx_word' id='word_1_121' title='bbox 1228 1719 1295 1768; x_wconf 89' lang='lat' dir='ltr'>uo-</span> <span class='ocrx_word' id='word_1_122' title='bbox 1342 1689 1444 1761; x_wconf 77' lang='lat' dir='ltr'>Haec</span> <span class='ocrx_word' id='word_1_123' title='bbox 1456 1693 1703 1785; x_wconf 79' lang='lat' dir='ltr'>interpretatio</span> <span class='ocrx_word' id='word_1_124' title='bbox 1717 1708 1769 1766; x_wconf 90' lang='lat' dir='ltr'>eat</span> <span class='ocrx_word' id='word_1_125' title='bbox 1784 1693 2042 1785; x_wconf 85' lang='lat' dir='ltr'>intempestiva.</span> 
     </span>
     <span class='ocr_line' id='line_1_11' title="bbox 320 1790 2336 1896; baseline -0.002 -22"><span class='ocrx_word' id='word_1_126' title='bbox 320 1805 520 1896; x_wconf 87' lang='lat' dir='ltr'>litarripare</span> <span class='ocrx_word' id='word_1_127' title='bbox 537 1797 796 1891; x_wconf 73' lang='lat' dir='ltr'>Evangelinm,</span> <span class='ocrx_word' id='word_1_128' title='bbox 817 1799 997 1873; x_wconf 76' lang='lat' dir='ltr'>semoto</span> <span class='ocrx_word' id='word_1_129' title='bbox 1018 1799 1195 1872; x_wconf 76' lang='lat' dir='ltr'>iusticiam</span> <span class='ocrx_word' id='word_1_130' title='bbox 1219 1821 1294 1868; x_wconf 88' lang='lat' dir='ltr'>nou</span> <span class='ocrx_word' id='word_1_131' title='bbox 1351 1859 1356 1867; x_wconf 92' lang='lat'><strong>.</strong></span> <span class='ocrx_word' id='word_1_132' title='bbox 1449 1790 1554 1868; x_wconf 72' lang='lat' dir='ltr'>Alius</span> <span class='ocrx_word' id='word_1_133' title='bbox 1583 1796 1760 1890; x_wconf 80' lang='lat' dir='ltr'>quispiam</span> <span class='ocrx_word' id='word_1_134' title='bbox 1789 1809 1841 1868; x_wconf 87' lang='lat' dir='ltr'>est</span> <span class='ocrx_word' id='word_1_135' title='bbox 1877 1797 2147 1890; x_wconf 82' lang='lat' dir='ltr'>iuterpretatur,</span> <span class='ocrx_word' id='word_1_136' title='bbox 2182 1798 2336 1890; x_wconf 81' lang='lat' dir='ltr'>perlecta</span> 
     </span>
     <span class='ocr_line' id='line_1_12' title="bbox 320 1897 2336 1999; baseline -0.004 -21"><span class='ocrx_word' id='word_1_137' title='bbox 320 1907 520 1998; x_wconf 75' lang='lat' dir='ltr'>menuitur,</span> <span class='ocrx_word' id='word_1_138' title='bbox 551 1904 636 1999; x_wconf 84' lang='lat' dir='ltr'>quia</span> <span class='ocrx_word' id='word_1_139' title='bbox 665 1927 741 1976; x_wconf 90' lang='lat' dir='ltr'>oon</span> <span class='ocrx_word' id='word_1_140' title='bbox 765 1927 807 1972; x_wconf 80' lang='lat' dir='ltr'>er</span> <span class='ocrx_word' id='word_1_141' title='bbox 828 1903 900 1973; x_wconf 71' lang='lat' dir='ltr'>ide</span> <span class='ocrx_word' id='word_1_142' title='bbox 923 1915 993 1976; x_wconf 84' lang='lat' dir='ltr'>etc.</span> <span class='ocrx_word' id='word_1_143' title='bbox 1042 1898 1115 1972; x_wconf 85' lang='lat' dir='ltr'>Ilie</span> <span class='ocrx_word' id='word_1_144' title='bbox 1133 1921 1296 1996; x_wconf 74' lang='lat' dir='ltr'>espreaae</span> <span class='ocrx_word' id='word_1_145' title='bbox 1342 1897 1517 1968; x_wconf 84' lang='lat' dir='ltr'>sententia</span> <span class='ocrx_word' id='word_1_146' title='bbox 1540 1901 1697 1970; x_wconf 80' lang='lat' dir='ltr'>exundat</span> <span class='ocrx_word' id='word_1_147' title='bbox 1717 1898 1916 1985; x_wconf 82' lang='lat' dir='ltr'>iusticiam,</span> <span class='ocrx_word' id='word_1_148' title='bbox 1948 1900 2079 1988; x_wconf 85' lang='lat' dir='ltr'>idest,</span> <span class='ocrx_word' id='word_1_149' title='bbox 2110 1899 2251 1994; x_wconf 81' lang='lat' dir='ltr'>sapiens</span> <span class='ocrx_word' id='word_1_150' title='bbox 2277 1900 2336 1970; x_wconf 91' lang='lat' dir='ltr'>iu-</span> 
     </span>
     <span class='ocr_line' id='line_1_13' title="bbox 320 1998 2335 2101; baseline -0.001 -25"><span class='ocrx_word' id='word_1_151' title='bbox 320 2007 386 2101; x_wconf 80' lang='lat' dir='ltr'>poui</span> <span class='ocrx_word' id='word_1_152' title='bbox 421 2029 567 2078; x_wconf 86' lang='lat' dir='ltr'>rauaatn</span> <span class='ocrx_word' id='word_1_153' title='bbox 592 2004 873 2098; x_wconf 82' lang='lat' dir='ltr'>reprobatiooIa,</span> <span class='ocrx_word' id='word_1_154' title='bbox 903 2004 1295 2099; x_wconf 65' lang='lat' dir='ltr'>solbet,‹p1iarepu-</span> <span class='ocrx_word' id='word_1_155' title='bbox 1343 2001 1412 2070; x_wconf 79' lang='lat' dir='ltr'>dex</span> <span class='ocrx_word' id='word_1_156' title='bbox 1430 2001 1519 2070; x_wconf 82' lang='lat' dir='ltr'>feret</span> <span class='ocrx_word' id='word_1_157' title='bbox 1546 2001 1676 2072; x_wconf 81' lang='lat' dir='ltr'>iustam</span> <span class='ocrx_word' id='word_1_158' title='bbox 1699 2001 1924 2074; x_wconf 84' lang='lat' dir='ltr'>sententiam.</span> <span class='ocrx_word' id='word_1_159' title='bbox 1976 1998 2046 2075; x_wconf 88' lang='lat' dir='ltr'>Hie</span> <span class='ocrx_word' id='word_1_160' title='bbox 2069 2025 2216 2098; x_wconf 79' lang='lat' dir='ltr'>prorsus</span> <span class='ocrx_word' id='word_1_161' title='bbox 2237 2016 2335 2075; x_wconf 86' lang='lat' dir='ltr'>ertra</span> 
     </span>
     <span class='ocr_line' id='line_1_14' title="bbox 283 2100 2310 2201; baseline -0.004 -23"><span class='ocrx_word' id='word_1_162' title='bbox 283 2154 284 2201; x_wconf 66' lang='lat'>3</span> <span class='ocrx_word' id='word_1_163' title='bbox 321 2134 392 2200; x_wconf 71' lang='lat' dir='ltr'>poen</span> <span class='ocrx_word' id='word_1_164' title='bbox 420 2105 637 2200; x_wconf 67' lang='lat' dir='ltr'>Evangelio·</span> <span class='ocrx_word' id='word_1_165' title='bbox 997 2160 1004 2168; x_wconf 95' lang='lat'><strong>.</strong></span> <span class='ocrx_word' id='word_1_166' title='bbox 1344 2100 1436 2172; x_wconf 84' lang='lat' dir='ltr'>viam</span> <span class='ocrx_word' id='word_1_167' title='bbox 1452 2103 1577 2177; x_wconf 82' lang='lat' dir='ltr'>currit.</span> <span class='ocrx_word' id='word_1_168' title='bbox 2307 2138 2310 2147; x_wconf 94' lang='lat'><em>·</em></span> 
     </span>
     <span class='ocr_line' id='line_1_15' title="bbox 283 2201 2335 2300; baseline 0.001 -26"><span class='ocrx_word' id='word_1_169' title='bbox 283 2228 284 2231; x_wconf 68' lang='grc'>’</span> <span class='ocrx_word' id='word_1_170' title='bbox 584 2283 589 2290; x_wconf 50' lang='grc'><strong>,</strong></span> <span class='ocrx_word' id='word_1_171' title='bbox 1446 2201 1519 2275; x_wconf 85' lang='lat' dir='ltr'>Noa</span> <span class='ocrx_word' id='word_1_172' title='bbox 1540 2229 1648 2277; x_wconf 89' lang='lat' dir='ltr'>uuam</span> <span class='ocrx_word' id='word_1_173' title='bbox 1671 2217 1707 2278; x_wconf 89' lang='lat' dir='ltr'>et</span> <span class='ocrx_word' id='word_1_174' title='bbox 1734 2205 1932 2300; x_wconf 82' lang='lat' dir='ltr'>simplicem</span> <span class='ocrx_word' id='word_1_175' title='bbox 1966 2205 2179 2280; x_wconf 85' lang='lat' dir='ltr'>seutentiam</span> <span class='ocrx_word' id='word_1_176' title='bbox 2202 2230 2335 2278; x_wconf 85' lang='lat' dir='ltr'>conve-</span> 
     </span>
     <span class='ocr_line' id='line_1_16' title="bbox 283 2272 2334 2404; baseline 0 -25"><span class='ocrx_word' id='word_1_177' title='bbox 283 2314 284 2329; x_wconf 59' lang='lat'><em>*</em></span> <span class='ocrx_word' id='word_1_178' title='bbox 337 2272 570 2355; x_wconf 61' lang='lat' dir='ltr'><em>7⁰⁶⁰b⁰n⁰n</em></span> <span class='ocrx_word' id='word_1_179' title='bbox 588 2285 731 2404; x_wconf 58' lang='lat' dir='ltr'>imum</span> <span class='ocrx_word' id='word_1_180' title='bbox 748 2298 888 2363; x_wconf 63' lang='lat' dir='ltr'>”mma</span> <span class='ocrx_word' id='word_1_181' title='bbox 910 2282 1054 2371; x_wconf 55' lang='lat' dir='ltr'>imum</span> <span class='ocrx_word' id='word_1_182' title='bbox 1069 2298 1189 2346; x_wconf 63' lang='lat' dir='ltr'>mmm</span> <span class='ocrx_word' id='word_1_183' title='bbox 1206 2279 1270 2344; x_wconf 66' lang='lat'>²¹⁶·</span> <span class='ocrx_word' id='word_1_184' title='bbox 1344 2305 1503 2376; x_wconf 84' lang='lat' dir='ltr'>nieutem</span> <span class='ocrx_word' id='word_1_185' title='bbox 1520 2319 1707 2398; x_wconf 79' lang='lat' dir='ltr'>perpetuae</span> <span class='ocrx_word' id='word_1_186' title='bbox 1722 2310 1921 2381; x_wconf 87' lang='lat' dir='ltr'>narrationi</span> <span class='ocrx_word' id='word_1_187' title='bbox 1936 2310 1974 2380; x_wconf 90' lang='lat' dir='ltr'>in</span> <span class='ocrx_word' id='word_1_188' title='bbox 1989 2323 2086 2382; x_wconf 81' lang='lat' dir='ltr'>textu</span> <span class='ocrx_word' id='word_1_189' title='bbox 2106 2309 2334 2396; x_wconf 81' lang='lat' dir='ltr'>retineamus,</span> 
     </span>
     <span class='ocr_line' id='line_1_17' title="bbox 396 2405 2332 2508; baseline -0.002 -22"><span class='ocrx_word' id='word_1_190' title='bbox 396 2413 593 2508; x_wconf 87' lang='lat' dir='ltr'>Postquam</span> <span class='ocrx_word' id='word_1_191' title='bbox 616 2413 801 2486; x_wconf 85' lang='lat' dir='ltr'>eonatitnit</span> <span class='ocrx_word' id='word_1_192' title='bbox 839 2405 975 2493; x_wconf 87' lang='lat' dir='ltr'>thesin,</span> <span class='ocrx_word' id='word_1_193' title='bbox 1009 2414 1106 2506; x_wconf 84' lang='lat' dir='ltr'>quod</span> <span class='ocrx_word' id='word_1_194' title='bbox 1140 2411 1294 2503; x_wconf 78' lang='lat' dir='ltr'>populus</span> <span class='ocrx_word' id='word_1_195' title='bbox 1342 2409 1524 2494; x_wconf 84' lang='lat' dir='ltr'>videlicet,</span> <span class='ocrx_word' id='word_1_196' title='bbox 1552 2412 1649 2504; x_wconf 89' lang='lat' dir='ltr'>quod</span> <span class='ocrx_word' id='word_1_197' title='bbox 1671 2411 1826 2502; x_wconf 86' lang='lat' dir='ltr'>pupulus</span> <span class='ocrx_word' id='word_1_198' title='bbox 1846 2412 2025 2504; x_wconf 86' lang='lat' dir='ltr'>periturns</span> <span class='ocrx_word' id='word_1_199' title='bbox 2047 2411 2111 2494; x_wconf 88' lang='lat' dir='ltr'>sit,</span> <span class='ocrx_word' id='word_1_200' title='bbox 2136 2413 2197 2483; x_wconf 82' lang='lat' dir='ltr'>red</span> <span class='ocrx_word' id='word_1_201' title='bbox 2223 2413 2332 2504; x_wconf 84' lang='lat' dir='ltr'>paulo</span> 
     </span>
     <span class='ocr_line' id='line_1_18' title="bbox 320 2508 2334 2610; baseline -0.003 -20"><span class='ocrx_word' id='word_1_202' title='bbox 320 2515 369 2590; x_wconf 85' lang='lat' dir='ltr'>Ilei</span> <span class='ocrx_word' id='word_1_203' title='bbox 388 2517 434 2591; x_wconf 87' lang='lat' dir='ltr'>ait</span> <span class='ocrx_word' id='word_1_204' title='bbox 459 2514 624 2588; x_wconf 75' lang='lat' dir='ltr'>Ecclesia</span> <span class='ocrx_word' id='word_1_205' title='bbox 645 2516 858 2599; x_wconf 80' lang='lat' dir='ltr'>electorum,</span> <span class='ocrx_word' id='word_1_206' title='bbox 889 2514 962 2584; x_wconf 89' lang='lat' dir='ltr'>iam</span> <span class='ocrx_word' id='word_1_207' title='bbox 983 2515 1082 2586; x_wconf 83' lang='lat' dir='ltr'>veuit</span> <span class='ocrx_word' id='word_1_208' title='bbox 1102 2517 1147 2584; x_wconf 83' lang='lat' dir='ltr'>ad</span> <span class='ocrx_word' id='word_1_209' title='bbox 1178 2510 1292 2608; x_wconf 86' lang='lat' dir='ltr'>hypo·</span> <span class='ocrx_word' id='word_1_210' title='bbox 1341 2524 1424 2582; x_wconf 85' lang='lat' dir='ltr'>aute</span> <span class='ocrx_word' id='word_1_211' title='bbox 1436 2523 1627 2584; x_wconf 84' lang='lat' dir='ltr'>venturum</span> <span class='ocrx_word' id='word_1_212' title='bbox 1643 2508 1906 2586; x_wconf 85' lang='lat' dir='ltr'>esseChristum</span> <span class='ocrx_word' id='word_1_213' title='bbox 1919 2569 1930 2599; x_wconf 95' lang='lat'>,</span> <span class='ocrx_word' id='word_1_214' title='bbox 1944 2529 1978 2587; x_wconf 94' lang='lat' dir='ltr'>et</span> <span class='ocrx_word' id='word_1_215' title='bbox 1991 2514 2130 2610; x_wconf 87' lang='lat' dir='ltr'>aliquos</span> <span class='ocrx_word' id='word_1_216' title='bbox 2146 2539 2187 2586; x_wconf 85' lang='lat' dir='ltr'>ex</span> <span class='ocrx_word' id='word_1_217' title='bbox 2200 2512 2334 2606; x_wconf 91' lang='lat' dir='ltr'>populo</span> 
     </span>
     <span class='ocr_line' id='line_1_19' title="bbox 322 2614 2335 2716; baseline -0.003 -25"><span class='ocrx_word' id='word_1_218' title='bbox 322 2617 432 2704; x_wconf 81' lang='lat' dir='ltr'>thesin,</span> <span class='ocrx_word' id='word_1_219' title='bbox 458 2619 593 2689; x_wconf 77' lang='lat' dir='ltr'>elector</span> <span class='ocrx_word' id='word_1_220' title='bbox 606 2641 681 2688; x_wconf 87' lang='lat' dir='ltr'>ease</span> <span class='ocrx_word' id='word_1_221' title='bbox 695 2640 738 2688; x_wconf 81' lang='lat' dir='ltr'>ex</span> <span class='ocrx_word' id='word_1_222' title='bbox 756 2614 897 2688; x_wconf 81' lang='lat' dir='ltr'>Iudaeis</span> <span class='ocrx_word' id='word_1_223' title='bbox 912 2631 948 2686; x_wconf 89' lang='lat' dir='ltr'>et</span> <span class='ocrx_word' id='word_1_224' title='bbox 965 2614 1160 2688; x_wconf 76' lang='lat' dir='ltr'>Gentibus:</span> <span class='ocrx_word' id='word_1_225' title='bbox 1184 2617 1293 2709; x_wconf 88' lang='lat' dir='ltr'>idque</span> <span class='ocrx_word' id='word_1_226' title='bbox 1343 2627 1691 2686; x_wconf 79' lang='lat' dir='ltr'>consecuturos&#39;ease</span> <span class='ocrx_word' id='word_1_227' title='bbox 1705 2615 1786 2686; x_wconf 88' lang='lat' dir='ltr'>illas</span> <span class='ocrx_word' id='word_1_228' title='bbox 1810 2617 2047 2716; x_wconf 79' lang='lat' dir='ltr'>amplissimaa</span> <span class='ocrx_word' id='word_1_229' title='bbox 2071 2616 2335 2708; x_wconf 85' lang='lat' dir='ltr'>promissiones,</span> 
     </span>
     <span class='ocr_line' id='line_1_20' title="bbox 321 2714 2336 2815; baseline -0.001 -23"><span class='ocrx_word' id='word_1_230' title='bbox 321 2725 422 2815; x_wconf 87' lang='lat' dir='ltr'>pmbat</span> <span class='ocrx_word' id='word_1_231' title='bbox 442 2719 663 2793; x_wconf 81' lang='lat' dir='ltr'>testimoniis</span> <span class='ocrx_word' id='word_1_232' title='bbox 685 2719 900 2807; x_wconf 71' lang='lat' dir='ltr'>scripturae,</span> <span class='ocrx_word' id='word_1_233' title='bbox 924 2731 968 2788; x_wconf 93' lang='lat' dir='ltr'>ut</span> <span class='ocrx_word' id='word_1_234' title='bbox 988 2721 1151 2789; x_wconf 84' lang='lat' dir='ltr'>ostendat</span> <span class='ocrx_word' id='word_1_235' title='bbox 1170 2715 1293 2789; x_wconf 82' lang='lat' dir='ltr'>Evau·</span> <span class='ocrx_word' id='word_1_236' title='bbox 1342 2717 1452 2790; x_wconf 82' lang='lat' dir='ltr'>Iactas</span> <span class='ocrx_word' id='word_1_237' title='bbox 1476 2718 1636 2807; x_wconf 89' lang='lat' dir='ltr'>patribus</span> <span class='ocrx_word' id='word_1_238' title='bbox 1660 2717 1787 2789; x_wconf 86' lang='lat' dir='ltr'>reiecta</span> <span class='ocrx_word' id='word_1_239' title='bbox 1815 2719 1951 2814; x_wconf 89' lang='lat' dir='ltr'>reliqua</span> <span class='ocrx_word' id='word_1_240' title='bbox 1976 2719 2218 2795; x_wconf 89' lang='lat' dir='ltr'>multitudine.</span> <span class='ocrx_word' id='word_1_241' title='bbox 2270 2714 2336 2793; x_wconf 74' lang='lat' dir='ltr'>litt</span> 
     </span>
     <span class='ocr_line' id='line_1_21' title="bbox 322 2815 2335 2920; baseline -0.001 -26"><span class='ocrx_word' id='word_1_242' title='bbox 322 2825 429 2920; x_wconf 69' lang='lat' dir='ltr'>pelium</span> <span class='ocrx_word' id='word_1_243' title='bbox 451 2821 636 2915; x_wconf 85' lang='lat' dir='ltr'>pertinere</span> <span class='ocrx_word' id='word_1_244' title='bbox 652 2823 714 2891; x_wconf 67' lang='lat' dir='ltr'>ad</span> <span class='ocrx_word' id='word_1_245' title='bbox 736 2818 885 2894; x_wconf 82' lang='lat' dir='ltr'>Gruter.</span> <span class='ocrx_word' id='word_1_246' title='bbox 945 2817 1000 2890; x_wconf 84' lang='lat' dir='ltr'>Ae</span> <span class='ocrx_word' id='word_1_247' title='bbox 1024 2822 1180 2913; x_wconf 88' lang='lat' dir='ltr'>primum</span> <span class='ocrx_word' id='word_1_248' title='bbox 1209 2820 1294 2890; x_wconf 88' lang='lat' dir='ltr'>eitat</span> <span class='ocrx_word' id='word_1_249' title='bbox 1343 2833 1378 2889; x_wconf 91' lang='lat' dir='ltr'>et</span> <span class='ocrx_word' id='word_1_250' title='bbox 1415 2815 1595 2909; x_wconf 80' lang='lat' dir='ltr'>emphasis</span> <span class='ocrx_word' id='word_1_251' title='bbox 1640 2821 1860 2892; x_wconf 85' lang='lat' dir='ltr'>observanda</span> <span class='ocrx_word' id='word_1_252' title='bbox 1899 2822 2090 2912; x_wconf 81' lang='lat' dir='ltr'>particulae</span> <span class='ocrx_word' id='word_1_253' title='bbox 2128 2820 2335 2906; x_wconf 75' lang='lat' dir='ltr'>mundabit,</span> 
     </span>
     <span class='ocr_line' id='line_1_22' title="bbox 323 2919 2070 3019; baseline -0.001 -21"><span class='ocrx_word' id='word_1_254' title='bbox 323 2931 413 2998; x_wconf 81' lang='lat' dir='ltr'>loturo</span> <span class='ocrx_word' id='word_1_255' title='bbox 429 2947 472 2996; x_wconf 79' lang='lat' dir='ltr'>ex</span> <span class='ocrx_word' id='word_1_256' title='bbox 488 2919 608 2995; x_wconf 79' lang='lat' dir='ltr'>Oteat</span> <span class='ocrx_word' id='word_1_257' title='bbox 634 2919 698 2995; x_wconf 71' lang='lat' dir='ltr'>Est</span> <span class='ocrx_word' id='word_1_258' title='bbox 711 2937 830 3008; x_wconf 81' lang='lat' dir='ltr'>autern</span> <span class='ocrx_word' id='word_1_259' title='bbox 851 2922 938 2994; x_wconf 86' lang='lat' dir='ltr'>satis</span> <span class='ocrx_word' id='word_1_260' title='bbox 954 2923 1179 3015; x_wconf 79' lang='lat' dir='ltr'>perspicuum</span> <span class='ocrx_word' id='word_1_261' title='bbox 1192 2922 1292 2994; x_wconf 78' lang='lat' dir='ltr'>terti·</span> <span class='ocrx_word' id='word_1_262' title='bbox 1343 2944 1432 3019; x_wconf 82' lang='lat' dir='ltr'>quae</span> <span class='ocrx_word' id='word_1_263' title='bbox 1447 2920 1621 3012; x_wconf 83' lang='lat' dir='ltr'>signifieat</span> <span class='ocrx_word' id='word_1_264' title='bbox 1636 2923 1909 3014; x_wconf 87' lang='lat' dir='ltr'>amplitudinem</span> <span class='ocrx_word' id='word_1_265' title='bbox 1925 2925 2070 3018; x_wconf 75' lang='lat' dir='ltr'>gratiae.</span> 
     </span>
     <span class='ocr_line' id='line_1_23' title="bbox 323 3051 2073 3215; baseline -0.003 -14"><span class='ocrx_word' id='word_1_266' title='bbox 323 3051 495 3201; x_wconf 56' lang='lat' dir='ltr'>¹¹¹⁰&#39;mil&#39;hid</span> <span class='ocrx_word' id='word_1_267' title='bbox 520 3127 649 3202; x_wconf 84' lang='lat' dir='ltr'>obiter·</span> <span class='ocrx_word' id='word_1_268' title='bbox 663 3128 910 3198; x_wconf 77' lang='lat' dir='ltr'>admouendus</span> <span class='ocrx_word' id='word_1_269' title='bbox 931 3127 1131 3199; x_wconf 80' lang='lat' dir='ltr'>ertsleotor·</span> <span class='ocrx_word' id='word_1_270' title='bbox 1188 3123 1293 3215; x_wconf 82' lang='lat' dir='ltr'>Quo-</span> <span class='ocrx_word' id='word_1_271' title='bbox 1607 3081 1716 3185; x_wconf 54' lang='lat' dir='ltr'>Qum</span> <span class='ocrx_word' id='word_1_272' title='bbox 1737 3085 1854 3183; x_wconf 39' lang='lat' dir='ltr'>&#39;‘giss&#39;&#39;</span> <span class='ocrx_word' id='word_1_273' title='bbox 1874 3085 2073 3171; x_wconf 59' lang='lat' dir='ltr'><strong><em>dmm?-</em></strong></span> 
     </span>
     <span class='ocr_line' id='line_1_24' title="bbox 327 3220 2333 3322; baseline -0.002 -20"><span class='ocrx_word' id='word_1_274' title='bbox 327 3233 366 3302; x_wconf 85' lang='lat' dir='ltr'>iet</span> <span class='ocrx_word' id='word_1_275' title='bbox 377 3234 418 3302; x_wconf 91' lang='lat' dir='ltr'>de</span> <span class='ocrx_word' id='word_1_276' title='bbox 440 3231 634 3302; x_wconf 83' lang='lat' dir='ltr'>vocatione</span> <span class='ocrx_word' id='word_1_277' title='bbox 650 3227 823 3316; x_wconf 80' lang='lat' dir='ltr'>Gentium</span> <span class='ocrx_word' id='word_1_278' title='bbox 846 3229 1001 3318; x_wconf 85' lang='lat' dir='ltr'>dieitur,</span> <span class='ocrx_word' id='word_1_279' title='bbox 1030 3228 1217 3301; x_wconf 78' lang='lat' dir='ltr'>oriendum</span> <span class='ocrx_word' id='word_1_280' title='bbox 1240 3241 1292 3299; x_wconf 87' lang='lat' dir='ltr'>est</span> <span class='ocrx_word' id='word_1_281' title='bbox 1441 3220 1513 3296; x_wconf 85' lang='lat' dir='ltr'>Hir</span> <span class='ocrx_word' id='word_1_282' title='bbox 1550 3247 1710 3317; x_wconf 83' lang='lat' dir='ltr'>expresse</span> <span class='ocrx_word' id='word_1_283' title='bbox 1740 3227 1843 3317; x_wconf 92' lang='lat' dir='ltr'>ponit</span> <span class='ocrx_word' id='word_1_284' title='bbox 1879 3251 2019 3298; x_wconf 87' lang='lat' dir='ltr'>eausam</span> <span class='ocrx_word' id='word_1_285' title='bbox 2058 3227 2333 3322; x_wconf 83' lang='lat' dir='ltr'>reprobationis,</span> 
     </span>
     <span class='ocr_line' id='line_1_25' title="bbox 325 3325 2332 3426; baseline -0.002 -22"><span class='ocrx_word' id='word_1_286' title='bbox 325 3334 546 3406; x_wconf 85' lang='lat' dir='ltr'>ummeudari</span> <span class='ocrx_word' id='word_1_287' title='bbox 572 3332 739 3421; x_wconf 71' lang='lat' dir='ltr'>gratiam,</span> <span class='ocrx_word' id='word_1_288' title='bbox 773 3333 869 3426; x_wconf 87' lang='lat' dir='ltr'>quod</span> <span class='ocrx_word' id='word_1_289' title='bbox 897 3355 972 3401; x_wconf 90' lang='lat' dir='ltr'>uon</span> <span class='ocrx_word' id='word_1_290' title='bbox 1004 3347 1150 3424; x_wconf 89' lang='lat' dir='ltr'>propter</span> <span class='ocrx_word' id='word_1_291' title='bbox 1168 3331 1292 3422; x_wconf 75' lang='lat' dir='ltr'>legero,</span> <span class='ocrx_word' id='word_1_292' title='bbox 1342 3326 1424 3422; x_wconf 86' lang='lat' dir='ltr'>quia</span> <span class='ocrx_word' id='word_1_293' title='bbox 1446 3325 1581 3398; x_wconf 85' lang='lat' dir='ltr'>scilicet</span> <span class='ocrx_word' id='word_1_294' title='bbox 1604 3327 1725 3398; x_wconf 85' lang='lat' dir='ltr'>nolint</span> <span class='ocrx_word' id='word_1_295' title='bbox 1747 3329 1890 3400; x_wconf 85' lang='lat' dir='ltr'>credere</span> <span class='ocrx_word' id='word_1_296' title='bbox 1911 3327 2117 3421; x_wconf 82' lang='lat' dir='ltr'>Evangelio.</span> <span class='ocrx_word' id='word_1_297' title='bbox 2171 3329 2253 3402; x_wconf 88' lang='lat' dir='ltr'>Ideo</span> <span class='ocrx_word' id='word_1_298' title='bbox 2270 3355 2332 3402; x_wconf 91' lang='lat' dir='ltr'>su-</span> 
     </span>
     <span class='ocr_line' id='line_1_26' title="bbox 325 3427 2440 3531; baseline -0.003 -22"><span class='ocrx_word' id='word_1_299' title='bbox 325 3437 478 3531; x_wconf 73' lang='lat' dir='ltr'>tedpratia</span> <span class='ocrx_word' id='word_1_300' title='bbox 492 3449 647 3530; x_wconf 85' lang='lat' dir='ltr'>propter</span> <span class='ocrx_word' id='word_1_301' title='bbox 660 3431 845 3509; x_wconf 77' lang='lat' dir='ltr'>Christum</span> <span class='ocrx_word' id='word_1_302' title='bbox 866 3434 1069 3528; x_wconf 77' lang='lat' dir='ltr'>placeamus</span> <span class='ocrx_word' id='word_1_303' title='bbox 1084 3432 1149 3508; x_wconf 88' lang='lat' dir='ltr'>ele.</span> <span class='ocrx_word' id='word_1_304' title='bbox 1341 3452 1404 3524; x_wconf 85' lang='lat' dir='ltr'>pra</span> <span class='ocrx_word' id='word_1_305' title='bbox 1427 3427 1501 3503; x_wconf 82' lang='lat' dir='ltr'>dixi</span> <span class='ocrx_word' id='word_1_306' title='bbox 1523 3429 1796 3501; x_wconf 81' lang='lat' dir='ltr'>similitudinem</span> <span class='ocrx_word' id='word_1_307' title='bbox 1822 3434 1866 3503; x_wconf 90' lang='lat' dir='ltr'>de</span> <span class='ocrx_word' id='word_1_308' title='bbox 1890 3433 1966 3505; x_wconf 91' lang='lat' dir='ltr'>luto</span> <span class='ocrx_word' id='word_1_309' title='bbox 1991 3457 2064 3504; x_wconf 85' lang='lat' dir='ltr'>uon</span> <span class='ocrx_word' id='word_1_310' title='bbox 2088 3434 2137 3507; x_wconf 89' lang='lat' dir='ltr'>ita</span> <span class='ocrx_word' id='word_1_311' title='bbox 2153 3433 2332 3527; x_wconf 86' lang='lat' dir='ltr'>arripien·</span> <span class='ocrx_word' id='word_1_312' title='bbox 2436 3477 2440 3488; x_wconf 42' lang='grc' dir='ltr'><strong><em>ι</em></strong></span> 
     </span>
     <span class='ocr_line' id='line_1_27' title="bbox 443 3531 2331 3629; baseline -0.001 -22"><span class='ocrx_word' id='word_1_313' title='bbox 443 3608 453 3625; x_wconf 70' lang='lat'>‚</span> <span class='ocrx_word' id='word_1_314' title='bbox 567 3602 575 3623; x_wconf 79' lang='grc'>,</span> <span class='ocrx_word' id='word_1_315' title='bbox 608 3542 612 3550; x_wconf 89' lang='grc'><strong><em>’</em></strong></span> <span class='ocrx_word' id='word_1_316' title='bbox 853 3603 861 3622; x_wconf 78' lang='lat'>‚</span> <span class='ocrx_word' id='word_1_317' title='bbox 1078 3574 1094 3626; x_wconf 85' lang='lat'>.·.</span> <span class='ocrx_word' id='word_1_318' title='bbox 1341 3536 1424 3605; x_wconf 87' lang='lat' dir='ltr'>dam</span> <span class='ocrx_word' id='word_1_319' title='bbox 1443 3556 1537 3616; x_wconf 88' lang='lat' dir='ltr'>esse,</span> <span class='ocrx_word' id='word_1_320' title='bbox 1563 3534 1662 3627; x_wconf 88' lang='lat' dir='ltr'>quasi</span> <span class='ocrx_word' id='word_1_321' title='bbox 1680 3535 1811 3604; x_wconf 88' lang='lat' dir='ltr'>nonsit</span> <span class='ocrx_word' id='word_1_322' title='bbox 1829 3535 1866 3605; x_wconf 87' lang='lat' dir='ltr'>iu</span> <span class='ocrx_word' id='word_1_323' title='bbox 1883 3537 1956 3629; x_wconf 80' lang='lat' dir='ltr'>ipsa</span> <span class='ocrx_word' id='word_1_324' title='bbox 1974 3538 2158 3607; x_wconf 86' lang='lat' dir='ltr'>voluntate</span> <span class='ocrx_word' id='word_1_325' title='bbox 2174 3531 2331 3607; x_wconf 87' lang='lat' dir='ltr'>humana</span> 
     </span>
     <span class='ocr_line' id='line_1_28' title="bbox 288 3598 2331 3730; baseline -0.001 -19"><span class='ocrx_word' id='word_1_326' title='bbox 288 3687 296 3710; x_wconf 48' lang='lat' dir='ltr'>a</span> <span class='ocrx_word' id='word_1_327' title='bbox 404 3604 587 3711; x_wconf 57' lang='lat' dir='ltr'>S‘smd</span> <span class='ocrx_word' id='word_1_328' title='bbox 604 3598 962 3699; x_wconf 60' lang='lat' dir='ltr'><em>&#39;mmm‘sfilmm</em></span> <span class='ocrx_word' id='word_1_329' title='bbox 976 3600 1185 3702; x_wconf 58' lang='lat' dir='ltr'>Ilml‘uv</span> <span class='ocrx_word' id='word_1_330' title='bbox 1340 3660 1443 3713; x_wconf 73' lang='lat' dir='ltr'>eausa</span> <span class='ocrx_word' id='word_1_331' title='bbox 1460 3635 1734 3729; x_wconf 84' lang='lat' dir='ltr'>reprobationis.</span> <span class='ocrx_word' id='word_1_332' title='bbox 1786 3632 1855 3712; x_wconf 87' lang='lat' dir='ltr'>Hic</span> <span class='ocrx_word' id='word_1_333' title='bbox 1880 3638 1989 3707; x_wconf 88' lang='lat' dir='ltr'>einim</span> <span class='ocrx_word' id='word_1_334' title='bbox 2012 3637 2145 3711; x_wconf 84' lang='lat' dir='ltr'>Paulus</span> <span class='ocrx_word' id='word_1_335' title='bbox 2170 3661 2331 3730; x_wconf 80' lang='lat' dir='ltr'>expresse</span> 
     </span>
     <span class='ocr_line' id='line_1_29' title="bbox 295 3738 2412 3839; baseline -0.003 -22"><span class='ocrx_word' id='word_1_336' title='bbox 295 3817 299 3836; x_wconf 72' lang='grc'>,</span> <span class='ocrx_word' id='word_1_337' title='bbox 399 3743 569 3817; x_wconf 74' lang='lat' dir='ltr'>Alterum</span> <span class='ocrx_word' id='word_1_338' title='bbox 584 3742 832 3816; x_wconf 84' lang='lat' dir='ltr'>testimonium</span> <span class='ocrx_word' id='word_1_339' title='bbox 845 3758 899 3815; x_wconf 86' lang='lat' dir='ltr'>eat</span> <span class='ocrx_word' id='word_1_340' title='bbox 913 3739 1061 3826; x_wconf 76' lang='lat' dir='ltr'>Esaiae,</span> <span class='ocrx_word' id='word_1_341' title='bbox 1085 3744 1184 3839; x_wconf 80' lang='lat' dir='ltr'>quod</span> <span class='ocrx_word' id='word_1_342' title='bbox 1200 3741 1291 3816; x_wconf 81' lang='lat' dir='ltr'>eati·</span> <span class='ocrx_word' id='word_1_343' title='bbox 1341 3740 1443 3835; x_wconf 89' lang='lat' dir='ltr'>ponit</span> <span class='ocrx_word' id='word_1_344' title='bbox 1474 3762 1631 3823; x_wconf 84' lang='lat' dir='ltr'>causam,</span> <span class='ocrx_word' id='word_1_345' title='bbox 1660 3752 1695 3809; x_wconf 91' lang='lat' dir='ltr'>et</span> <span class='ocrx_word' id='word_1_346' title='bbox 1723 3738 1822 3811; x_wconf 88' lang='lat' dir='ltr'>addit</span> <span class='ocrx_word' id='word_1_347' title='bbox 1852 3742 2048 3839; x_wconf 79' lang='lat' dir='ltr'>rationem,</span> <span class='ocrx_word' id='word_1_348' title='bbox 2078 3764 2169 3837; x_wconf 86' lang='lat' dir='ltr'>quae</span> <span class='ocrx_word' id='word_1_349' title='bbox 2200 3741 2330 3837; x_wconf 83' lang='lat' dir='ltr'>impios</span> <span class='ocrx_word' id='word_1_350' title='bbox 2409 3760 2412 3768; x_wconf 77' lang='grc'><em>’</em></span> 
     </span>
     <span class='ocr_line' id='line_1_30' title="bbox 283 3840 2328 3937; baseline -0.002 -19"><span class='ocrx_word' id='word_1_351' title='bbox 283 3849 300 3918; x_wconf 76' lang='lat'>1:</span> <span class='ocrx_word' id='word_1_352' title='bbox 327 3850 438 3919; x_wconf 82' lang='lat' dir='ltr'>einatur</span> <span class='ocrx_word' id='word_1_353' title='bbox 448 3846 855 3937; x_wconf 84' lang='lat' dir='ltr'>dedeieetionepopoli.</span> <span class='ocrx_word' id='word_1_354' title='bbox 876 3844 1038 3919; x_wconf 80' lang='lat' dir='ltr'>Primum</span> <span class='ocrx_word' id='word_1_355' title='bbox 1055 3846 1122 3919; x_wconf 85' lang='lat' dir='ltr'>ait:</span> <span class='ocrx_word' id='word_1_356' title='bbox 1138 3842 1291 3917; x_wconf 86' lang='lat' dir='ltr'>Etiamsi</span> <span class='ocrx_word' id='word_1_357' title='bbox 1340 3854 1558 3924; x_wconf 87' lang='lat' dir='ltr'>remoratur,</span> <span class='ocrx_word' id='word_1_358' title='bbox 1583 3864 1629 3911; x_wconf 91' lang='lat' dir='ltr'>ne</span> <span class='ocrx_word' id='word_1_359' title='bbox 1650 3842 1813 3913; x_wconf 86' lang='lat' dir='ltr'>credant:</span> <span class='ocrx_word' id='word_1_360' title='bbox 1841 3840 2185 3935; x_wconf 82' lang='lat' dir='ltr'>QuiaEvangolium</span> <span class='ocrx_word' id='word_1_361' title='bbox 2211 3841 2328 3933; x_wconf 81' lang='lat' dir='ltr'>arguit</span> 
     </span>
     <span class='ocr_line' id='line_1_31' title="bbox 326 3939 2330 4041; baseline -0.004 -20"><span class='ocrx_word' id='word_1_362' title='bbox 326 3952 549 4041; x_wconf 68' lang='lat' dir='ltr'>lueritinpenr</span> <span class='ocrx_word' id='word_1_363' title='bbox 570 3948 766 4019; x_wconf 76' lang='lat' dir='ltr'>maeltitndo</span> <span class='ocrx_word' id='word_1_364' title='bbox 784 3948 928 4039; x_wconf 86' lang='lat' dir='ltr'>populi,</span> <span class='ocrx_word' id='word_1_365' title='bbox 952 3958 1072 4018; x_wconf 85' lang='lat' dir='ltr'>tamen</span> <span class='ocrx_word' id='word_1_366' title='bbox 1092 3949 1197 4041; x_wconf 87' lang='lat' dir='ltr'>pauei</span> <span class='ocrx_word' id='word_1_367' title='bbox 1211 3962 1291 4018; x_wconf 88' lang='lat' dir='ltr'>tan·</span> <span class='ocrx_word' id='word_1_368' title='bbox 1341 3939 1533 4017; x_wconf 88' lang='lat' dir='ltr'>humanam</span> <span class='ocrx_word' id='word_1_369' title='bbox 1558 3942 1734 4013; x_wconf 83' lang='lat' dir='ltr'>iusticiam</span> <span class='ocrx_word' id='word_1_370' title='bbox 1761 3956 1796 4015; x_wconf 90' lang='lat' dir='ltr'>et</span> <span class='ocrx_word' id='word_1_371' title='bbox 1817 3945 1955 4031; x_wconf 82' lang='lat' dir='ltr'>cultus,</span> <span class='ocrx_word' id='word_1_372' title='bbox 1980 3959 2013 4015; x_wconf 88' lang='lat' dir='ltr'>et</span> <span class='ocrx_word' id='word_1_373' title='bbox 2039 3945 2207 4038; x_wconf 84' lang='lat' dir='ltr'>proponit</span> <span class='ocrx_word' id='word_1_374' title='bbox 2223 3944 2330 4015; x_wconf 88' lang='lat' dir='ltr'>aliam</span> 
     </span>
     <span class='ocr_line' id='line_1_32' title="bbox 327 4038 2331 4144; baseline -0.003 -21"><span class='ocrx_word' id='word_1_375' title='bbox 327 4068 381 4123; x_wconf 76' lang='lat' dir='ltr'>un</span> <span class='ocrx_word' id='word_1_376' title='bbox 403 4054 652 4124; x_wconf 82' lang='lat' dir='ltr'>salvabuntur.</span> <span class='ocrx_word' id='word_1_377' title='bbox 708 4046 787 4119; x_wconf 82' lang='lat' dir='ltr'>Boe</span> <span class='ocrx_word' id='word_1_378' title='bbox 819 4048 1082 4140; x_wconf 77' lang='lat' dir='ltr'>urit-phraail,</span> <span class='ocrx_word' id='word_1_379' title='bbox 1112 4074 1195 4122; x_wconf 84' lang='lat' dir='ltr'>enm</span> <span class='ocrx_word' id='word_1_380' title='bbox 1220 4050 1290 4123; x_wconf 88' lang='lat' dir='ltr'>ait:</span> <span class='ocrx_word' id='word_1_381' title='bbox 1340 4038 1546 4118; x_wconf 81' lang='lat' dir='ltr'>iusticiam.&#39;</span> <span class='ocrx_word' id='word_1_382' title='bbox 1568 4042 1638 4116; x_wconf 89' lang='lat' dir='ltr'>Hie</span> <span class='ocrx_word' id='word_1_383' title='bbox 1667 4070 1747 4144; x_wconf 74' lang='lat' dir='ltr'>rum</span> <span class='ocrx_word' id='word_1_384' title='bbox 1774 4041 1939 4117; x_wconf 88' lang='lat' dir='ltr'>homiues</span> <span class='ocrx_word' id='word_1_385' title='bbox 1960 4049 2136 4138; x_wconf 88' lang='lat' dir='ltr'>sapientes</span> <span class='ocrx_word' id='word_1_386' title='bbox 2161 4046 2331 4130; x_wconf 86' lang='lat' dir='ltr'>indicent,</span> 
     </span>
     <span class='ocr_line' id='line_1_33' title="bbox 292 4146 2329 4249; baseline -0.004 -22"><span class='ocrx_word' id='word_1_387' title='bbox 292 4195 297 4207; x_wconf 91' lang='lat'>·</span> <span class='ocrx_word' id='word_1_388' title='bbox 327 4152 504 4249; x_wconf 74' lang='lat' dir='ltr'>Reliquiae,</span> <span class='ocrx_word' id='word_1_389' title='bbox 535 4176 620 4221; x_wconf 88' lang='lat' dir='ltr'>nam</span> <span class='ocrx_word' id='word_1_390' title='bbox 641 4151 802 4246; x_wconf 85' lang='lat' dir='ltr'>reliquae</span> <span class='ocrx_word' id='word_1_391' title='bbox 822 4152 1023 4241; x_wconf 72' lang='lat' dir='ltr'>signiserant</span> <span class='ocrx_word' id='word_1_392' title='bbox 1045 4174 1196 4245; x_wconf 77' lang='lat' dir='ltr'>pruma,</span> <span class='ocrx_word' id='word_1_393' title='bbox 1227 4153 1291 4246; x_wconf 88' lang='lat' dir='ltr'>qui</span> <span class='ocrx_word' id='word_1_394' title='bbox 1339 4149 1633 4220; x_wconf 87' lang='lat' dir='ltr'>absurdissimum</span> <span class='ocrx_word' id='word_1_395' title='bbox 1656 4171 1730 4218; x_wconf 86' lang='lat' dir='ltr'>esae</span> <span class='ocrx_word' id='word_1_396' title='bbox 1753 4146 1892 4221; x_wconf 86' lang='lat' dir='ltr'>detrahi</span> <span class='ocrx_word' id='word_1_397' title='bbox 1910 4152 2051 4221; x_wconf 88' lang='lat' dir='ltr'>laudem</span> <span class='ocrx_word' id='word_1_398' title='bbox 2067 4150 2244 4235; x_wconf 86' lang='lat' dir='ltr'>iusticiae,</span> <span class='ocrx_word' id='word_1_399' title='bbox 2268 4174 2329 4219; x_wconf 80' lang='lat' dir='ltr'>er·</span> 
     </span>
     <span class='ocr_line' id='line_1_34' title="bbox 326 4251 2330 4351; baseline -0.002 -26"><span class='ocrx_word' id='word_1_400' title='bbox 326 4258 428 4351; x_wconf 79' lang='lat' dir='ltr'>reliqui</span> <span class='ocrx_word' id='word_1_401' title='bbox 452 4265 541 4327; x_wconf 82' lang='lat' dir='ltr'>aurat</span> <span class='ocrx_word' id='word_1_402' title='bbox 558 4254 705 4325; x_wconf 68' lang='lat' dir='ltr'>caerem</span> <span class='ocrx_word' id='word_1_403' title='bbox 726 4254 911 4327; x_wconf 84' lang='lat' dir='ltr'>absumtis.</span> <span class='ocrx_word' id='word_1_404' title='bbox 968 4252 1109 4329; x_wconf 78' lang='lat' dir='ltr'>Deinde</span> <span class='ocrx_word' id='word_1_405' title='bbox 1129 4254 1292 4351; x_wconf 80' lang='lat' dir='ltr'>arquitur</span> <span class='ocrx_word' id='word_1_406' title='bbox 1340 4266 1461 4325; x_wconf 86' lang='lat' dir='ltr'>ternae</span> <span class='ocrx_word' id='word_1_407' title='bbox 1481 4251 1727 4336; x_wconf 83' lang='lat' dir='ltr'>obedientiae,</span> <span class='ocrx_word' id='word_1_408' title='bbox 1763 4252 1848 4323; x_wconf 86' lang='lat' dir='ltr'>item</span> <span class='ocrx_word' id='word_1_409' title='bbox 1871 4253 2044 4325; x_wconf 83' lang='lat' dir='ltr'>cultibus:</span> <span class='ocrx_word' id='word_1_410' title='bbox 2077 4253 2162 4323; x_wconf 86' lang='lat' dir='ltr'>item</span> <span class='ocrx_word' id='word_1_411' title='bbox 2185 4252 2330 4323; x_wconf 89' lang='lat' dir='ltr'>videant</span> 
     </span>
     <span class='ocr_line' id='line_1_35' title="bbox 291 4354 2332 4453; baseline -0.003 -24"><span class='ocrx_word' id='word_1_412' title='bbox 291 4413 295 4422; x_wconf 91' lang='lat'><em>.</em></span> <span class='ocrx_word' id='word_1_413' title='bbox 328 4360 464 4453; x_wconf 75' lang='lat' dir='ltr'>repetitio</span> <span class='ocrx_word' id='word_1_414' title='bbox 478 4356 641 4431; x_wconf 81' lang='lat' dir='ltr'>eiusdem</span> <span class='ocrx_word' id='word_1_415' title='bbox 657 4356 866 4433; x_wconf 84' lang='lat' dir='ltr'>sententiae.</span> <span class='ocrx_word' id='word_1_416' title='bbox 1109 4412 1113 4421; x_wconf 96' lang='lat'>.</span> <span class='ocrx_word' id='word_1_417' title='bbox 1340 4354 1485 4426; x_wconf 83' lang='lat' dir='ltr'>mutatis</span> <span class='ocrx_word' id='word_1_418' title='bbox 1505 4354 1662 4424; x_wconf 80' lang='lat' dir='ltr'>cultibus</span> <span class='ocrx_word' id='word_1_419' title='bbox 1686 4356 1814 4425; x_wconf 89' lang='lat' dir='ltr'>mutari</span> <span class='ocrx_word' id='word_1_420' title='bbox 1844 4379 1885 4426; x_wconf 91' lang='lat' dir='ltr'>ae</span> <span class='ocrx_word' id='word_1_421' title='bbox 1916 4355 2080 4447; x_wconf 84' lang='lat' dir='ltr'>dissipari</span> <span class='ocrx_word' id='word_1_422' title='bbox 2103 4354 2332 4449; x_wconf 84' lang='lat' dir='ltr'>respublicas,</span> 
     </span>
     <span class='ocr_line' id='line_1_36' title="bbox 495 4452 2329 4651; baseline -0.004 -18"><span class='ocrx_word' id='word_1_423' title='bbox 495 4518 782 4603; x_wconf 59' lang='lat' dir='ltr'>camno</span> <span class='ocrx_word' id='word_1_424' title='bbox 801 4522 1019 4601; x_wconf 63' lang='lat' dir='ltr'>um</span> <span class='ocrx_word' id='word_1_425' title='bbox 1340 4452 2203 4651; x_wconf 49' lang='lat' dir='ltr'>alutamattttttttttttaa</span> <span class='ocrx_word' id='word_1_426' title='bbox 2217 4475 2329 4649; x_wconf 65' lang='lat' dir='ltr'>‘aa</span> 
     </span>
     <span class='ocr_line' id='line_1_37' title="bbox 401 4657 2327 4750; baseline -0.008 -8"><span class='ocrx_word' id='word_1_427' title='bbox 401 4666 672 4742; x_wconf 78' lang='lat' dir='ltr'>Consummatio</span> <span class='ocrx_word' id='word_1_428' title='bbox 687 4661 1291 4740; x_wconf 76' lang='lat' dir='ltr'>abbreviataerundabitinstieiam.</span> <span class='ocrx_word' id='word_1_429' title='bbox 1341 4662 1457 4733; x_wconf 87' lang='lat' dir='ltr'>laedat</span> <span class='ocrx_word' id='word_1_430' title='bbox 1469 4660 1617 4750; x_wconf 80' lang='lat' dir='ltr'>gloriam</span> <span class='ocrx_word' id='word_1_431' title='bbox 1631 4657 1718 4745; x_wconf 89' lang='lat' dir='ltr'>Dei,</span> <span class='ocrx_word' id='word_1_432' title='bbox 1740 4660 1882 4731; x_wconf 84' lang='lat' dir='ltr'>abolitis</span> <span class='ocrx_word' id='word_1_433' title='bbox 1898 4662 2076 4746; x_wconf 83' lang='lat' dir='ltr'>cultibus,</span> <span class='ocrx_word' id='word_1_434' title='bbox 2094 4659 2210 4729; x_wconf 78' lang='lat' dir='ltr'>laxato</span> <span class='ocrx_word' id='word_1_435' title='bbox 2225 4659 2327 4727; x_wconf 88' lang='lat' dir='ltr'>freno</span> 
     </span>
     <span class='ocr_line' id='line_1_38' title="bbox 284 4760 2326 4857; baseline -0.004 -20"><span class='ocrx_word' id='word_1_436' title='bbox 284 4800 290 4814; x_wconf 57' lang='grc'><em>’</em></span> <span class='ocrx_word' id='word_1_437' title='bbox 327 4766 656 4843; x_wconf 69' lang='lat' dir='ltr'>Consummatiouem</span> <span class='ocrx_word' id='word_1_438' title='bbox 678 4767 777 4835; x_wconf 83' lang='lat' dir='ltr'>euim</span> <span class='ocrx_word' id='word_1_439' title='bbox 799 4778 836 4839; x_wconf 91' lang='lat' dir='ltr'>et</span> <span class='ocrx_word' id='word_1_440' title='bbox 856 4768 1163 4841; x_wconf 75' lang='lat' dir='ltr'>abbreviationem</span> <span class='ocrx_word' id='word_1_441' title='bbox 1185 4765 1291 4839; x_wconf 79' lang='lat' dir='ltr'>faciet</span> <span class='ocrx_word' id='word_1_442' title='bbox 1341 4763 1438 4853; x_wconf 69' lang='lat' dir='ltr'>vulgi</span> <span class='ocrx_word' id='word_1_443' title='bbox 1466 4762 1646 4833; x_wconf 74' lang='lat' dir='ltr'>licentiae:</span> <span class='ocrx_word' id='word_1_444' title='bbox 1678 4762 1763 4833; x_wconf 89' lang='lat' dir='ltr'>itern</span> <span class='ocrx_word' id='word_1_445' title='bbox 1791 4776 1960 4857; x_wconf 89' lang='lat' dir='ltr'>tanquam</span> <span class='ocrx_word' id='word_1_446' title='bbox 1977 4762 2204 4845; x_wconf 80' lang='lat' dir='ltr'>seditiosum,</span> <span class='ocrx_word' id='word_1_447' title='bbox 2230 4760 2326 4853; x_wconf 84' lang='lat' dir='ltr'>quod</span> 
     </span>
     <span class='ocr_line' id='line_1_39' title="bbox 283 4860 2327 4960; baseline -0.005 -20"><span class='ocrx_word' id='word_1_448' title='bbox 283 4909 284 4918; x_wconf 24' lang='grc' dir='ltr'><strong>κ</strong></span> <span class='ocrx_word' id='word_1_449' title='bbox 328 4871 492 4945; x_wconf 78' lang='lat' dir='ltr'>bossinus.</span> <span class='ocrx_word' id='word_1_450' title='bbox 557 4869 827 4943; x_wconf 65' lang='lat' dir='ltr'>&amp;nammatio</span> <span class='ocrx_word' id='word_1_451' title='bbox 852 4868 1029 4960; x_wconf 69' lang='lat' dir='ltr'>signifieat</span> <span class='ocrx_word' id='word_1_452' title='bbox 1059 4872 1187 4954; x_wconf 83' lang='lat' dir='ltr'>boatu,</span> <span class='ocrx_word' id='word_1_453' title='bbox 1226 4892 1289 4939; x_wconf 81' lang='lat' dir='ltr'>seu</span> <span class='ocrx_word' id='word_1_454' title='bbox 1337 4866 1489 4957; x_wconf 84' lang='lat' dir='ltr'>dissipet</span> <span class='ocrx_word' id='word_1_455' title='bbox 1511 4866 1650 4953; x_wconf 87' lang='lat' dir='ltr'>respub.</span> <span class='ocrx_word' id='word_1_456' title='bbox 1719 4861 1817 4935; x_wconf 81' lang='lat' dir='ltr'>Haec</span> <span class='ocrx_word' id='word_1_457' title='bbox 1847 4888 1986 4956; x_wconf 79' lang='lat' dir='ltr'>temper</span> <span class='ocrx_word' id='word_1_458' title='bbox 2016 4865 2082 4936; x_wconf 83' lang='lat' dir='ltr'>init</span> <span class='ocrx_word' id='word_1_459' title='bbox 2121 4860 2327 4954; x_wconf 78' lang='lat' dir='ltr'>principaIIs</span> 
     </span>
     <span class='ocr_line' id='line_1_40' title="bbox 327 4964 2328 5067; baseline -0.003 -29"><span class='ocrx_word' id='word_1_460' title='bbox 327 4974 436 5045; x_wconf 70' lang='lat' dir='ltr'>sladem</span> <span class='ocrx_word' id='word_1_461' title='bbox 457 4973 607 5067; x_wconf 87' lang='lat' dir='ltr'>populi,</span> <span class='ocrx_word' id='word_1_462' title='bbox 640 4972 740 5065; x_wconf 81' lang='lat' dir='ltr'>qrtaei</span> <span class='ocrx_word' id='word_1_463' title='bbox 764 4972 877 5042; x_wconf 81' lang='lat' dir='ltr'>diuet:</span> <span class='ocrx_word' id='word_1_464' title='bbox 909 4970 1069 5043; x_wconf 88' lang='lat' dir='ltr'>Ventura</span> <span class='ocrx_word' id='word_1_465' title='bbox 1095 4983 1287 5062; x_wconf 73' lang='lat' dir='ltr'>estmagna</span> <span class='ocrx_word' id='word_1_466' title='bbox 1338 4991 1441 5039; x_wconf 89' lang='lat' dir='ltr'>eausa</span> <span class='ocrx_word' id='word_1_467' title='bbox 1468 4966 1741 5057; x_wconf 83' lang='lat' dir='ltr'>persecutionis,</span> <span class='ocrx_word' id='word_1_468' title='bbox 1761 4987 1804 5037; x_wconf 87' lang='lat' dir='ltr'>ar</span> <span class='ocrx_word' id='word_1_469' title='bbox 1826 4966 1972 5037; x_wconf 87' lang='lat' dir='ltr'>ludaeos</span> <span class='ocrx_word' id='word_1_470' title='bbox 1992 4964 2328 5049; x_wconf 81' lang='lat' dir='ltr'>maximeaecendit,</span> 
     </span>
     <span class='ocr_line' id='line_1_41' title="bbox 328 5066 2326 5168; baseline -0.003 -27"><span class='ocrx_word' id='word_1_471' title='bbox 328 5076 421 5147; x_wconf 76' lang='lat' dir='ltr'>clades</span> <span class='ocrx_word' id='word_1_472' title='bbox 435 5076 579 5168; x_wconf 88' lang='lat' dir='ltr'>populi,</span> <span class='ocrx_word' id='word_1_473' title='bbox 603 5097 664 5143; x_wconf 85' lang='lat' dir='ltr'>eeu</span> <span class='ocrx_word' id='word_1_474' title='bbox 681 5073 864 5158; x_wconf 80' lang='lat' dir='ltr'>interitus,</span> <span class='ocrx_word' id='word_1_475' title='bbox 889 5086 925 5144; x_wconf 93' lang='lat' dir='ltr'>et</span> <span class='ocrx_word' id='word_1_476' title='bbox 940 5088 1059 5146; x_wconf 88' lang='lat' dir='ltr'>tamen</span> <span class='ocrx_word' id='word_1_477' title='bbox 1073 5088 1159 5146; x_wconf 89' lang='lat' dir='ltr'>tuue</span> <span class='ocrx_word' id='word_1_478' title='bbox 1176 5097 1288 5143; x_wconf 81' lang='lat' dir='ltr'>erun·</span> <span class='ocrx_word' id='word_1_479' title='bbox 1337 5071 1400 5165; x_wconf 87' lang='lat' dir='ltr'>qui</span> <span class='ocrx_word' id='word_1_480' title='bbox 1420 5066 1600 5139; x_wconf 88' lang='lat' dir='ltr'>habebant</span> <span class='ocrx_word' id='word_1_481' title='bbox 1613 5067 1725 5159; x_wconf 80' lang='lat' dir='ltr'>legem</span> <span class='ocrx_word' id='word_1_482' title='bbox 1741 5068 1915 5141; x_wconf 86' lang='lat' dir='ltr'>divinitus</span> <span class='ocrx_word' id='word_1_483' title='bbox 1931 5071 2065 5155; x_wconf 87' lang='lat' dir='ltr'>datam,</span> <span class='ocrx_word' id='word_1_484' title='bbox 2090 5083 2124 5139; x_wconf 86' lang='lat' dir='ltr'>et</span> <span class='ocrx_word' id='word_1_485' title='bbox 2140 5070 2255 5137; x_wconf 86' lang='lat' dir='ltr'>cultus</span> <span class='ocrx_word' id='word_1_486' title='bbox 2270 5067 2326 5139; x_wconf 87' lang='lat' dir='ltr'>di-</span> 
     </span>
     <span class='ocr_line' id='line_1_42' title="bbox 283 5165 1830 5262; baseline -0.005 -15"><span class='ocrx_word' id='word_1_487' title='bbox 283 5243 285 5247; x_wconf 74' lang='grc'><strong>,</strong></span> <span class='ocrx_word' id='word_1_488' title='bbox 329 5177 407 5249; x_wconf 86' lang='lat' dir='ltr'>dabit</span> <span class='ocrx_word' id='word_1_489' title='bbox 418 5178 575 5262; x_wconf 76' lang='lat' dir='ltr'>iustitia,</span> <span class='ocrx_word' id='word_1_490' title='bbox 599 5178 636 5248; x_wconf 85' lang='lat' dir='ltr'>id</span> <span class='ocrx_word' id='word_1_491' title='bbox 655 5190 725 5260; x_wconf 84' lang='lat' dir='ltr'>est,</span> <span class='ocrx_word' id='word_1_492' title='bbox 751 5188 838 5247; x_wconf 82' lang='lat' dir='ltr'>tone</span> <span class='ocrx_word' id='word_1_493' title='bbox 851 5176 1289 5249; x_wconf 80' lang='lat' dir='ltr'>revelabituretdouabi-</span> <span class='ocrx_word' id='word_1_494' title='bbox 1337 5172 1473 5243; x_wconf 80' lang='lat' dir='ltr'>vinitor</span> <span class='ocrx_word' id='word_1_495' title='bbox 1490 5172 1687 5245; x_wconf 81' lang='lat' dir='ltr'>ordinatos.</span> <span class='ocrx_word' id='word_1_496' title='bbox 1828 5165 1830 5169; x_wconf 69' lang='grc'><strong>’</strong></span> 
     </span>
     <span class='ocr_line' id='line_1_43' title="bbox 285 5272 2325 5369; baseline -0.001 -23"><span class='ocrx_word' id='word_1_497' title='bbox 285 5323 289 5332; x_wconf 87' lang='lat'><em>-</em></span> <span class='ocrx_word' id='word_1_498' title='bbox 329 5291 374 5347; x_wconf 86' lang='lat' dir='ltr'>tor</span> <span class='ocrx_word' id='word_1_499' title='bbox 396 5282 562 5369; x_wconf 81' lang='lat' dir='ltr'>promissa</span> <span class='ocrx_word' id='word_1_500' title='bbox 588 5278 729 5350; x_wconf 80' lang='lat' dir='ltr'>iu‘atieia</span> <span class='ocrx_word' id='word_1_501' title='bbox 750 5290 785 5349; x_wconf 89' lang='lat' dir='ltr'>at</span> <span class='ocrx_word' id='word_1_502' title='bbox 814 5278 1038 5365; x_wconf 63' lang='lat' dir='ltr'>maruno,</span> <span class='ocrx_word' id='word_1_503' title='bbox 1076 5302 1158 5351; x_wconf 88' lang='lat' dir='ltr'>rum</span> <span class='ocrx_word' id='word_1_504' title='bbox 1194 5277 1287 5347; x_wconf 85' lang='lat' dir='ltr'>rir&#39;oa</span> <span class='ocrx_word' id='word_1_505' title='bbox 1421 5274 1493 5345; x_wconf 90' lang='lat' dir='ltr'>.lta</span> <span class='ocrx_word' id='word_1_506' title='bbox 1510 5296 1608 5345; x_wconf 88' lang='lat' dir='ltr'>nuno</span> <span class='ocrx_word' id='word_1_507' title='bbox 1628 5275 1787 5346; x_wconf 80' lang='lat' dir='ltr'>furenter</span> <span class='ocrx_word' id='word_1_508' title='bbox 1800 5289 1833 5347; x_wconf 91' lang='lat' dir='ltr'>et</span> <span class='ocrx_word' id='word_1_509' title='bbox 1852 5273 2042 5347; x_wconf 81' lang='lat' dir='ltr'>crudeliter</span> <span class='ocrx_word' id='word_1_510' title='bbox 2059 5294 2124 5343; x_wconf 87' lang='lat' dir='ltr'>nna</span> <span class='ocrx_word' id='word_1_511' title='bbox 2148 5272 2325 5345; x_wconf 80' lang='lat' dir='ltr'>insectan-</span> 
     </span>
     <span class='ocr_line' id='line_1_44' title="bbox 330 5376 2325 5475; baseline -0.002 -28"><span class='ocrx_word' id='word_1_512' title='bbox 330 5378 415 5449; x_wconf 83' lang='lat' dir='ltr'>Iuem</span> <span class='ocrx_word' id='word_1_513' title='bbox 432 5383 553 5475; x_wconf 89' lang='lat' dir='ltr'>populi</span> <span class='ocrx_word' id='word_1_514' title='bbox 570 5404 698 5472; x_wconf 67' lang='lat' dir='ltr'>magua</span> <span class='ocrx_word' id='word_1_515' title='bbox 711 5380 906 5458; x_wconf 76' lang='lat' dir='ltr'>multitudo</span> <span class='ocrx_word' id='word_1_516' title='bbox 920 5384 1077 5473; x_wconf 86' lang='lat' dir='ltr'>peritura</span> <span class='ocrx_word' id='word_1_517' title='bbox 1090 5393 1155 5466; x_wconf 87' lang='lat' dir='ltr'>eat,</span> <span class='ocrx_word' id='word_1_518' title='bbox 1171 5392 1207 5452; x_wconf 88' lang='lat' dir='ltr'>rt</span> <span class='ocrx_word' id='word_1_519' title='bbox 1221 5380 1289 5449; x_wconf 90' lang='lat' dir='ltr'>ali·</span> <span class='ocrx_word' id='word_1_520' title='bbox 1335 5392 1396 5449; x_wconf 90' lang='lat' dir='ltr'>tnr</span> <span class='ocrx_word' id='word_1_521' title='bbox 1412 5376 1627 5460; x_wconf 85' lang='lat' dir='ltr'>adversarii,</span> <span class='ocrx_word' id='word_1_522' title='bbox 1651 5380 1746 5471; x_wconf 76' lang='lat' dir='ltr'>qarod</span> <span class='ocrx_word' id='word_1_523' title='bbox 1766 5378 1937 5463; x_wconf 84' lang='lat' dir='ltr'>dicimus,</span> <span class='ocrx_word' id='word_1_524' title='bbox 1962 5376 2032 5465; x_wconf 81' lang='lat' dir='ltr'>legi</span> <span class='ocrx_word' id='word_1_525' title='bbox 2053 5398 2126 5447; x_wconf 90' lang='lat' dir='ltr'>non</span> <span class='ocrx_word' id='word_1_526' title='bbox 2151 5398 2253 5469; x_wconf 87' lang='lat' dir='ltr'>posse</span> <span class='ocrx_word' id='word_1_527' title='bbox 2269 5399 2325 5445; x_wconf 87' lang='lat' dir='ltr'>sa-</span> 
     </span>
     <span class='ocr_line' id='line_1_45' title="bbox 283 5476 2324 5577; baseline -0.004 -22"><span class='ocrx_word' id='word_1_528' title='bbox 283 5546 285 5555; x_wconf 93' lang='lat'>.</span> <span class='ocrx_word' id='word_1_529' title='bbox 332 5484 489 5573; x_wconf 75' lang='lat' dir='ltr'>piarum</span> <span class='ocrx_word' id='word_1_530' title='bbox 510 5484 622 5573; x_wconf 83' lang='lat' dir='ltr'>aalri,</span> <span class='ocrx_word' id='word_1_531' title='bbox 645 5482 709 5577; x_wconf 85' lang='lat' dir='ltr'>qui</span> <span class='ocrx_word' id='word_1_532' title='bbox 731 5484 878 5555; x_wconf 81' lang='lat' dir='ltr'>credent</span> <span class='ocrx_word' id='word_1_533' title='bbox 898 5482 1114 5574; x_wconf 69' lang='lat' dir='ltr'>Evangelio,</span> <span class='ocrx_word' id='word_1_534' title='bbox 1139 5496 1177 5554; x_wconf 88' lang='lat' dir='ltr'>et</span> <span class='ocrx_word' id='word_1_535' title='bbox 1195 5483 1288 5551; x_wconf 82' lang='lat' dir='ltr'>aeti-</span> <span class='ocrx_word' id='word_1_536' title='bbox 1336 5478 1478 5563; x_wconf 80' lang='lat' dir='ltr'>tisberi,</span> <span class='ocrx_word' id='word_1_537' title='bbox 1504 5502 1578 5549; x_wconf 90' lang='lat' dir='ltr'>non</span> <span class='ocrx_word' id='word_1_538' title='bbox 1606 5478 1788 5551; x_wconf 81' lang='lat' dir='ltr'>iustificari</span> <span class='ocrx_word' id='word_1_539' title='bbox 1812 5476 1976 5549; x_wconf 85' lang='lat' dir='ltr'>homines</span> <span class='ocrx_word' id='word_1_540' title='bbox 1999 5500 2116 5549; x_wconf 86' lang='lat' dir='ltr'>ruram</span> <span class='ocrx_word' id='word_1_541' title='bbox 2139 5476 2215 5548; x_wconf 84' lang='lat' dir='ltr'>Deo</span> <span class='ocrx_word' id='word_1_542' title='bbox 2242 5502 2324 5567; x_wconf 90' lang='lat' dir='ltr'>pro-</span> 
     </span>
     <span class='ocr_line' id='line_1_46' title="bbox 331 5576 2323 5677; baseline 0 -28"><span class='ocrx_word' id='word_1_543' title='bbox 331 5583 411 5669; x_wconf 84' lang='lat' dir='ltr'>pient</span> <span class='ocrx_word' id='word_1_544' title='bbox 429 5588 523 5657; x_wconf 89' lang='lat' dir='ltr'>illam</span> <span class='ocrx_word' id='word_1_545' title='bbox 546 5586 756 5677; x_wconf 81' lang='lat' dir='ltr'>promissam</span> <span class='ocrx_word' id='word_1_546' title='bbox 780 5586 969 5655; x_wconf 82' lang='lat' dir='ltr'>iustitiam.</span> <span class='ocrx_word' id='word_1_547' title='bbox 1019 5584 1288 5659; x_wconf 76' lang='lat' dir='ltr'>consummatio</span> <span class='ocrx_word' id='word_1_548' title='bbox 1337 5596 1416 5673; x_wconf 90' lang='lat' dir='ltr'>pter</span> <span class='ocrx_word' id='word_1_549' title='bbox 1443 5583 1537 5650; x_wconf 91' lang='lat' dir='ltr'>bona</span> <span class='ocrx_word' id='word_1_550' title='bbox 1577 5602 1705 5672; x_wconf 87' lang='lat' dir='ltr'>opera,</span> <span class='ocrx_word' id='word_1_551' title='bbox 1747 5583 1809 5653; x_wconf 88' lang='lat' dir='ltr'>sed</span> <span class='ocrx_word' id='word_1_552' title='bbox 1843 5581 1911 5651; x_wconf 84' lang='lat' dir='ltr'>fide</span> <span class='ocrx_word' id='word_1_553' title='bbox 1935 5596 2095 5671; x_wconf 88' lang='lat' dir='ltr'>-propter</span> <span class='ocrx_word' id='word_1_554' title='bbox 2127 5576 2323 5651; x_wconf 83' lang='lat' dir='ltr'>Christum.</span> 
     </span>
     <span class='ocr_line' id='line_1_47' title="bbox 333 5681 2324 5776; baseline 0.001 -29"><span class='ocrx_word' id='word_1_555' title='bbox 333 5684 527 5772; x_wconf 72' lang='lat' dir='ltr'>abbreviata,</span> <span class='ocrx_word' id='word_1_556' title='bbox 552 5690 677 5771; x_wconf 89' lang='lat' dir='ltr'>idest,</span> <span class='ocrx_word' id='word_1_557' title='bbox 696 5698 793 5755; x_wconf 82' lang='lat' dir='ltr'>certo</span> <span class='ocrx_word' id='word_1_558' title='bbox 809 5686 992 5776; x_wconf 80' lang='lat' dir='ltr'>praefinita</span> <span class='ocrx_word' id='word_1_559' title='bbox 1008 5709 1070 5759; x_wconf 81' lang='lat' dir='ltr'>teu</span> <span class='ocrx_word' id='word_1_560' title='bbox 1085 5686 1287 5760; x_wconf 78' lang='lat' dir='ltr'>oouatituta.</span> <span class='ocrx_word' id='word_1_561' title='bbox 1335 5681 1478 5755; x_wconf 85' lang='lat' dir='ltr'>Deinde</span> <span class='ocrx_word' id='word_1_562' title='bbox 1500 5684 1613 5773; x_wconf 76' lang='lat' dir='ltr'>magis</span> <span class='ocrx_word' id='word_1_563' title='bbox 1631 5683 1736 5755; x_wconf 87' lang='lat' dir='ltr'>etiam</span> <span class='ocrx_word' id='word_1_564' title='bbox 1765 5684 1939 5768; x_wconf 69' lang='lat' dir='ltr'>feserunt,</span> <span class='ocrx_word' id='word_1_565' title='bbox 1963 5684 2113 5775; x_wconf 48' lang='lat' dir='ltr'>quando*</span> <span class='ocrx_word' id='word_1_566' title='bbox 2129 5682 2246 5751; x_wconf 81' lang='lat' dir='ltr'>cultus</span> <span class='ocrx_word' id='word_1_567' title='bbox 2268 5704 2324 5751; x_wconf 90' lang='lat' dir='ltr'>re·</span> 
     </span>
     <span class='ocr_line' id='line_1_48' title="bbox 335 5779 2365 5884; baseline 0.001 -36"><span class='ocrx_word' id='word_1_568' title='bbox 335 5780 442 5858; x_wconf 74' lang='lat' dir='ltr'>Indus</span> <span class='ocrx_word' id='word_1_569' title='bbox 461 5789 585 5880; x_wconf 65' lang='lat' dir='ltr'>allegat</span> <span class='ocrx_word' id='word_1_570' title='bbox 609 5788 810 5859; x_wconf 74' lang='lat' dir='ltr'>versionem</span> <span class='ocrx_word' id='word_1_571' title='bbox 836 5785 1029 5875; x_wconf 77' lang='lat' dir='ltr'>Graecam,</span> <span class='ocrx_word' id='word_1_572' title='bbox 1050 5814 1143 5884; x_wconf 88' lang='lat' dir='ltr'>quae</span> <span class='ocrx_word' id='word_1_573' title='bbox 1167 5789 1288 5859; x_wconf 84' lang='lat' dir='ltr'>minus</span> <span class='ocrx_word' id='word_1_574' title='bbox 1335 5782 1626 5879; x_wconf 87' lang='lat' dir='ltr'>prehenduntur,</span> <span class='ocrx_word' id='word_1_575' title='bbox 1652 5800 1693 5858; x_wconf 89' lang='lat' dir='ltr'>ut</span> <span class='ocrx_word' id='word_1_576' title='bbox 1707 5782 1856 5871; x_wconf 75' lang='lat' dir='ltr'>Missae,</span> <span class='ocrx_word' id='word_1_577' title='bbox 1878 5779 2116 5855; x_wconf 84' lang='lat' dir='ltr'>Monarhatus</span> <span class='ocrx_word' id='word_1_578' title='bbox 2132 5795 2166 5853; x_wconf 89' lang='lat' dir='ltr'>et</span> <span class='ocrx_word' id='word_1_579' title='bbox 2182 5782 2324 5857; x_wconf 79' lang='lat' dir='ltr'>similia.</span> <span class='ocrx_word' id='word_1_580' title='bbox 2356 5798 2365 5820; x_wconf 61' lang='lat'><em>³</em></span> 
     </span>
     <span class='ocr_line' id='line_1_49' title="bbox 336 5881 2323 5981; baseline -0.001 -22"><span class='ocrx_word' id='word_1_581' title='bbox 336 5891 487 5981; x_wconf 77' lang='lat' dir='ltr'>perspiem</span> <span class='ocrx_word' id='word_1_582' title='bbox 502 5908 572 5977; x_wconf 84' lang='lat' dir='ltr'>eat,</span> <span class='ocrx_word' id='word_1_583' title='bbox 594 5894 656 5965; x_wconf 84' lang='lat' dir='ltr'>aed</span> <span class='ocrx_word' id='word_1_584' title='bbox 673 5904 793 5964; x_wconf 86' lang='lat' dir='ltr'>tamen</span> <span class='ocrx_word' id='word_1_585' title='bbox 805 5892 954 5963; x_wconf 86' lang='lat' dir='ltr'>eandem</span> <span class='ocrx_word' id='word_1_586' title='bbox 971 5892 1186 5965; x_wconf 84' lang='lat' dir='ltr'>sententiaro</span> <span class='ocrx_word' id='word_1_587' title='bbox 1200 5900 1300 5962; x_wconf 74' lang='lat' dir='ltr'>rou-⁸</span> <span class='ocrx_word' id='word_1_588' title='bbox 1335 5887 1428 5961; x_wconf 78' lang='lat' dir='ltr'>llam</span> <span class='ocrx_word' id='word_1_589' title='bbox 1451 5883 1509 5959; x_wconf 87' lang='lat' dir='ltr'>hia</span> <span class='ocrx_word' id='word_1_590' title='bbox 1523 5888 1817 5963; x_wconf 81' lang='lat' dir='ltr'>ordinationibus</span> <span class='ocrx_word' id='word_1_591' title='bbox 1834 5886 1996 5969; x_wconf 76' lang='lat' dir='ltr'>mutatis,</span> <span class='ocrx_word' id='word_1_592' title='bbox 2029 5882 2170 5955; x_wconf 80' lang='lat' dir='ltr'>videtur</span> <span class='ocrx_word' id='word_1_593' title='bbox 2189 5881 2323 5957; x_wconf 83' lang='lat' dir='ltr'>lahela-</span> 
     </span>
    </p>
   </div>
   <div class='ocr_carea' id='block_1_3' title="bbox 0 0 2919 6948">
    <p class='ocr_par' dir='ltr' id='par_1_3' title="bbox 0 0 2919 6948">
     <span class='ocr_line' id='line_1_50' title="bbox 0 0 2919 6948; baseline 0 0"><span class='ocrx_word' id='word_1_594' title='bbox 0 0 2919 6948; x_wconf 95' lang='lat' dir='ltr'> </span> 
     </span>
    </p>
   </div>
  </div>
 </body>
</html>
