5825 6950
369 695 440 776 685
538 697 641 780 Xlll.
692 703 726 777 2.
754 699 1118 780 comessuram!
1146 699 1558 781 laurisannum
1591 699 1657 774 dl)
1685 695 1949 774 Romanos.
2000 699 2106 780 CAP.
2136 702 2199 780 lll.
2313 703 2389 780 586

367 869 510 943 ludaeos
532 873 637 944 etiarn
661 876 902 963 ceremoniae,
938 901 1021 947 nam
1051 880 1144 968 ap'ud
1175 879 1256 948 illos
1282 873 1350 948 lsae
1399 865 1544 947 tionem
1561 876 1686 958 talem,
1713 875 1751 944 iu
1778 897 1846 969 qua
1873 873 1961 944 iram
1984 869 2049 945 Del
2072 880 2242 950 adversus
2274 903 2394 971 pecea-

365 971 918 1072 qnoquehabebantmandatum
936 978 1016 1055 Dei.
1068 979 1349 1070 Quaresenten·
1398 991 1475 1051 tum
1506 978 1729 1069 agnoscimus
1755 989 1791 1049 ει
1819 999 1901 1047 vere
1934 981 2205 1070 expavescimus.
2281 981 2327 1056 Et
2352 981 2389 1056 hi

363 1081 408 1148 tia
430 1076 562 1151 Psalmi
587 1093 620 1152 et
641 1079 744 1152 Pauli
775 1083 1025 1155 ussivcrsaliter
1057 1083 1278 1176 intelligatur
1303 1084 1348 1155 de
1397 1097 1550 1156 terrores
1576 1105 1657 1152 vere
1680 1081 1771 1152 liunt
1786 1103 1882 1150 mors
1899 1096 2062 1166 aeterna,
2089 1080 2211 1171 iuliis,
2235 1087 2297 1182 qui
2314 1111 2388 1160 non

362 1180 525 1252 omnibus
539 1178 747 1257 hominibus
763 1197 797 1257 et
813 1186 858 1258 de
872 1187 1042 1257 omnibus
1064 1190 1254 1278 operibus,
1281 1211 1347 1258 nec
1395 1188 1582 1278 eriguntur
1606 1209 1668 1278 per
1682 1180 1929 1275 Evangeliom.
1978 1180 2044 1256 Est
2067 1187 2175 1276 igitur
2194 1191 2386 1264 sententia:

363 1284 564 1357 admittatur
588 1279 827 1384 synecdoche,
870 1314 961 1384 quae
983 1289 1084 1380 lingit
1109 1291 1248 1386 aliquos
1273 1312 1346 1362 esse
1393 1286 1488 1379 Lege
1510 1311 1728 1358 nonsumue
1749 1287 1968 1358 iusticoram
1988 1277 2084 1374 Deo,
2111 1313 2184 1362 non
2209 1317 2386 1364 meremur

361 1387 484 1468 iustos,
510 1401 545 1459 et
560 1391 689 1460 mereri
705 1389 945 1462 remissionem
963 1405 1184 1484 peccatorum
1202 1408 1346 1488 propter
1394 1393 1639 1463 remissionem
1666 1405 1900 1481 peccatorum.
1972 1385 2019 1462 Et
2047 1417 2128 1461 eum
2150 1397 2384 1467 conscientiae

359 1490 534 1582 propriam
549 1492 758 1584 dignitatem
777 1505 811 1565 et
827 1495 970 1588 propria
985 1519 1091 1589 opera
1107 1510 1171 1566 etc.
1207 1497 1344 1568 Diserte
1393 1495 1653 1587 perterreliont‚
1672 1516 1745 1564 uon
1757 1505 1903 1586 possunt
1920 1491 1995 1582 lege
2012 1496 2198 1583 pacificari,
2217 1520 2384 1592 quaenos

357 1607 471 1664 sutem
487 1593 605 1676 addit,
629 1619 748 1666 coram
764 1593 840 1667 Deo
859 1620 938 1668 reos
956 1621 1048 1684 esse,
1083 1600 1344 1694 quialoquitur
1391 1598 2382 1692 magismagisqoeaccusat‚etaddesperationemadigit-‚

354 1719 428 1766 uon
450 1697 496 1766 de
519 1691 679 1768 humano
702 1698 853 1785 iudicio,
893 1703 952 1771 sed
975 1703 1020 1772 de
1047 1702 1173 1772 divino
1198 1703 1341 1776 iudicio.
1391 1701 1481 1773 sicut
1507 1701 1596 1772 alibi
1628 1701 1771 1794 iuquit:
1808 1695 1857 1770 Ut
1879 1713 2057 1790 peccatum
2080 1697 2142 1772 liat
2170 1704 2383 1776 excellenter

354 1795 393 1868 ln
410 1799 476 1870 illo
493 1823 605 1890 agone
622 1825 695 1874 nou
720 1815 833 1901 potest
857 1803 1071 1876 conscientia
1088 1806 1264 1896 pacificari
1286 1807 1341 1876 ul·
1390 1829 1538 1894 peccans
1559 1819 1595 1876 et
1620 1826 1768 1888 nocens,
1801 1803 1837 1871 id
1863 1815 1940 1886 est,
1974 1802 2048 1871 illis
2071 1805 2268 1877 terroribus
2287 1808 2384 1878 occi·

351 1901 394 1972 lis
417 1903 608 1994 operibus,
647 1907 708 1976 sed
733 1905 821 1979 sciat
845 1908 1052 1979 mandatum
1078 1903 1146 1980 Dei
1172 1933 1265 1990 esse,
1300 1922 1341 1980 ut
1389 1909 1490 1982 dens.
1541 1905 1636 1978 llinc
1650 1906 1744 1976 clare
1760 1905 1939 2000 sequitur,
1963 1907 2060 1998 qood
2075 1907 2147 1978 alio
2165 1909 2276 1980 verbo
2292 1931 2384 2002 opus

350 2005 473 2076 credat
496 2007 601 2079 nobis
621 2007 756 2098 ignosci
779 2023 894 2096 certo,
920 2024 1066 2105 propter
1080 2007 1262 2086 Christum
1279 2034 1341 2104 per
1389 2011 1434 2083 sit
1450 2013 1497 2082 ad
1514 2007 1794 2082 consolationem
1810 2025 1844 2078 et
1861 2007 2157 2083 iustificationem.

347 2107 631 2181 misericordiam
656 2125 720 2186 etc.
787 2107 835 2184 Et
858 2114 1002 2205 quidem
1024 2115 1184 2205 pondera
1212 2116 1339 2186 verbo·
1948 2175 1956 2194 .
2025 2177 2065 2196 ..
2182 2179 2190 2197 .
2314 2182 2322 2208 ,

347 2236 428 2282 nrm
450 2212 674 2285 observanda
698 2227 799 2300 sunt,
825 2239 915 2310 quae
936 2211 1128 2290 hortantur
1148 2241 1272 2288 ornnes
1295 2219 1338 2288 ad
1435 2175 1549 2256 Num
1572 2202 1630 2250 Ψ
1631 2204 1653 2250 ⁰
1674 2175 1813 2278 ‘'⁶⁸9⁸“
1837 2174 1916 2271 ΙΨ
1939 2188 2089 2252 “mma
2109 2176 2186 2252 D⁶⁸
2213 2207 2337 2254 mam*

349 2315 621 2406 poeniteutiam.
680 2314 845 2388 Minatur
864 2318 959 2388 euim
982 2319 1187 2410 gravissime
1209 2319 1341 2392 securis
1761 2282 1911 2382 swam
1937 2288 1997 2356 ‘si'

354 2435 385 2488 es
410 2419 674 2514 confidentibus
706 2419 848 2513 propria
877 2421 1035 2508 iusticia,
1069 2447 1150 2494 eom
1180 2425 1248 2495 ais:
1292 2419 1342 2496 Ut
1487 2417 1603 2512 Supra
1626 2417 1710 2490 iecit
1733 2418 1869 2489 aditum
1895 2419 1938 2486 ad
1965 2417 2198 2510 principalem
2219 2422 2383 2514 proposi-

360 2543 454 2590 omoe
485 2545 527 2592 os
555 2525 751 2595 obturetur.
823 2519 931 2596 ltem:
970 2522 1017 2598 Ut
1042 2549 1124 2597 reus
1154 2530 1217 2600 liat
1246 2539 1342 2599 totos
1389 2523 1535 2595 tionem.
1595 2519 1695 2592 Dixit
1725 2521 1844 2605 enim,
1876 2543 2001 2590 omnes
2026 2517 2188 2592 homines
2208 2545 2282 2595 esse
2305 2547 2384 2596 reos

356 2625 517 2697 mondus.
1390 2626 1523 2719 peccati
1546 2639 1580 2698 et
1604 2625 1677 2694 irae
1700 2621 1787 2705 Dei,
1814 2646 1879 2693 nec
1905 2645 2044 2716 possea
2070 2639 2210 2718 peccato
2237 2627 2381 2698 liberari

1391 2755 1454 2822 per
1468 2730 1594 2820 legem.
1648 2726 1753 2798 Neine
1772 2727 1881 2817 igitur
1895 2727 2056 2821 sequitur
2072 2729 2279 2822 principalis
2298 2753 2381 2824 pro-

1392 2833 1540 2924 positio,
1566 2845 1730 2924 quaeest
1751 2823 1986 2900 stetushuius
2008 2832 2290 2915 controversiae,
2318 2833 2380 2926 qui

452 2927 654 3026 Occupatio
667 2950 733 3006 εει.
785 2935 930 3010 Poterst
945 2939 1041 3009 enim
1057 2939 1185 3012 obiici:
1211 2937 1252 3012 si
1268 2963 1341 3008 nou
1390 2938 1581 3026 diligenter
1603 2935 1846 3006 observandus
1871 2946 1942 3018 est,
1975 2946 2010 3004 et
2034 2947 2180 3026 propter
2204 2937 2381 3026 maguitu-

349 3059 475 3106 sumue
495 3037 579 3108 iusti
600 3036 697 3128 lege,
739 3041 783 3108 ad
808 3065 914 3134 quem
944 3067 1048 3112 usum
1078 3046 1161 3115 data
1184 3056 1237 3114 est
1262 3042 1344 3112 lex?
1390 3040 1511 3110 dinem
1529 3059 1667 3108 causae:
1694 3036 1852 3107 continet
1870 3037 1965 3104 enim
1982 3035 2068 3106 haec
2084 3038 2280 3129 propositio
2299 3063 2383 3130 pro·

349 3135 485 3210 Paulos
498 3145 702 3232 respondet,
726 3145 787 3212 sed
804 3144 959 3226 brevius,
984 3144 1068 3239 quis
1085 3142 1172 3218 haec
1188 3167 1339 3237 occupa·
1390 3143 1504 3234 priam
1520 3155 1553 3209 et
1569 3140 1792 3230 praecipuam
1810 3135 1996 3226 Evangelii
2011 3142 2224 3210 sementiam
2248 3143 2293 3210 de
2318 3143 2381 3211 lse-

345 3241 400 3312 tio
424 3243 519 3312 inire
542 3259 731 3334 repetetur.
799 3244 846 3316 Et
873 3242 959 3317 baec
987 3249 1172 3340 responsio
1197 3271 1342 3342 prorsus
1392 3243 1518 3316 oelicio
1533 3239 1683 3315 Christi:
1711 3257 1746 3312 ει
1761 3243 1844 3335 quia
1867 3246 1909 3310 ad
1930 3236 2025 3312 hum
2041 3255 2193 3328 statum,
2217 3245 2380 3315 velutad

342 3367 441 3414 nove
457 3347 611 3417 absurdo
626 3349 768 3419 videtur
783 3351 931 3433 mundo,
956 3349 1049 3442 Lege
1063 3366 1201 3424 tantum
1221 3364 1340 3421 osten·
1391 3361 1516 3447 caput,
1543 3347 1673 3418 deinde
1688 3345 1872 3414 reserenda
1889 3359 1993 3414 erunt
2011 3359 2229 3432 argumenta.
2267 3343 2378 3416 Porro

342 3448 385 3515 di
411 3463 615 3541 peccaturo,
648 3476 721 3521 nou
744 3452 834 3527 tolli.
908 3451 1000 3525 Nam
1022 3451 1272 3547 legusnlatores
1300 3455 1338 3523 iu
1391 3452 1430 3521 in
1454 3447 1762 3545 propositionibus
1791 3445 1951 3531 mairisne
1969 3447 2161 3541 requiritur
2186 3447 2413 3543 perspicui-⁸

346 3550 511 3642 imperiis
533 3554 652 3625 lenstst
680 3556 793 3646 leges,
828 3580 902 3626 oon
925 3571 1063 3629 tantum
1087 3573 1127 3631 ut
1150 3560 1342 3629 ostendant
1389 3568 1455 3628 sas.
1507 3552 1592 3623 ldeo
1607 3551 1740 3622 Paulus
1762 3568 1946 3633 accurate,
1974 3552 2116 3642 proprie
2139 3565 2172 3622 et
2195 3552 2381 3647 perspicue

345 3670 508 3741 peccata,
541 3660 601 3727 sed
624 3672 664 3729 ut
694 3658 833 3732 tollant.
896 3657 1029 3731 Verum
1056 3658 1118 3733 hic
1141 3663 1340 3732 monendus
1389 3658 1501 3730 tradit
1514 3656 1808 3749 propositionem.
1862 3652 1930 3725 Sed
1961 3648 2098 3747 phrasis
2124 3656 2381 3725 consideranda

341 3772 397 3826 εει
413 3758 577 3843 auditor,
603 3758 754 3830 Paulum
770 3784 914 3849 prorsus
938 3787 1014 3833 non
1038 3764 1245 3835 concionari
1269 3759 1339 3834 hoc
1389 3774 1460 3847 εει,
1486 3760 1619 3850 etipsa
1640 3762 1830 3827 verborum
1856 3760 2013 3851 pondera
2039 3759 2259 3827 observanda
2281 3770 2380 3827 sont:

343 3856 754 3933 locodeiusticiacieili
770 3869 866 3935 etde
890 3868 1044 3937 externis
1063 3867 1244 3952 moribus,
1269 3866 1339 3937 alia
1391 3861 1534 3935 laisticia
1550 3858 1638 3951 Dei,
1664 3860 1816 3946 scilicet,
1843 3884 1911 3952 qua
1932 3858 2094 3932 iustificat
2113 3882 2201 3944 nos,
2229 3854 2296 3931 lroc
2319 3872 2382 3941 εει,

347 3984 406 4029 res
427 3964 570 4054 agitur:
610 3963 804 4057 Quomodo
825 3993 944 4039 coram
966 3967 1044 4041 Deo
1075 3970 1160 4041 iusti
1195 3982 1338 4061 repute-
1389 3964 1601 4055 acceptatio,
1638 3963 1692 4032 vel
1717 3963 1875 4033 remissio
1908 3974 2129 4050 peccatorum
2164 3976 2199 4033 et
2225 3962 2380 4053 imputa·

350 4088 453 4135 sum:
488 4066 682 4158 Quomodo
705 4092 965 4163 consequamur
990 4074 1235 4143 remissionem
1259 4094 1340 4164 pec-
1389 4071 1439 4142 tio
1462 4067 1631 4139 iusticiae.
1682 4060 1817 4159 Estque
1832 4063 2021 4137 sententia:
2049 4064 2153 4137 Nunc
2178 4065 2380 4135 manifesta-

350 4180 537 4240 cetorum:
578 4170 675 4262 Quid
707 4172 759 4241 tat
781 4174 938 4246 cosnierat
959 4176 1027 4251 les.
1102 4173 1186 4247 ldeo
1207 4176 1341 4246 discer-
1389 4188 1465 4245 tum
1491 4182 1561 4254 εει,
1589 4170 1769 4263 quomodo
1791 4164 1888 4239 Deus
1910 4166 2092 4250 insiliret,
2118 4168 2298 4261 quomodo
2324 4190 2382 4235 ve-

353 4273 663 4345 aeodisoososos
682 4275 778 4365 legis.
829 4274 877 4348 Et
893 4280 1075 4371 loquimur
1091 4275 1148 4351 bie
1167 4300 1243 4350 non
1259 4291 1340 4348 tan·
1390 4278 1433 4346 lit
1450 4272 1688 4365 pronunciare
1707 4272 1816 4342 iustos
1832 4283 1865 4341 ει
1882 4270 2060 4341 rensittere
2081 4274 2238 4362 peccata,
2264 4284 2299 4339 et
2314 4290 2380 4337 nos

355 4386 430 4443 tom
451 4378 495 4447 de
517 4378 591 4467 lege
616 4378 765 4473 Moysi,
800 4383 861 4451 sed
883 4384 929 4451 de
950 4382 1026 4471 lege
1047 4382 1194 4467 morali,
1226 4381 1340 4452 indita
1390 4389 1583 4468 acceptare.
1636 4374 1907 4467 inquirentem:
1933 4370 2020 4443 Siue
2043 4374 2129 4462 lege.
2180 4368 2260 4440 Hoc
2283 4370 2383 4440 vidc-

356 4478 521 4549 omoibus
552 4474 771 4556 bominibus.
843 4480 1342 4576 marcomanorum,
1393 4480 1663 4554 turabsurdum
1682 4478 1830 4549 mundo.
1865 4474 1984 4565 Quare
2002 4470 2086 4545 haec
2106 4473 2277 4563 particula
2296 4471 2382 4541 dili-

356 4576 445 4647 alter
458 4596 509 4653 est
528 4584 718 4674 politicus,
741 4584 876 4657 scilicet
890 4586 979 4657 ioris
994 4590 1157 4659 co‘e'rcere
1180 4582 1343 4657 homines
1392 4596 1517 4677 genter
1547 4580 1804 4650 consideranda
1835 4593 1899 4652 est.
1967 4569 2137 4647 Ostendit
2165 4576 2261 4645 euim
2292 4576 2380 4667 quid

356 4682 520 4753 carnales.
589 4683 759 4781 Requiris
798 4689 893 4758 enirn
934 4687 1032 4761 Deus
1070 4685 1163 4761 banc
1200 4711 1344 4785 quoque
1394 4684 1539 4779 proprie
1563 4682 1607 4753 sit
1627 4679 1889 4771 Evangelium,
1930 4692 1965 4751 et
1990 4682 2086 4771 quod
2117 4679 2307 4747 discrimen
2338 4676 2384 4746 sit

357 4796 529 4853 externam
566 4786 767 4875 iusticiam,
811 4790 947 4862 etiamsi
984 4808 1127 4886 propter
1158 4818 1235 4863 eam
1269 4815 1344 4863 non
1393 4789 1498 4879 Legis
1521 4800 1556 4859 et
1573 4781 1773 4875 Evangelii.
1825 4782 1988 4854 Mundus
2010 4782 2104 4851 euim
2130 4776 2236 4851 habet
2259 4780 2385 4868 imagi-

358 4904 473 4958 susnns
505 4887 590 4959 iusti
618 4914 738 4960 coram
767 4890 871 4963 Deo:
910 4896 1048 4967 etiamsi
1083 4918 1158 4965 non
1190 4908 1345 4966 meretur
1394 4892 1557 4963 nationes
1579 4887 1740 4979 politicas
1766 4888 1812 4957 de
1832 4882 1996 4969 Christo,
2031 4884 2161 4975 cogitat
2184 4906 2258 4952 esse
2283 4883 2385 4971 legis-

357 4990 594 5060 resuissiouem
617 5008 849 5083 peccatorum.
922 4996 978 5069 De
1001 4993 1070 5069 hoc
1094 5020 1161 5069 usu
1187 5022 1262 5069 non
1290 4997 1344 5067 lo·
1394 4997 1545 5067 latorem
1560 4990 1767 5061 afferentem
1783 5011 1912 5059 novam
1930 4988 2061 5076 legem,
2087 4988 2272 5078 aliquanto
2288 5010 2384 5053 cessa.-

360 5092 478 5181 quitur
508 5093 546 5162 in
575 5089 641 5164 isac
668 5099 855 5172 sententia.
891 5100 991 5172 alibi
1022 5103 1067 5172 de
1092 5096 1161 5171 hoc
1190 5123 1258 5172 usu
1288 5099 1346 5169 lo·
1396 5096 1593 5167 suodiorem
1619 5118 1725 5187 quam
1744 5090 1958 5173 Mosaicam,
1981 5089 2064 5182 quia
2089 5091 2207 5157 abolet
2230 5112 2385 5157 ceremo-

359 5195 491 5283 qoitur:
518 5194 590 5267 Lex
616 5212 666 5268 est
693 5198 837 5271 iniustis
857 5204 991 5294 posita,
1017 5220 1084 5277 etc.
1136 5205 1239 5275 Alter
1259 5224 1345 5272 usus
1395 5202 1492 5285 nias,
1517 5220 1609 5293 quae
1632 5218 1705 5267 non
1729 5210 1829 5265 erant
1853 5196 2060 5263 commodae
2084 5190 2254 5260 omnibus
2272 5189 2385 5275 genti-

356 5316 427 5369 oon
450 5312 503 5371 est
526 5298 710 5389 politicus,
742 5302 803 5371 sed
826 5308 979 5393 pertinet
1001 5310 1045 5377 ad
1075 5307 1248 5377 iodicium
1274 5306 1344 5377 Dei
1395 5306 1481 5387 bos,
1517 5316 1551 5373 ει
1578 5300 1748 5393 praecipit
1774 5297 1883 5367 multa
1908 5297 1952 5365 de
1980 5292 2180 5367 dilectione.
2252 5292 2388 5359 Deinde

350 5414 383 5472 rt
404 5405 452 5471 ad
475 5402 751 5487 conscientiam,
792 5406 924 5478 scilicet
953 5432 1118 5480 accusare
1149 5422 1183 5481 et
1210 5424 1345 5501 perter-
1394 5408 1567 5496 colligunt
1590 5424 1678 5495 quas
1700 5402 1793 5490 leges
1816 5398 1994 5471 addiderit
2017 5390 2181 5467 Christus
2208 5392 2386 5475 Illosatcis,

344 5506 505 5576 sefacere
533 5503 811 5592 conscientiam,
850 5508 939 5581 sient
968 5510 1055 5581 alibi
1079 5511 1215 5607 inquit:
1248 5511 1344 5581 Acu-
1395 5523 1429 5581 et
1451 5510 1590 5595 lirsgunt
1607 5498 1733 5575 harum
1756 5502 1872 5593 legum
1894 5498 2197 5583 observationem,
2225 5492 2387 5565 homines

341 5602 428 5680 leus
457 5608 583 5678 mortis
614 5624 794 5700 peccatum
828 5624 902 5682 est:
942 5616 1102 5711 potentis
1127 5614 1259 5707 peccati
1288 5615 1344 5683 les
1394 5612 1521 5681 mereri
1548 5605 1792 5679 remissionem
1819 5619 2071 5697 peecatorum,
2111 5615 2145 5673 et
2167 5621 2240 5669 esse
2267 5597 2387 5677 iustos,

331 5728 420 5791 est,
451 5712 489 5779 id
512 5722 589 5781 est:
629 5710 701 5783 Lex
723 5713 880 5785 ostendit
903 5729 1083 5807 peccatum
1114 5732 1148 5789 et
1169 5732 1344 5809 perterre·
1393 5729 1428 5786 et
1444 5716 1743 5801 interpretantur,
1769 5708 1848 5777 sine
1867 5707 1960 5796 lege,
1988 5704 2112 5785 idest,
2137 5703 2214 5773 sine
2231 5710 2385 5766 ceremo-

330 5816 577 5889 lacitcoeda:
604 5812 1003 5905 detaliugnitioueltic
1026 5820 1200 5915 loquitor.
1259 5818 1342 5889 Non
1394 5818 1477 5891 niis.
1543 5812 1615 5885 llic
1648 5834 1749 5884 error
1780 5809 1989 5882 eximendus
2016 5818 2066 5876 est
2098 5798 2252 5870 animis:
2295 5796 2386 5917 llam

329 5918 446 5995 euim
468 5916 637 6009 ineetttgtc
660 5918 809 5989 otiosam
833 5920 1129 6014 speculationem,
1160 5922 1221 5994 sed
1243 5921 1344 6013 agni-
1392 5913 1555 5993 Christus
1579 5939 1651 5987 oon
1676 5914 1792 5994 venit,
1818 5923 1860 5983 ut
1883 5910 1995 5999 legem
2018 5904 2143 5997 l'erret,
2169 5923 2236 5971 nee
2253 5896 2388 5971 Morere

483 2787 564 2869 Per
578 2790 693 2891 legem
708 2795 804 2867 enim
819 2797 967 2895 agnitio
978 2799 1120 2900 peccati
1133 2809 1194 2872 etc.
