5825 6950
589 646 666 725 ⁸95
1198 636 1327 715 PHlL.
1351 636 1472 718 Milia
1494 635 1707 717 SCRIPTA
1731 636 2035 721 emutatus.
2539 656 2602 735 roa

593 840 689 909 cata,
721 846 794 918 quo
821 820 866 891 ad
887 838 1038 911 poenam
1062 826 1257 898 aeternam,
1291 826 1410 885 tamen
1436 812 1588 885 sciamus
1640 838 1710 909 qua
1725 837 1875 907 persona
1888 831 2029 911 accepta
2044 830 2107 894 est.
2129 778 2233 893 -ldeo
2251 834 2287 895 et
2302 837 2421 914 postea
2434 824 2529 899 dicit:
2552 827 2603 901 Fi.

593 929 644 999 sic
674 926 779 997 etiam
804 946 844 993 ea
872 920 962 1012 tegi,
1004 941 1076 1013 quo
1101 918 1146 987 ad
1171 938 1323 1008 poenam
1355 915 1589 1008 corporalem,
1640 918 1913 1011 dasimpotatur
1930 919 2020 991 eiad
2040 921 2236 1011 iusticiam,
2257 928 2317 997 sed
2333 933 2604 1019 proptermedia.

592 1028 694 1101 insta
709 1027 822 1098 dicta:
849 1020 1099 1094 Misericordia
1109 1018 1273 1102 Domini,
1301 1019 1398 1112 quod
1412 1041 1487 1089 noo
1500 1042 1587 1089 con·
1639 1032 1781 1109 torem,
1833 1036 1869 1093 et
1894 1022 1956 1093 illa
1989 1021 2095 1112 fides,
2146 1050 2238 1121 quae
2270 1028 2401 1101 nititur
2432 1033 2605 1107 mediatore

593 1130 702 1202 sumti
720 1147 855 1201 sumus.
908 1123 995 1196 Vult
1017 1123 1114 1193 enim
1138 1122 1239 1193 Deus
1261 1122 1489 1211 superstitem
1514 1144 1588 1191 csse
1638 1138 1760 1215 petens
1802 1136 1839 1194 et
1878 1125 2056 1215 accipiens
2097 1129 2343 1203 remissionem
2391 1148 2602 1223 moestorum.

594 1230 804 1306 Ecclesiam.
856 1225 939 1300 Non
981 1222 1152 1317 imputari
1189 1234 1329 1314 peccata
1370 1222 1586 1317 intelligitur
1637 1222 1692 1299 Ac
1715 1226 1964 1299 universaliter
1984 1227 2034 1300 sic
2057 1230 2188 1303 docent
2204 1228 2419 1325 Prophetae,
2443 1232 2604 1307 Acceden-

595 1336 701 1406 etiam
718 1335 813 1423 etde
829 1328 1028 1422 praeteritis
1053 1341 1088 1399 et
1113 1327 1159 1396 de
1182 1325 1448 1417 praesentibus,
1476 1340 1511 1399 et
1535 1338 1588 1396 est
1638 1329 1725 1398 dum
1748 1350 1822 1399 csse
1839 1330 1886 1399 ad
1903 1328 2018 1401 Deum
2042 1332 2173 1405 fiducia
2193 1336 2455 1407 misericordiae
2479 1354 2605 1431 propter

595 1461 671 1508 non
694 1434 863 1525 cogitare,
898 1456 973 1502 non
996 1431 1206 1517 decernere,
1230 1430 1326 1523 quod
1352 1428 1414 1499 ille
1438 1428 1587 1498 credens
1638 1431 1891 1513 mediatorem,
1914 1431 2003 1505 sicut
2019 1432 2149 1505 Daniel
2165 1436 2302 1532 inquit:
2327 1437 2468 1510 Nonio
2485 1441 2605 1514 iustitis

594 1541 641 1611 sit
670 1535 872 1630 puniendus
905 1545 1047 1604 aeterna
1076 1554 1209 1624 poena,
1249 1554 1454 1624 quanquam
1483 1542 1586 1601 antea
1637 1545 1777 1616 nostra,
1800 1534 1917 1605 sedin
1932 1536 2172 1608 misericordia
2196 1556 2258 1612 tua
2274 1556 2418 1633 propter
2431 1538 2605 1615 Dominum

596 1640 770 1734 deliquit,
797 1651 832 1709 et
849 1632 1066 1708 adhucsunt
1087 1634 1127 1703 in
1148 1657 1191 1703 eo
1208 1634 1341 1704 sordes.
1391 1630 1514 1704 Latini
1530 1632 1585 1702 di·
1637 1637 1857 1709 exaudinos.
1908 1634 1954 1709 Et
1970 1634 2112 1708 Psalmo
2127 1640 2183 1713 6.:
2218 1640 2366 1713 Salvum
2389 1668 2448 1713 me
2465 1645 2517 1715 iac
2535 1671 2604 1737 pro·

598 1756 736 1821 serent,
762 1737 845 1809 Non
866 1739 1081 1831 exprobrare
1096 1757 1157 1821 aa,
1181 1757 1257 1805 nou
1280 1756 1444 1807 accusare
1467 1729 1587 1807 homi·
1637 1751 1718 1831 pter
1734 1737 2015 1811 misericordiam
2032 1754 2144 1817 tuam.
2193 1740 2387 1817 Bidana:
2413 1743 2605 1819 Domioatur

595 1870 677 1916 nem
709 1858 880 1936 tanquam
910 1864 1010 1911 reum
1035 1859 1171 1931 poenae
1193 1851 1368 1909 aeternae.
1430 1835 1502 1910 Sed
1526 1832 1586 1907 hic
1637 1837 1817 1913 Dominus
1839 1838 1935 1913 Deus
1955 1843 2169 1918 misericors,

595 1947 724 2019 usitata
746 1944 902 2015 obiectio
924 1941 1107 2011 recitanda
1127 1952 1196 2024 est,
1221 1962 1331 2034 qnare
1346 1937 1478 2010 Paulus
1502 1940 1586 2010 citat
1738 1940 1785 2012 Et
1809 1940 1915 2017 Rom.
1939 1942 1996 2017 5.:
2040 1944 2109 2017 Per
2135 1942 2232 2018 hone
2255 1941 2432 2021 hahemus
2452 1973 2603 2023 mmm

595 2052 731 2119 dictum
758 2048 801 2117 de
822 2043 1050 2130 remissione,
1085 2055 1119 2112 et
1141 2064 1217 2111 non
1239 2041 1403 2133 adiungit
1425 2043 1519 2114 dicta
1541 2042 1586 2112 de
1636 2044 1681 2117 ad
1695 2042 1824 2119 Deum.
1876 2044 1982 2116 ltem:
2010 2044 2124 2119 Nemo
2138 2050 2361 2141 pervenitad
2379 2068 2529 2145 patrem,
2550 2053 2603 2123 nisi

596 2150 785 2244 operibus,
806 2144 909 2218 Beati
931 2146 1054 2227 mites,
1078 2141 1180 2214 Beati
1203 2143 1460 2220 misericordes.
1510 2140 1585 2217 lle-
1636 2170 1701 2240 per
1718 2146 1844 2219 lilium.
1895 2141 1944 2219 Ει
1959 2163 2079 2220 tamen
2103 2176 2229 2223 varum
2243 2166 2314 2237 εει,
2338 2168 2381 2225 ut
2405 2156 2507 2227 toties
2527 2156 2603 2225 disi·

597 2255 775 2346 spondeo:
804 2248 901 2340 Quia
925 2270 1063 2339 semper
1081 2247 1175 2317 dicta
1194 2246 1239 2315 dc
1252 2245 1420 2319 laudibus
1436 2269 1584 2338 operum
1637 2272 1734 2334 mus,
1767 2247 1885 2320 Simul
1908 2250 1946 2318 in
1974 2247 2041 2322 hac
2070 2255 2279 2325 remissione
2310 2255 2425 2325 lilium
2448 2256 2512 2328 Dei
2537 2260 2603 2327 dare

596 2369 681 2425 suot
704 2345 956 2449 synecdochae.
1006 2346 1217 2421 Laudentur
1238 2348 1334 2418 enim
1356 2348 1395 2419 in
1415 2346 1490 2434 his,
1521 2349 1585 2441 qui
1637 2352 1743 2422 nobis
1766 2352 1810 2421 dc
1835 2351 1968 2441 spiritu
1991 2377 2076 2439 sno,
2109 2359 2268 2427 sednon
2288 2359 2545 2431 obscurandum
2563 2374 2602 2429 est

598 2471 681 2529 sum
709 2452 929 2526 reconciliati
959 2452 1047 2537 lide,
1088 2451 1186 2522 iusta
1216 2450 1331 2541 dicta,
1370 2447 1479 2523 llum.
1508 2452 1584 2524 lh:
1637 2454 1802 2525 meritum
1817 2449 1970 2537 Christi,
1997 2458 2408 2532 necabdnceodaesuot
2429 2464 2601 2532 meotesah

597 2556 718 2630 Omne
731 2559 827 2652 quod
844 2579 918 2626 non
928 2568 979 2625 est
989 2580 1031 2624 ex
1044 2554 1113 2623 lide
1129 2566 1308 2642 peccatum
1325 2566 1387 2627 est.
1411 2550 1585 2628 Roma:
1637 2551 1704 2626 bac
1733 2555 1838 2627 unica
1860 2557 2104 2634 consolatione
2134 2560 2173 2632 io
2198 2559 2399 2652 Evangelio
2426 2564 2600 2655 proposita,

596 2659 728 2751 Legem
758 2658 957 2730 stabilimus
985 2655 1068 2731 fide.
1119 2651 1378 2726 Universaliter
1403 2654 1514 2745 igitur
1545 2656 1583 2725 in
1637 2682 1730 2751 quae
1752 2656 1929 2745 affirmat,
1953 2661 2063 2752 recipi
2080 2676 2114 2733 et
2129 2662 2601 2757 placerecredentespropter

596 2763 764 2834 laudibus
787 2782 936 2851 operum
963 2760 1064 2849 prius
1085 2757 1306 2845 intelligatur
1328 2756 1413 2827 fides
1444 2757 1585 2848 praelu-
1637 2760 1887 2843 mediatorem,
1914 2761 2004 2833 sieut
2018 2786 2124 2852 supra
2141 2765 2248 2836 dixit:
2276 2764 2397 2856 Quem
2415 2770 2524 2859 pqsuit
2539 2790 2601 2857 pre

598 2887 699 2951 cens,
737 2886 827 2959 qnae
853 2862 981 2953 arripit
1003 2859 1246 2931 remissionem
1273 2871 1517 2949 pcccatorum,
1550 2873 1586 2931 ει
1636 2863 1939 2954 piciatoremfide.
1981 2863 2516 2952 ,Rertneamraotemaoveesos
2530 2868 2601 2937 mul·

598 2966 922 3039 reconciliationem
938 2964 1047 3054 gratis
1062 2976 1208 3053 propter
1222 2962 1465 3035 mediatorem.
1499 2958 1585 3033 ldeu
1636 2978 1689 3035 tas
1706 2964 1951 3037 cavillationes
1968 2961 2054 3037 haec
2068 2970 2282 3051 admonitio,
2298 2995 2382 3041 cum
2398 2971 2439 3041 in
2456 2970 2598 3041 oombulo

598 3067 686 3141 haec
704 3070 797 3140 dieta
813 3064 881 3138 hoc
900 3067 978 3136 loco
994 3088 1068 3135 non
1082 3064 1254 3149 citantur,
1269 3062 1354 3156 quia
1367 3066 1463 3135 bona
1478 3086 1585 3157 opera
1636 3067 1797 3137 iusticias
1819 3066 2003 3139 latendum
2025 3070 2090 3151 sit,
2125 3096 2198 3143 esse
2222 3067 2319 3142 bane
2342 3072 2545 3144 relationem
2558 3095 2599 3141 ac·

598 3186 796 3267 S‘quunlssr
812 3170 851 3238 ln
868 3168 1084 3248 lmlffitallb
1110 3189 1185 3235 non
1199 3166 1402 3239 iustificant.
1637 3168 1863 3260 captationis,
1908 3192 2048 3242 necesse
2072 3186 2125 3245 est
2150 3174 2305 3263 intelligi
2330 3200 2398 3247 nos
2420 3176 2542 3263 iustos,
2573 3172 2596 3240 id

700 3270 835 3344 Paulus
852 3286 968 3346 autem
992 3266 1050 3339 bic
1068 3268 1206 3361 quaerit
1226 3292 1298 3337 non
1318 3268 1500 3363 quomodo
1521 3291 1587 3358 po·
1636 3287 1707 3351 εει,
1743 3286 1902 3362 acceptos
1927 3296 2001 3344 esse
2023 3290 2169 3365 propter
2197 3278 2436 3349 mediatorem
2454 3276 2599 3349 Dentre

598 3393 671 3449 stea
694 3398 800 3466 opera
823 3372 911 3448 fiant
935 3384 996 3443 aut
1010 3373 1189 3463 placeant,
1216 3372 1278 3439 sed
1301 3370 1483 3463 quomodo
1505 3393 1587 3461 per·
1637 3370 1840 3455 hominem,
1879 3388 1914 3446 et
1937 3398 2011 3445 non
2035 3376 2191 3467 intelligi
2214 3379 2400 3451 iusticiam
2421 3394 2546 3453 tantum
2568 3378 2600 3443 de

599 3501 686 3551 sona
706 3478 891 3557 tiatiusta,
917 3476 1043 3562 idest,
1069 3487 1209 3566 accepta
1227 3468 1325 3554 Deo,
1351 3472 1587 3544 videlicetre-
1637 3476 1838 3550 divinitate.

599 3581 770 3652 missione
793 3592 1032 3670 peccatorum.
1082 3573 1166 3645 ldeo
1189 3577 1281 3646 dicta
1309 3577 1355 3645 de
1376 3574 1587 3645 remissione
1655 3607 1658 3614 ·

599 3687 708 3771 citat,
742 3704 833 3777 quae
862 3703 936 3750 non
966 3693 1051 3750 sunt
1086 3672 1326 3771 synecdoche,
1366 3675 1450 3768 quia
1480 3677 1587 3766 gratis
2392 3755 2396 3760 Δ

599 3801 744 3879 propter
759 3783 873 3855 filium
894 3783 1105 3873 recipimur,
1132 3793 1167 3852 et
1190 3773 1275 3850 haec
1300 3779 1462 3851 remissio
1485 3791 1587 3850 ante·
1855 3755 2066 3840 QWM
2098 3776 2413 3843 mmmm

599 3892 691 3960 cedit
712 3889 807 3957 bona
830 3907 951 3978 opera.
1738 3879 1881 3952 lustitia
1896 3881 2068 3973 imputata
2086 3898 2137 3955 est
2152 3899 2235 3958 ante
2260 3886 2561 3966 circumcisionem,

702 3989 876 4060 Addenda
900 3997 1007 4058 estet
1031 3979 1119 4054 haec
1141 3982 1353 4056 admonitio.
1406 3977 1588 4054 Osiander
1738 3983 1833 4074 Ergo
1868 3985 2088 4056 circumcisio
2124 4011 2199 4056 non
2228 4003 2281 4060 cst
2310 4015 2441 4076 causa,
2483 3997 2596 4080 propter

600 4090 852 4182 interpretatur
881 4084 967 4158 baec
985 4089 1109 4156 rerba:
1136 4082 1311 4178 lmpntata
1328 4099 1379 4156 est
1397 4086 1429 4154 ei
1449 4085 1588 4156 iusticia
1801 4111 1907 4179 quam
1932 4084 2116 4158 Abraham
2145 4102 2199 4160 est
2220 4088 2348 4164 iustus,

600 4190 669 4263 hoc
687 4193 812 4274 modo,
837 4191 965 4280 idest,
988 4188 1162 4259 transfusa
1180 4201 1231 4258 est
1248 4187 1285 4256 in
1303 4211 1384 4258 eum
1407 4188 1588 4257 divinitas.
1739 4186 2003 4280 Consequentia
2029 4191 2214 4263 manilesta
2244 4208 2324 4278 est,
2371 4193 2452 4286 qnia
2481 4190 2594 4258 allectos

600 4291 679 4367 Etsi
702 4309 817 4365 sertem
844 4291 1068 4362 verissimum
1092 4304 1161 4370 est,
1188 4289 1226 4358 in
1243 4289 1449 4360 remissione
1466 4313 1588 4380 peeca-
1638 4314 1712 4360 non
1734 4291 1910 4362 antecedit
1931 4315 2074 4360 casrsam
2099 4305 2269 4382 tempore.
2320 4292 2544 4366 Circumcisus
2559 4297 2594 4354 est

522 4479 525 4489 Ι
600 4411 720 4468 torum
738 4394 811 4466 lieri
831 4393 1112 4476 renovationem,
1131 4415 1210 4461 essm
1228 4392 1350 4461 audita
1365 4415 1449 4462 voce
1463 4389 1594 4461 Rern..
1637 4410 1755 4467 autem
1773 4388 1955 4463 Abraham
1971 4417 2067 4464 suno
2086 4397 2308 4467 aetatissuae
2324 4395 2408 4476 99„
2431 4401 2593 4466 comantes

600 4499 684 4589 gelii
707 4499 743 4568 in
769 4498 877 4567 corde
899 4493 1148 4588 perterreiaeto
1177 4493 1270 4562 filius
1293 4491 1360 4564 Dei
1384 4489 1477 4575 banc
1499 4517 1586 4563 con·
1638 4509 1786 4568 vocatus
1802 4507 1892 4565 esset
1909 4518 1949 4565 er
1969 4493 2092 4570 Harsa
2108 4492 2170 4569 75.
2222 4495 2317 4569 Sunt
2329 4519 2413 4588 ergo
2426 4495 2506 4566 anni
2518 4493 2593 4560 abra

1788 3619 2023 3722 Impulolum
2051 3637 2103 3701 est
2127 3625 2162 3700 ιε’
2184 3625 2224 3700 a'n
2246 3631 2455 3732 praepulio.

462 4599 470 4614 ’
600 4601 810 4672 solationem
831 4599 939 4684 dicit,
978 4595 1229 4670 Remittentur
1250 4595 1316 4665 tibi
1340 4609 1505 4688 peccata,
1538 4593 1587 4665 Et
1638 4598 1827 4670 vocatione
1848 4598 1894 4667 ad
1920 4598 2226 4671 circumcisionem
2250 4595 2312 4674 24.

601 4706 662 4774 dat
684 4702 860 4796 Spiritum
885 4715 1067 4770 sanctum:
1094 4712 1214 4768 tamen
1237 4697 1333 4768 aliud
1352 4711 1403 4768 est
1423 4697 1522 4791 loqui
1543 4697 1588 4769 de
1744 4698 1788 4769 ln
1819 4695 1887 4769 hoc
1913 4714 2123 4788 argumento
2152 4701 2359 4772 continetur
2392 4697 2539 4771 doctriua
2558 4690 2591 4756 dt

600 4803 664 4874 illa
687 4804 935 4888 renovatione,
967 4801 1064 4871 aliud
1088 4801 1133 4870 de
1154 4823 1279 4885 causa,
1314 4813 1457 4891 propter
1478 4823 1587 4894 quam
1640 4801 1750 4893 signis
1766 4825 1829 4875 seu
1850 4802 2096 4885 sacramentis,
2122 4817 2163 4874 ut
2178 4804 2306 4874 usitate
2324 4802 2548 4878 nomioaoms,
2567 4800 2590 4857 el

601 4929 752 4998 persona
768 4907 867 4997 prius
886 4904 1013 4993 accipit
1029 4903 1271 4972 remissionem
1287 4916 1531 4994 peecatorum,
1553 4915 1588 4972 et
1640 4904 1803 4975 doctrina
1823 4906 1868 4974 de
1900 4904 2006 4973 bonis
2036 4905 2214 4996 operibus.
2264 4899 2446 4976 Abraham
2472 4919 2537 4968 nou
2554 4901 2590 4960 etl

602 5009 641 5079 fit
657 5020 815 5101 accepta,
833 5030 895 5077 seu
912 5009 957 5076 de
972 5007 1077 5074 modo
1093 5029 1165 5097 quo
1180 5005 1377 5075 accedimus
1392 5007 1437 5075 ad
1455 5003 1588 5079 Deum.
1642 5006 1757 5078 iustus
1778 5020 1924 5095 prepter
1946 5026 2055 5096 opos,
2078 5006 2335 5099 quodquidam
2351 5029 2371 5074 a
2385 5003 2460 5074 Deo
2472 4995 2588 5070 mande·

705 5107 806 5184 Sicut
829 5121 946 5179 autem
967 5108 1060 5177 inira
1079 5106 1225 5192 dicituri,
1250 5104 1400 5196 Propter
1415 5105 1588 5176 obedien·
1640 5121 1824 5182 tumeret:
1848 5130 1931 5195 crgo
1950 5130 2017 5177 nec
2037 5129 2104 5184 uos
2117 5108 2339 5181 sumusiusti
2352 5115 2588 5200 propteropertr

603 5210 690 5283 tiam
711 5209 819 5282 unius
840 5209 1107 5280 constituuntur
1128 5208 1210 5278 iusti
1230 5209 1349 5277 multi:
1383 5209 1430 5278 ita
1454 5203 1513 5278 bic
1530 5209 1588 5277 io·
1642 5210 1703 5280 sad
1726 5209 1868 5302 placent
1882 5207 1957 5281 Deo
1980 5209 2074 5280 bona
2098 5233 2203 5300 opera
2222 5209 2263 5281 io
2281 5205 2356 5290 his,
2381 5207 2439 5301 qni
2459 5208 2520 5272 ian
2538 5197 2588 5264 fide

602 5314 803 5404 tellissamus
825 5311 995 5403 imputari
1018 5310 1122 5381 nobis
1149 5310 1387 5380 obedientiam
1416 5312 1590 5381 mediato·-
1643 5312 1728 5384 iusti
1752 5325 1856 5395 sunt,
1882 5311 2021 5380 etiamsi
2036 5306 2183 5410 haerent
2199 5308 2316 5385 adhue
2331 5312 2368 5380 in
2383 5309 2430 5380 eis
2452 5297 2587 5393 retiqoise

602 5415 673 5501 ris,
706 5427 978 5508 propterquam
1002 5406 1173 5482 habemus
1202 5412 1444 5482 remissionem
1468 5435 1588 5504 pecca·
1642 5414 1793 5508 peccati,
1818 5426 1859 5485 ut
1873 5413 1960 5484 alibi
1977 5413 2155 5505 copiosius
2173 5413 2318 5488 dicitur.
2544 5497 2551 5514 ι

601 5533 722 5589 torum
739 5529 774 5587 et
789 5515 1079 5606 acceptationem.
1105 5512 1190 5584 ldeo
1206 5529 1240 5584 et
1258 5510 1316 5584 hic
1330 5513 1464 5585 Paulus
1478 5515 1592 5585 citans
1744 5514 1849 5586 Norae
1869 5513 1915 5586 de
1933 5514 2171 5589 sacramentis
2192 5515 2360 5588 dicamus.
2408 5507 2524 5580 Paulus
2543 5519 2584 5612 Ψ·

601 5618 798 5690 Psalmum:
824 5613 925 5686 Beati
959 5639 1110 5708 quorum
1127 5611 1293 5686 remissae
1315 5629 1397 5686 sunt
1420 5617 1593 5709 iniquita·
1642 5617 1736 5706 signi
1754 5621 1864 5686 verbo
1886 5642 1970 5689 rasos
1991 5631 2064 5700 eas.
2096 5619 2261 5690 nominat
2283 5615 2377 5688 bunc
2395 5613 2491 5684 ritum
2508 5596 2582 5710 ⁵53¹}

602 5737 654 5792 tes
670 5735 733 5792 etc.
785 5713 956 5790 Ostendit
970 5739 1007 5786 se
1032 5717 1134 5809 loqui
1157 5718 1201 5786 de
1227 5717 1480 5808 imputatione,
1520 5741 1591 5811 qua
1642 5716 1718 5788 lum
1744 5719 1906 5790 iusticiae
1925 5720 2019 5792 fidei.
2070 5718 2142 5793 llic
2164 5721 2316 5810 primum
2333 5713 2531 5786 considerent
2542 5699 2583 5766 dr·

602 5823 707 5896 nobis
724 5835 869 5915 pmpter
885 5819 1115 5892 mediatorem
1132 5831 1270 5912 peccata
1286 5820 1534 5906 remittuntur,
1556 5835 1590 5894 et
1642 5835 1799 5907 scentes,
1841 5843 1931 5914 quae
1953 5823 2026 5893 sint
2049 5823 2177 5905 usitata
2209 5816 2390 5892 hominmn
2415 5806 2527 5884 iudicia
2551 5798 2583 5866 dt
