5825 6950
623 694 721 770 1⁰2⁷
1015 715 1020 725 ·
1180 708 1185 719 ·
1223 672 1353 756 emt.
1378 674 1497 756 MEL.
1522 674 1736 756 SCRIPTA
1759 676 2061 759 musculus.
2506 700 2567 777 tttt

625 860 809 936 ordinaris
836 853 1006 935 autoritas
1034 853 1079 925 de
1110 848 1260 940 negotiis
1287 850 1468 943 politicis,
1517 848 1639 922 sicut·
1760 854 1905 928 Tertius
1921 858 2050 947 gradus
2065 870 2118 927 est
2130 856 2288 947 rituum,
2316 861 2572 959 quinonpugoant

628 964 862 1050 dissimilibus
885 959 1024 1031 dicrum
1047 954 1168 1047 spatiis
1187 952 1336 1029 utimur.
1660 980 1742 1029 curn
1765 960 1959 1050 praeceptis
1982 958 2068 1045 llei,
2093 975 2127 1031 et
2151 976 2236 1033 sunt
2248 962 2352 1034 utiles
2366 968 2406 1035 ad
2421 968 2527 1037 bunun
2538 998 2573 1043 or-

741 1064 899 1155 Quartus
916 1061 1046 1151 gradus
1066 1068 1119 1129 est
1140 1054 1306 1126 liberatio
1322 1079 1342 1126 a
1359 1054 1612 1129 traditionibus
1660 1059 1803 1145 dinem,
1828 1075 1863 1132 et
1882 1061 1975 1131 fiunt
1990 1060 2069 1131 sine
2092 1062 2263 1153 opinione
2282 1064 2391 1136 cultus
2403 1075 2574 1145 etuecessita-

632 1166 799 1241 humanis
814 1166 853 1235 in
869 1160 1045 1246 Ecclesia,
1071 1169 1112 1231 nt
1121 1155 1253 1229 Paulus
1266 1156 1403 1253 inquit,
1429 1156 1547 1232 Culus.
1561 1160 1612 1231 2.:
1662 1163 1718 1233 tis.
1769 1160 1864 1251 Quia
1889 1161 1985 1232 enirn
2008 1177 2135 1235 natura
2157 1165 2343 1237 rationalis
2363 1168 2577 1260 intelligitordi

631 1270 745 1341 Nemo
770 1293 833 1338 vos
856 1266 988 1334 indicet
1012 1262 1050 1331 in
1070 1260 1169 1351 cibo,
1205 1274 1311 1351 potu,
1344 1260 1484 1332 vicibus
1505 1264 1613 1333 festo·
1663 1287 1765 1344 nem,
1790 1276 1825 1334 et
1849 1266 1913 1336 scit
1936 1288 2073 1350 causas,
2108 1280 2253 1357 propter
2270 1292 2354 1360 quas
2368 1273 2447 1339 ordo
2460 1278 2579 1345 amandu

633 1396 727 1446 rum.
778 1366 890 1439 ltem:
930 1363 1031 1451 Quae
1056 1377 1139 1433 sunt
1163 1362 1359 1433 secuudum
1388 1364 1553 1434 mandata
1581 1375 1617 1435 et
1664 1377 1735 1445 est,
1761 1365 1979 1457 praecipitur
1992 1381 2031 1438 nt
2046 1380 2081 1438 et
2096 1368 2134 1438 in
2150 1367 2306 1439 Ecclesia
2324 1372 2434 1441 omnis
2453 1376 2580 1447 odisset

634 1472 844 1545 traditiones
866 1463 1065 1537 hominum.
1116 1458 1164 1532 Et
1188 1487 1228 1532 cr
1253 1466 1375 1534 eodem
1402 1466 1501 1535 fonte
1530 1461 1617 1535 haec
1666 1469 1832 1538 decenter
1848 1468 1952 1551 fiant,
1978 1468 2068 1539 sicut
2088 1470 2206 1562 inquit
2222 1467 2364 1544 Paulus.
2410 1472 2531 1565 Semper
2542 1478 2581 1565 igi

635 1578 782 1647 libertas
805 1572 938 1655 oritur,
964 1590 1004 1636 ex
1021 1590 1091 1659 quo
1108 1565 1224 1636 oritur
1239 1564 1402 1636 liberatio
1420 1590 1440 1637 a
1459 1591 1617 1637 ceremo-
1665 1584 1726 1639 tur
1746 1564 1904 1641 Ecclesia
1926 1570 2034 1640 etiarn
2053 1572 2250 1661 primorum
2266 1569 2408 1643 Patrum
2424 1578 2582 1665 temporibus

637 1671 900 1748 niisMosaicis.
953 1668 1044 1738 Cum
1064 1661 1199 1737 Christi
1220 1666 1421 1739 ohedientia
1443 1670 1491 1740 sit
1511 1668 1619 1738 meri·
1668 1671 1831 1743 distinxit
1849 1672 1957 1741 festos
1977 1674 2052 1741 dies
2073 1676 2356 1745 accommodatos
2379 1670 2529 1757 historiis,
2555 1681 2582 1747 sir

638 1793 714 1850 tum
728 1771 946 1846 remissionis
961 1781 1205 1868 peccatorum,
1238 1769 1337 1839 nulla
1362 1764 1517 1842 humana
1536 1793 1619 1862 ope·
1668 1787 1703 1844 et
1735 1774 1904 1843 lectiones
1930 1787 1964 1844 et
1997 1774 2191 1845 cantilenas
2225 1777 2475 1864 distinguimus.
2525 1781 2583 1848 Dru

638 1906 698 1963 ra,
732 1902 771 1949 ac
792 1874 904 1945 multo
930 1872 1049 1941 minus
1072 1872 1308 1953 mactationes,
1325 1874 1521 1964 pecudum,
1560 1884 1621 1943 aut
1669 1875 1852 1944 mandavit
1868 1898 1996 1963 agnum
2020 1870 2219 1967 paschalem
2240 1902 2282 1947 eo
2305 1878 2381 1968 ipso
2403 1892 2534 1971 tempore
2547 1883 2585 1956 edi

639 1984 729 2053 ritus
754 1975 1051 2059 satisfactionum,
1077 1984 1138 2043 aut
1155 1972 1285 2043 ieiunia
1310 1973 1346 2043 in
1365 1968 1520 2045 Ecclesia
1544 1997 1622 2043 me·
1670 2002 1742 2069 quo
1762 1976 1800 2045 in
1824 2000 1927 2046 cruce
1947 1977 2043 2046 filius
2068 1977 2210 2048 victima
2232 1980 2374 2049 futurus
2389 1994 2464 2049 erat.
2505 1982 2584 2051 sien

640 2096 767 2155 rentur
786 2078 1028 2149 remissionem
1052 2086 1245 2165 peccatum.
1298 2072 1406 2148 ltem:
1446 2076 1541 2147 Cum
1565 2100 1623 2144 re·
1671 2072 1856 2148 historiam
1873 2079 2028 2147 futuram
2048 2080 2203 2149 futuram
2221 2084 2472 2153 accorumodata
2486 2097 2524 2152 est
2536 2098 2585 2151 ten

641 2206 752 2278 gnum
775 2177 909 2253 Christi
931 2178 978 2249 sit
1004 2177 1094 2262 vita,
1126 2175 1206 2258 lux,
1232 2176 1402 2267 sapientia
1425 2195 1461 2250 et
1486 2178 1624 2249 iusticia
1673 2181 1769 2271 poris
1793 2180 1986 2249 distinctio.

643 2301 787 2357 aeterna
809 2283 846 2351 iu
873 2280 1059 2358 cordibus,
1098 2300 1188 2369 quae
1212 2278 1374 2349 incoatur
1395 2280 1433 2348 in
1457 2275 1522 2349 hac
1553 2280 1624 2349 vita
1774 2279 1858 2351 Fuit
1881 2278 2032 2351 Athenis
2057 2281 2202 2375 quidam
2227 2284 2389 2373 petulans
2410 2280 2584 2378 hornoCme·

644 2388 849 2489 peripsum
876 2379 1075 2452 ministerio
1096 2376 1304 2471 Evangelii,
1336 2395 1370 2452 et
1390 2382 1522 2451 donato
1543 2379 1626 2473 Spi-
1676 2384 1764 2468 sias,
1800 2382 1864 2477 qui
1886 2381 2011 2453 solitus
2031 2397 2084 2454 est
2106 2386 2283 2455 contraria
2297 2386 2384 2454 festa
2399 2386 2582 2476 publicistds

643 2492 718 2563 ritu
734 2500 866 2570 sancto,
881 2508 956 2554 non
972 2496 1022 2553 est
1036 2482 1234 2552 observatio
1250 2496 1475 2553 externorum
1493 2483 1627 2553 rituum
1674 2486 1798 2565 brare,
1826 2484 1950 2577 siquis
1965 2486 2071 2555 talem
2090 2486 2323 2577 petulantiam
2338 2488 2377 2557 iu
2387 2483 2521 2557 Ecclesia
2531 2512 2581 2555 ero-

644 2589 868 2664 mactationis
891 2586 1085 2677 pecudum,
1110 2596 1170 2654 aut
1185 2584 1421 2669 ieiuniorum,
1448 2599 1508 2655 aut
1521 2582 1628 2654 vesti·
1677 2599 1786 2670 cerel,
1812 2610 2035 2679 nequaquam
2051 2603 2256 2680 sequeretur
2273 2588 2408 2659 dictum
2418 2586 2517 2659 Pauli:
2534 2583 2579 2656 On

645 2710 715 2768 tus.
768 2690 851 2761 lden
870 2686 1002 2758 Paulus
1024 2685 1159 2778 iuquit:
1185 2678 1389 2779 πολίτευμα
1410 2702 1571 2759 nostrum
1590 2685 1627 2754 in
1677 2687 1737 2757 nia
1754 2688 2216 2760 fiantordineetdecenter
2233 2691 2273 2759 in
2288 2684 2455 2764 Ecclesia.
2494 2688 2578 2759 Poura·

648 2796 755 2869 coelis
770 2806 841 2877 est,
866 2791 988 2873 idest,
1011 2809 1159 2877 regnum
1175 2782 1308 2877 Christi
1325 2808 1398 2858 non
1417 2802 1468 2857 est
1485 2801 1630 2858 externa
1677 2789 1786 2880 igitur
1808 2790 1920 2883 aliqui
1944 2790 2032 2861 tales
2054 2791 2146 2861 ritus
2165 2792 2287 2862 ordini
2307 2792 2414 2863 utiles
2436 2792 2576 2861 retineris

648 2911 683 2968 et
698 2895 885 2969 interitura
898 2891 1041 2983 politia,
1081 2890 1141 2958 sed
1165 2912 1257 2958 nova
1279 2889 1341 2961 lux
1360 2889 1544 2979 inanima
1562 2891 1629 2959 du·
1678 2906 1879 2982 temporum
1888 2892 2071 2963 distinctio
2082 2893 2376 2963 commonefactio
2385 2896 2482 2966 estde
2492 2889 2571 2960 tud

647 3013 768 3071 satura
791 2998 830 3065 in
854 3009 928 3065 tota
956 2990 1172 3063 aeternitate.
1680 2992 1750 3063 Sed
1769 3015 1906 3083 semper
1923 2994 1963 3061 in
1979 3009 2168 3084 conspectu
2186 2996 2232 3067 sit
2245 2995 2391 3085 regula,
2425 2994 2479 3065 lili
2492 2996 2566 3063 obstr
2589 2999 2591 3002 ’

749 3097 829 3169 Hoc
843 3098 941 3166 fonte
955 3092 1199 3181 considerato,
1226 3092 1356 3165 rectius
1378 3093 1530 3183 intelligi
1549 3114 1632 3183 pos-
1679 3095 1772 3165 tioni
1795 3118 2016 3187 nequaqnam
2040 3098 2241 3165 addendam
2268 3121 2346 3167 esse
2365 3088 2573 3195 opinionennl

647 3214 732 3277 sunt
745 3197 785 3270 hi
800 3201 928 3290 gradus
944 3195 1125 3266 libertatis.
1185 3191 1310 3264 Postea
1326 3218 1465 3265 necesse
1479 3209 1530 3264 est
1544 3196 1633 3263 scire
1681 3211 1737 3269 tus
1753 3209 1788 3267 et
1805 3196 2037 3281 necessitatis,
2063 3221 2129 3267 nec
2153 3198 2383 3289 cogitandum
2406 3223 2488 3279 esse,
2507 3210 2579 3288 peut

649 3302 854 3378 discrimina
877 3297 1130 3381 traditionum,
1171 3320 1261 3390 quae
1286 3297 1324 3365 in
1340 3288 1498 3367 Ecclesia
1523 3298 1633 3366 factae
1681 3322 1759 3383 eos,
1777 3296 1839 3390 qui
1855 3296 1932 3366 sine
1948 3297 2115 3368 scandalo
2132 3300 2220 3369 tales
2237 3301 2330 3370 ritus
2347 3302 2510 3371 omittunt.
2535 3290 2583 3359 lits

650 3417 736 3480 sunt
755 3397 911 3475 humana
933 3398 1138 3484 autoritate,
1162 3400 1260 3492 (non
1286 3397 1381 3468 enim
1410 3399 1482 3467 iam
1514 3395 1633 3492 loqui-
1682 3400 1842 3472 doctrina
1859 3399 2043 3472 traditura
2060 3399 2173 3471 Paulo
2190 3402 2230 3470 in
2247 3403 2364 3495 capite
2381 3399 2527 3497 sequenti.

650 3532 735 3580 rnur
758 3506 804 3577 de
829 3504 965 3594 legibus
996 3498 1167 3592 politicis,
1208 3524 1298 3594 quae
1322 3499 1365 3570 ad
1392 3500 1632 3570 defensionem

651 3606 829 3682 societatis
849 3603 1043 3696 corporalis
1062 3616 1096 3674 et
1118 3595 1302 3673 honestam
1326 3625 1447 3692 pacem
1467 3600 1506 3670 in
1520 3602 1635 3693 impe·
2040 3563 2103 3639 D‘
2122 3563 2323 3645 ”mm

651 3712 715 3786 riis
730 3714 840 3780 factae
856 3721 958 3792 sunt,
983 3706 1044 3775 sed
1067 3705 1112 3774 de
1132 3701 1261 3774 ritibus
1277 3699 1540 3797 ecclesiasticis)
1567 3698 1636 3773 ho-
1785 3701 2009 3774 Voeabulum
2033 3701 2203 3776 Scandali
2233 3707 2362 3780 dicunt
2385 3731 2453 3778 esse
2471 3729 2488 3776 a
2507 3694 2591 3784 oreb.

652 3837 734 3888 rum
757 3825 828 3882 tres
850 3821 932 3880 sunt
954 3808 1095 3896 gradus.
1685 3805 1782 3901 quod
1805 3806 1979 3894 significat
2001 3806 2180 3893 claudico,
2220 3810 2276 3878 vel
2300 3835 2321 3880 a
2347 3804 2518 3904 σκάμβον,
2543 3795 2591 3905 qul

754 3911 908 3985 Primus.
958 3906 1112 4003 Aliquae
1133 3907 1342 3980 traditiones
1372 3929 1434 4000 per
1465 3930 1539 3978 sese
1569 3929 1637 4000 pn·
1685 3920 1738 3979 est
1752 3930 1883 3989 curvo,
1907 3921 1948 3978 ut
1972 3908 2010 3975 iu
2025 3910 2215 3999 proverbio
2235 3911 2389 3984 dicitur:
2412 3903 2591 4001 σκάμβονέι·

655 4028 766 4108 gnant
788 4037 868 4084 cum
892 4011 1084 4102 praeceptis
1106 4009 1192 4096 Dei,
1217 4023 1257 4081 ut
1274 4011 1428 4079 edictum
1445 4007 1638 4082 Nabucho-
1686 4013 1754 4081 λον
1774 4002 1950 4080 οὐδέποτε
1971 4004 2095 4102 ὀρθὸν
2114 4005 2303 4109 γίνεσθαι.
2365 4005 2591 4104 significatoria

655 4123 829 4200 donosor,
858 4113 952 4207 quod
975 4112 1121 4182 iubebat
1144 4111 1286 4182 adorari
1308 4124 1471 4186 statuam.
1532 4110 1640 4181 Tales
1687 4111 1892 4180 scandalum
1909 4110 2052 4201 proprie
2070 4113 2224 4202 tigillum
2239 4114 2279 4182 in
2294 4113 2535 4188 instrumentis,
2553 4102 2591 4196 qd

655 4218 864 4294 traditiones
886 4225 970 4284 sunt
993 4213 1172 4283 invocatio
1195 4227 1438 4294 mortuorum,
1477 4212 1638 4283 adoratio
1688 4211 1754 4282 bus
1779 4211 1970 4302 capiuntur
1991 4213 2087 4303 lupi,
2113 4227 2175 4286 aut
2196 4216 2340 4305 vulpes,
2366 4230 2425 4287 sut
2443 4233 2543 4284 murts
2573 4197 2591 4270 fl

656 4335 870 4403 statuarum,
903 4314 1036 4386 Missae
1057 4312 1265 4405 papistirae,
1301 4314 1556 4385 satisfactiones
1577 4339 1639 4406 pa·
1687 4309 1888 4408 Hesychius
1905 4336 2064 4403 expresse
2077 4317 2210 4409 inquit:
2236 4311 2444 4391 σκάνδαλον
2455 4311 2491 4388 ri
2503 4313 2533 4383 tr
2544 4327 2591 4400 pst·

654 4422 810 4516 pisticae.
863 4416 971 4503 ltcm,
989 4416 1046 4486 lex
1070 4416 1113 4486 de
1130 4416 1326 4500 coelibatu,
1353 4417 1434 4510 quia
1458 4417 1535 4486 sine
1558 4441 1640 4506 pec·
1688 4439 1807 4516 yputt.
1857 4411 1906 4485 Et
1943 4419 2218 4488 commentarius
2250 4415 2491 4513 Aristophanis
2516 4407 2588 4500 ioqui·

655 4527 742 4597 catis
765 4545 840 4592 non
863 4532 978 4614 potest
998 4517 1190 4590 obseruari.
1243 4515 1297 4588 De
1313 4511 1369 4586 his
1386 4518 1640 4588 traditionibus
1690 4507 1962 4609 σκανδάληθρα
2002 4533 2087 4590 snut
2136 4542 2244 4590 curva
2284 4519 2384 4611 ligna
2417 4522 2453 4588 in
2482 4505 2591 4602 decipula

655 4625 824 4696 omnibus
855 4645 995 4693 necesse
1032 4633 1084 4691 est
1116 4633 1236 4690 tenere
1268 4619 1443 4709 regulam:
1485 4615 1642 4711 Oportet
1688 4616 1800 4690 Recte
1816 4618 1926 4706 igitur
1941 4619 2105 4690 redditur
2122 4645 2255 4691 nomen
2273 4606 2591 4696 ozdrdotomestd

654 4724 734 4800 Deo
766 4725 876 4816 magis
906 4723 1051 4794 obedire
1082 4746 1187 4816 quam
1221 4715 1440 4809 hominibus.
1492 4718 1640 4792 Necesse
1690 4718 1908 4790 tendiculae:
1956 4720 2042 4789 inde
2067 4719 2226 4792 Ecclesia
2255 4747 2390 4794 nomen
2418 4702 2591 4795 transtulittl

633 4899 638 4916 ,
656 4843 707 4901 est
722 4829 834 4920 igitur
848 4826 935 4896 tales
952 4826 1045 4914 leges
1060 4838 1093 4895 et
1109 4823 1199 4894 ritus
1214 4822 1421 4913 simpliciter
1435 4823 1587 4894 abolere.
1689 4822 1856 4901 insidias,
1884 4831 1945 4890 teu
1964 4823 2177 4909 tendiculas,
2205 4823 2373 4896 videlicet
2388 4823 2591 4916 pratadot¹1¹⁸l

758 4928 943 5002 Secundus
967 4927 1096 5018 gradus
1119 4938 1171 4997 est
1194 4923 1349 5004 rituum,
1385 4925 1448 5018 qui
1468 4925 1532 4995 etsi
1556 4939 1642 4996 sunt
1690 4935 1725 4993 et
1744 4944 1852 5014 prava
1875 4923 2051 5014 exempla,
2084 4949 2174 5020 qnae
2199 4926 2347 5019 capiunt
2369 4923 2527 5005 homines,
2549 4913 2591 4982 sid

655 5055 794 5116 rerum,
820 5053 971 5125 quarum
993 5050 1077 5098 usus
1101 5051 1164 5118 per
1186 5047 1260 5096 sese
1282 5049 1356 5097 non
1378 5039 1539 5116 pugnant
1559 5052 1639 5098 curn
1690 5023 1892 5096 tendiculae
1913 5025 2055 5096 bestias.

654 5133 851 5228 praeceptis
871 5128 958 5217 Dei,
982 5143 1102 5202 tamen
1125 5127 1324 5198 obsecratio
1348 5128 1388 5196 lit
1404 5127 1534 5219 impia,
1558 5121 1639 5199 cum
1791 5122 1930 5198 Usitate
1950 5140 2069 5198 autem
2093 5143 2128 5200 et
2149 5130 2301 5204 docendi
2332 5155 2432 5201 causa
2454 5119 2591 5198 offendent

654 5235 800 5308 additur
821 5231 946 5325 opinio
967 5231 1083 5302 cultus
1105 5243 1166 5300 aut
1186 5228 1420 5314 necessitatis,
1451 5243 1492 5300 nt
1514 5230 1641 5301 discri-
1690 5227 1952 5303 discernuntur.
2011 5225 2176 5301 Offcosio
2205 5225 2403 5324 pharisaica
2420 5229 2530 5302 dicitur
2543 5213 2591 5286 inf*

655 5361 738 5408 men
762 5335 944 5420 ciborum,
975 5333 1139 5412 vestitus,
1169 5342 1379 5420 temporum.
1431 5326 1474 5398 ln
1496 5325 1555 5400 his
1577 5355 1640 5402 nc·
1689 5329 1812 5420 gnatio
1834 5328 1872 5398 in
1890 5325 2028 5420 impiis,
2055 5333 2118 5426 qui
2140 5333 2377 5407 offenduntur
2395 5357 2469 5404 sera
2487 5321 2591 5396 doetnt'a

655 5461 749 5510 cesse
765 5450 817 5508 est
832 5450 947 5508 taxare
965 5433 1070 5504 falsas
1085 5431 1292 5523 opiniones,
1317 5444 1352 5501 et
1376 5434 1563 5502 ostendere
1576 5433 1641 5525 qui
1689 5445 1724 5502 et
1748 5430 1918 5520 exemplis
1931 5455 1950 5500 a
1964 5429 2044 5502 Deo
2059 5436 2288 5524 adprobatis,
2323 5437 2405 5529 quia
2426 5452 2511 5520 aegre
2528 5422 2591 5490 {gen

653 5541 725 5611 sint
743 5538 817 5610 reri
832 5550 867 5608 et
882 5534 1067 5606 necessarii
1083 5534 1210 5603 cultus.
1265 5527 1318 5601 Ac
1335 5555 1484 5624 prorsus
1502 5535 1639 5604 aboleri
1690 5532 1893 5602 labefactari
1915 5556 2014 5604 suam
2039 5538 2254 5622 potentiam,
2293 5552 2353 5606 aut
2378 5531 2591 5626 impedirique·

652 5654 800 5733 possunt
814 5639 881 5730 ipsi
897 5637 1006 5721 ritus,
1031 5636 1094 5727 qui
1108 5657 1181 5704 non
1198 5645 1346 5724 prosunt
1361 5635 1404 5702 ad
1423 5635 1559 5706 bouum
1578 5661 1640 5706 or·
1688 5647 1794 5703 stum.
1860 5629 1909 5703 Ut
1931 5659 2011 5703 cum
2034 5630 2217 5706 Pharisaei
2239 5639 2478 5714 offenduntur,
2510 5630 2587 5694 tarent

651 5744 792 5826 dinem,
825 5751 866 5809 ut
888 5735 989 5809 stulti
1011 5737 1100 5804 ritus
1116 5735 1332 5805 discriminis
1349 5737 1531 5824 ciborum,
1556 5763 1637 5810 cum
1690 5731 1834 5805 Christo
1852 5750 2036 5826 quaestum
2055 5738 2093 5806 in
2110 5739 2296 5832 templo,et
2307 5740 2410 5809 falsas
2422 5733 2588 5826 opinianus}

652 5845 795 5937 quidem
810 5852 845 5911 et
859 5837 1058 5910 doctrinam
1076 5839 1241 5909 obscuret
1255 5837 1469 5910 observatio.
1689 5835 1878 5909 sacrificiis.
1926 5835 1979 5908 Dc
1997 5834 2063 5910 hac
2080 5841 2277 5913 offensione
2299 5841 2428 5913 dicitur
2448 5821 2549 5908 Matth
2560 5821 2587 5886 ¹²
