5825 6950
596 688 694 771 1069
820 766 822 771 ,

593 888 670 937 esse
691 862 736 933 de
758 857 1007 931 emendatione
1028 874 1196 939 morum,
1223 864 1257 923 ct
1288 850 1521 921 conversione
1542 847 1580 917 in

594 966 663 1041 hae
684 966 775 1045 vita,
801 984 877 1033 non
893 983 966 1031 esse
989 957 1239 1049 expectandam
1257 978 1376 1023 veram
1393 951 1579 1023 resuscita·

594 1074 728 1143 tionem
748 1061 877 1136 horum
894 1084 1103 1153 corporum,
1131 1058 1169 1126 in
1190 1057 1325 1127 cineres
1345 1057 1580 1132 redactorum,

594 1174 640 1245 nd
655 1184 834 1243 aeternam
850 1167 959 1237 vitam
976 1178 1010 1235 et
1024 1160 1317 1232 consuetudinem
1334 1182 1414 1227 cum
1432 1154 1519 1225 Deo.

700 1270 797 1341 Haec
815 1269 972 1360 profecto
988 1278 1023 1335 et
1039 1277 1151 1333 errata
1169 1277 1203 1333 et
1226 1261 1311 1331 vitia
1334 1260 1432 1329 illius
1455 1256 1580 1327 Eccle-

594 1378 668 1449 siae
688 1396 755 1445 ner
771 1394 899 1463 parva,
927 1392 995 1438 nec
1013 1367 1161 1447 frivola,
1188 1365 1249 1433 sed
1270 1375 1366 1431 tanta
1390 1361 1516 1442 fuisse,
1540 1373 1581 1429 ut

595 1494 632 1549 et
646 1476 798 1548 Paulum
823 1474 1024 1563 multosque
1044 1470 1134 1539 alios
1159 1467 1237 1557 pios
1255 1460 1481 1533 vehementer
1495 1485 1581 1531 con-

596 1578 795 1658 turbarint,
830 1590 864 1645 et
887 1571 1081 1645 Ecclesiam
1107 1567 1309 1641 foedissime
1338 1564 1581 1647 deformarint,

597 1696 631 1753 et
647 1678 832 1768 Evangelii
851 1700 991 1747 cursum
1013 1698 1085 1743 non
1102 1695 1226 1762 parum
1244 1667 1492 1758 impedierint,
1516 1691 1580 1757 ap-

595 1796 698 1876 paret
711 1804 752 1849 ex
770 1780 1061 1871 responsionibus
1074 1773 1188 1852 Pauli,
1207 1784 1304 1841 tanto
1320 1770 1461 1859 spiritu,
1484 1793 1581 1837 com·

596 1886 775 1966 motione,
802 1877 1023 1951 vehementia
1044 1878 1149 1945 etiam
1176 1874 1327 1945 tarantis
1350 1884 1384 1941 et
1406 1874 1582 1941 damuan-

596 1990 663 2068 tis,
692 2000 726 2055 et
743 1985 917 2071 corrigere
932 1980 1106 2052 studentis
1122 1978 1183 2045 illa
1198 1972 1374 2047 scandala.

699 2086 739 2157 Si
758 2087 867 2174 igitur
891 2084 954 2152 illa
978 2082 1091 2173 prima
1108 2074 1281 2161 Ecclesia,
1306 2099 1396 2168 quae
1411 2071 1581 2145 Doctores

597 2186 725 2259 hebuit
742 2188 838 2276 ipsos
854 2182 1063 2278 Apostolos,
1093 2180 1295 2249 immediate
1314 2200 1334 2247 a
1349 2170 1493 2247 Christo
1517 2203 1581 2246 vo·

596 2304 711 2375 catos,
740 2302 774 2357 et
795 2288 1051 2357 miraculorum
1078 2280 1345 2351 inimitabilium
1370 2278 1581 2348 testimoniis

598 2389 848 2463 certitudinem
876 2403 911 2459 et
932 2388 1092 2457 doctrina
1115 2408 1198 2453 suae
1219 2397 1254 2452 et
1277 2381 1472 2450 vocationis
1496 2406 1580 2448 con·

597 2494 795 2574 firmantes,
823 2515 897 2559 non
916 2489 1031 2579 potuit
1055 2511 1129 2555 esse
1153 2484 1322 2553 immunis
1346 2495 1381 2552 et
1402 2482 1513 2551 libera
1536 2485 1581 2552 ab

598 2594 806 2663 enormibus
838 2607 873 2660 et
902 2591 1014 2661 foedis
1047 2585 1103 2657 his
1132 2588 1313 2656 erroribus
1341 2598 1374 2653 et
1394 2587 1579 2668 scandalis,

597 2695 825 2765 turbantibus
840 2689 936 2763 haud
954 2693 1081 2775 dubie,
1109 2703 1142 2758 et
1161 2690 1286 2756 misere
1299 2688 1581 2756 excruciantibus

597 2799 741 2887 piorum
766 2795 920 2862 animos:
947 2818 1015 2885 qua
1038 2794 1176 2874 fronte,
1215 2790 1271 2858 vel
1288 2788 1501 2858 Pontificum
1525 2813 1579 2857 as·

598 2911 810 2981 mutatores,
844 2895 900 2963 vel
925 2894 1069 2963 fanatici
1094 2912 1259 2975 errones,
1290 2892 1384 2980 apud
1406 2916 1492 2971 nos,
1518 2893 1581 2985 qui

524 3024 528 3029 ·
598 3023 681 3068 vere
697 2997 762 3069 Dei
779 2997 947 3067 beneficio
965 2995 1110 3085 gloriari
1126 3014 1321 3085 possumus,
1339 2992 1580 3083 incorruptam

598 3098 784 3189 Evangelii
805 3096 1004 3168 doctrinam
1023 3098 1060 3165 in
1079 3096 1209 3165 nostris
1230 3094 1370 3185 templis
1393 3112 1425 3167 et
1451 3090 1582 3167 scholis

599 3226 747 3286 sonare,
773 3222 941 3295 quaerere
964 3213 998 3268 et
1023 3198 1201 3289 postulare
1224 3198 1356 3266 audent
1380 3200 1486 3267 talam
1511 3197 1580 3269 Ec-

599 3304 760 3387 clesiam,
788 3325 879 3395 quae
902 3300 1007 3369 meris
1021 3312 1156 3369 constet
1173 3298 1322 3384 angelis,
1347 3295 1438 3369 nihil
1456 3297 1583 3392 habeat

599 3406 702 3490 labis,
732 3401 824 3482 nihii
840 3400 1065 3485 infirmitatis,
1088 3396 1181 3469 nihil
1196 3400 1467 3488 dissensionum,
1491 3401 1582 3476 nihil

599 3508 905 3597 disputationum,
931 3497 1028 3576 nihil
1042 3504 1147 3572 etiam
1169 3505 1332 3593 lapsuum
1349 3517 1382 3572 et
1398 3509 1584 3575 scandalo-

601 3633 682 3678 rum
700 3608 873 3690 aliorum,
898 3627 980 3674 cum
1002 3606 1113 3673 sciant
1136 3618 1296 3673 autorem
1319 3598 1446 3674 horum
1470 3609 1583 3678 malo·

600 3733 681 3779 rum
711 3709 893 3778 diabolum
928 3720 1062 3797 patrem
1089 3705 1377 3792 mendaciorum,
1418 3709 1584 3781 dissidio-

599 3835 700 3894 rum,
726 3812 899 3889 caedium‚
924 3821 958 3877 et
974 3803 1201 3877 horribilium
1218 3808 1392 3896 lapsuum,
1417 3814 1584 3882 necdum

599 3912 762 3982 funditus
790 3911 946 3980 deletum
980 3932 1072 3988 esse,
1103 3932 1169 3977 nec
1198 3909 1357 3978 dormire
1383 3925 1444 3981 aut
1473 3912 1584 3984 inter·

601 4015 798 4104 quiescere,
823 4013 882 4081 sed
900 4011 1087 4080 circumire
1105 4035 1203 4079 more
1227 4011 1398 4098 rugientis
1415 4027 1448 4083 et
1472 4016 1583 4083 fame·

603 4116 660 4183 lici
687 4115 820 4192 leonis,
855 4113 1056 4204 etquidem
1084 4113 1174 4208 circa
1197 4123 1409 4202 postremam
1435 4130 1583 4186 aetatem

601 4217 726 4284 mundi
762 4207 1142 4302 grassari‘furenuus,
1182 4215 1389 4282 sentientem
1419 4222 1584 4288 accedere

603 4335 740 4406 tempus
759 4315 903 4400 iudicii,
928 4329 963 4385 et
985 4330 1146 4385 aeternae
1166 4315 1423 4400 damnationis,
1450 4333 1483 4388 et
1499 4344 1584 4410 sup-

603 4421 703 4509 plicii
733 4417 1046 4487 inaestimabilium
1070 4432 1105 4487 et
1127 4419 1161 4484 in
1195 4417 1372 4485 infinitum
1405 4426 1582 4505 augendo-

602 4546 682 4588 rum
703 4534 961 4591 tormentorum
983 4519 1089 4608 pleni.
1125 4519 1247 4588 Sciant
1270 4520 1374 4588 etiam
1396 4515 1583 4600 hominum

567 4649 571 4659 ¹
601 4637 765 4692 naturam
790 4637 869 4712 post
893 4621 1030 4710 lapsum
1056 4621 1181 4689 misere
1203 4637 1420 4708 corruptam,
1445 4637 1480 4693 et
1503 4649 1582 4693 curn

601 4737 713 4793 aetate
728 4724 855 4812 mundi
871 4723 976 4790 etiam
995 4724 1106 4810 ipsam
1123 4723 1381 4810 languidiorem
1397 4725 1522 4793 factam
1538 4729 1580 4795 ad

601 4839 816 4906 extremum,
840 4823 980 4892 facilius
997 4847 1093 4892 nunc
1109 4849 1128 4894 a
1144 4825 1295 4894 diabolis
1312 4825 1446 4914 impelli
1462 4827 1505 4894 ad
1522 4851 1581 4896 cu-

602 4926 818 5008 riositatem,
853 4925 1106 5010 ambitionem,
1140 4926 1333 5010 invidiam,
1367 4929 1583 5020 superbiam,

596 5027 831 5116 ¹cupiditatem
864 5027 1070 5116 vindictae,
1111 5029 1218 5111 odia,
1259 5043 1294 5098 et
1324 5024 1582 5117 profanitatem,

602 5151 648 5198 ex
665 5128 794 5218 quibus
810 5127 1004 5196 adfectibus
1026 5130 1194 5198 oriuntur
1215 5131 1343 5198 deinde
1360 5155 1483 5200 omnes
1500 5133 1582 5201 iliae

601 5245 736 5322 pestes,
775 5229 905 5320 quibus
929 5224 1121 5297 Ecclesiam
1146 5231 1305 5312 turbari,
1338 5247 1372 5302 et
1396 5230 1581 5322 Evangelii

602 5353 744 5402 crassum
761 5344 796 5399 et
809 5329 996 5398 efficaciam
1012 5329 1196 5422 impediri,
1223 5347 1256 5402 et
1276 5334 1472 5403 imbecilles
1494 5334 1581 5404 alie-

600 5432 699 5515 nari,
733 5431 812 5522 pios
837 5431 942 5501 etiam
969 5445 1004 5502 ct
1025 5434 1131 5504 fortes
1157 5436 1377 5505 consternari
1400 5449 1434 5507 et
1458 5459 1582 5508 excru-

599 5535 685 5606 ciari
706 5533 920 5624 experimur·

673 5635 756 5706 Non
772 5635 1036 5726 patrocinemur
1049 5639 1241 5719 erroribus,
1266 5639 1363 5708 vitiis
1384 5654 1417 5710 et
1431 5626 1581 5710 scanda-

1264 672 1514 751 nnsrona
1545 654 1955 756 nuncupamini„

2505 687 2584 761 tom

1632 850 1873 937 gravissimam
1889 837 2023 921 Christi
2039 834 2370 936 comminationem,
2384 836 2503 925 dlatth.
2520 861 2583 933 ib:

1636 949 1708 1021 Vae
1730 946 1869 1023 homini
1891 954 1966 1039 illi,
1989 978 2053 1045 per
2068 980 2173 1049 quem
2191 956 2287 1026 venit
2307 956 2508 1025 scandalum.
2549 948 2586 1035 Εἰ

1634 1051 1735 1123 Pauli
1754 1053 1871 1129 Galat.
1886 1052 1937 1126 5.:
1965 1054 2039 1145 Qui
2059 1062 2248 1129 conturbat
2272 1083 2353 1144 vos,
2377 1059 2520 1151 portabit
2541 1063 2585 1133 iu-

1633 1156 1784 1238 dicium,
1811 1159 2016 1251 quicunque
2036 1172 2098 1231 est.
2148 1159 2220 1231 S'ed
2246 1162 2395 1231 dicimus
2410 1182 2484 1229 cum
2498 1159 2586 1235 Chri.

1633 1274 1686 1327 sto
1716 1272 1852 1329 samen:
1894 1258 2042 1331 Necesse
2074 1281 2176 1347 esse,
2200 1276 2241 1337 ut
2267 1264 2408 1335 veniant
2433 1252 2585 1354 scandala,
2628 1265 2629 1334 l

1633 1363 1728 1452 qnod
1752 1362 1791 1430 in
1807 1360 1925 1432 Lucae
1944 1361 2002 1437 17.
2027 1385 2103 1457 cap.
2126 1366 2261 1435 maiore
2286 1390 2365 1436 cnm
2388 1356 2587 1439 vehementia

1634 1463 1782 1533 dicitur:
1818 1463 2040 1555 impossibile
2065 1490 2156 1550 esse,
2188 1482 2227 1537 ut
2251 1492 2323 1537 non
2348 1469 2485 1537 veniant
2506 1489 2588 1539 acan·

1633 1566 1724 1638 dala.
1774 1562 1822 1635 Et
1837 1562 1969 1637 Paulus
1991 1568 2191 1642 illustribus
2216 1572 2417 1664 quidemst
2438 1567 2540 1650 verit,
2558 1587 2588 1645 nt

1633 1668 1847 1757 experientia
1863 1681 2027 1766 testatur,
2053 1670 2114 1739 sed
2129 1675 2323 1741 admodum
2338 1673 2492 1741 tristibus
2508 1676 2587 1741 colo·

1635 1769 1735 1839 ribus
1759 1772 1954 1860 praesentis
1975 1772 2085 1841 seculi
2110 1769 2273 1844 homines
2294 1775 2469 1865 depingit,
2492 1769 2525 1841 2.
2539 1772 2588 1842 Ὑί-

1635 1869 1742 1941 moth.
1755 1874 1791 1944 8.
1807 1896 1886 1943 cum
1897 1868 2128 1943 Timotheum
2143 1899 2248 1945 suum
2266 1891 2477 1965 praemonet:
2499 1880 2587 1947 τοῦτο

1633 1968 1822 2070 γίνωσκε,
1855 1968 1913 2045 ὅτι
1941 1973 1982 2045 ἐν
2005 1970 2175 2068 ἐσχάταις
2196 1973 2352 2071 ἡμέραις
2376 1975 2588 2071 ἐνστήσονται

1632 2072 1756 2170 καιροὶ
1765 2072 1931 2169 χαλεποί.
1967 2076 2115 2149 ἔσονται
2129 2074 2204 2175 γάρ
2220 2078 2255 2151 οἱ
2268 2079 2468 2174 ἄνθρωποι
2479 2076 2588 2175 φίλον-

1632 2204 1709 2270 τοι,
1735 2174 1979 2276 φιλάργυροι,
2005 2172 2198 2271 ἀλαζόνες,
2223 2177 2477 2279 ὑπερήφανοι,
2495 2173 2588 2275 (ildo-

1633 2306 1771 2374 φημοι,
1802 2287 1977 2379 γονεῦσιν
2001 2277 2185 2363 ἀπειθεῖς,
2221 2279 2435 2377 ἀχάριστοι,
2461 2278 2587 2364 ἀνόσιοι,

1633 2382 1833 2481 ἄστοργοι,
1856 2380 2061 2468 ἀσπονδοι,
2086 2378 2275 2477 διάβολοι,
2307 2384 2494 2481 ἀκρατεῖς,
2516 2378 2586 2475 ἀνάγ

1631 2510 1761 2578 μεροι,
1792 2479 2046 2584 ἀφιλάγαθοι,
2075 2480 2276 2580 προδόται,
2314 2490 2521 2584 προπετεῖς,
2547 2509 2588 2555 τι-
2628 2495 2629 2568 t

1631 2586 1873 2683 τοφωμένοι,
1912 2581 2133 2683 »φιλήδονοι
2175 2595 2319 2679 μᾶλλον
2366 2587 2392 2685 ἢ
2434 2583 2585 2683 φιλόθεοι,
2628 2597 2629 2648 1

1633 2690 1777 2781 ἔχοντες
1802 2685 2002 2785 μόρφωσιν
2031 2686 2245 2782 εὐσεβείας,
2283 2689 2355 2786 τὴν
2384 2688 2426 2765 δὲ
2453 2683 2584 2777 δύναμιν

1633 2790 1748 2887 αὐτῆς
1770 2790 1982 2888 ἠρνημένοι.
2031 2790 2151 2885 Loqui
2172 2810 2290 2865 antem
2315 2795 2470 2865 Paulum
2492 2794 2532 2859 dc
2551 2789 2588 2865 iit
2628 2825 2629 2874 ι

1634 2897 1696 2985 qui
1714 2896 1752 2963 in
1767 2894 1921 2965 Ecclesia
1935 2908 2038 2975 sunt,
2065 2907 2099 2964 et
2122 2917 2282 2985 expresse
2301 2892 2488 2988 complecti
2509 2889 2589 2961 simul
2628 2879 2629 2906 ¹

1634 2995 1821 3082 Doctores,
1847 3021 1946 3068 exeo
1958 2997 2183 3066 manifestum
2199 3013 2262 3083 est,
2285 3003 2388 3090 quod
2406 2999 2489 3069 dicit
2501 2996 2540 3061 de
2556 2992 2585 3057 iis

1635 3101 1774 3191 aliquos
1790 3123 1875 3183 esse,
1892 3100 1952 3190 qui
1971 3101 2129 3188 irrepant
2146 3111 2328 3188 praetextu
2344 3098 2586 3171 communicau-

1635 3202 1700 3269 dae
1716 3202 1898 3270 doctrinae
1915 3202 1953 3269 in
1974 3202 2122 3282 domos,
2147 3213 2181 3270 et
2201 3203 2356 3273 maxime
2376 3228 2414 3273 se
2436 3198 2587 3271 insinuent
2628 3181 2629 3238 l

1638 3302 1847 3373 mulieribus
1873 3304 1911 3371 in
1933 3303 2136 3396 gynaeceis,
2178 3318 2214 3373 et
2243 3304 2400 3375 aliorum
2432 3313 2587 3395 potarum

1636 3405 1821 3488 domibus,
1846 3428 1997 3498 quarum
2014 3405 2151 3474 animos
2167 3429 2248 3475 cum
2269 3422 2488 3498 occuparunt
2508 3396 2590 3469 stuwi

1636 3509 1797 3576 doctrina
1816 3509 1920 3590 falsa,
1954 3506 2159 3595 intelligunt
2182 3521 2298 3594 postea
2323 3533 2363 3578 se
2384 3512 2488 3580 etiam
2511 3499 2588 3572 faciit

1635 3609 1751 3679 studia
1768 3623 1804 3680 et
1815 3610 2056 3679 defensionem
2072 3609 2283 3682 maritorum
2296 3605 2482 3692 habituros
2494 3626 2562 3676 esse·

1740 3710 1847 3780 Tales
1877 3736 1957 3780 cum
1988 3709 2061 3780 sint
2086 3704 2251 3779 homines
2281 3705 2393 3782 huius
2426 3724 2586 3803 postremi

1638 3815 1761 3883 aetatis
1775 3814 1917 3893 mundi,
1944 3825 2074 3882 etcum
2091 3812 2192 3882 furor
2206 3813 2347 3883 diaboli
2369 3818 2413 3884 ad
2432 3825 2589 3883 extremam

1638 3916 1864 3984 acerbitatem
1879 3913 2047 4004 eruperit,
2075 3914 2206 3982 mirum
2223 3914 2339 3984 videri
2354 3917 2487 3984 nemini
2503 3909 2591 3981 debet·

1638 4017 1688 4084 ibi
1714 4016 1862 4088 existere
1877 4017 2058 4098 scandala,
2086 4016 2347 4102 dissensiones,
2381 4031 2415 4086 et
2438 4017 2502 4086 alia
2525 4021 2591 4078 tetra

1636 4119 1810 4199 facinora,
1836 4119 1897 4187 nbi
1921 4117 2042 4206 purior
2064 4113 2248 4205 Evangelii
2274 4121 2439 4188 doctrina
2458 4115 2592 4188 traditur·

1637 4243 1742 4309 quarn
1766 4220 1842 4290 odit
1858 4236 1891 4291 et
1905 4219 2094 4288 extinctam
2108 4220 2205 4308 cupit
2220 4219 2405 4304 diabolus,
2422 4239 2498 4291 cum
2510 4211 2590 4286 simi·

1637 4321 1684 4388 lia
1712 4315 1786 4401 his,
1824 4337 1884 4391 aut
1907 4336 1999 4390 certe
2023 4343 2096 4387 non
2126 4321 2241 4390 multo
2271 4321 2406 4390 leviora
2439 4315 2589 4389 extiterint
2628 4368 2629 4417 ρ

1638 4419 1891 4509 Apostolorum
1917 4422 2136 4511 temporibus
2163 4422 2200 4490 in
2226 4422 2342 4510 prima
2357 4423 2524 4500 Ecclesia,
2546 4414 2590 4482 illa

1636 4524 1830 4604 sedatiore,
1870 4539 1904 4595 et
1928 4524 2082 4592 firmiore
2107 4537 2141 4594 et
2161 4523 2337 4614 vegetiora
2354 4539 2465 4594 aetate
2479 4513 2589 4592 mnndi·

1637 4649 1727 4716 qnae
1743 4648 1965 4715 opponamus
1984 4637 2018 4693 et
2040 4624 2202 4694 fanaticis
2218 4625 2405 4712 spiritibus
2420 4615 2590 4708 Anabapti·

1636 4728 1698 4797 stis
1721 4739 1754 4794 et
1776 4725 2091 4809 Stenckfeldianis,
2121 4736 2156 4795 et
2177 4725 2320 4814 perfidis
2345 4725 2523 4818 apostatis,
2543 4713 2588 4807 qui

1637 4853 1733 4898 nunc
1749 4827 1930 4898 Pontificis
1948 4830 2054 4918 pedes
2076 4822 2292 4919 (indignatio
2311 4852 2402 4917 pene
2412 4827 2503 4894 aliud
2518 4813 2588 4890 mihi

1638 4932 1785 5021 verbnm
1804 4929 2036 5020 expresserat)
2052 4931 2275 5010 osculantur,
2299 4930 2401 5000 cuius
2419 4929 2511 5020 prins
2524 4919 2587 4992 urii·

1635 5056 1771 5098 versam
1804 5031 1997 5122 potentiam
2026 5045 2061 5101 et
2090 5031 2298 5120 dignitatem
2326 5032 2543 5118 desuggesto
2560 5022 2587 5086 in

1634 5126 1691 5200 his
1716 5133 1800 5221 ipsis
1824 5131 1990 5202 Ecclesiis
2020 5131 2161 5224 publice
2185 5136 2421 5222 damnarunt,
2459 5143 2492 5202 ct
2518 5119 2585 5194 diris

1636 5236 1867 5308 devoverunt.

1726 5333 1876 5425 Propter
1888 5329 2583 5403 hancnecessariamconsolationemcom·

1634 5437 1896 5504 mendatissima
1913 5450 1945 5504 et
1962 5436 2157 5524 gratissima
2182 5431 2250 5504 hoc
2269 5448 2428 5522 tempore
2448 5432 2510 5520 piis
2529 5441 2583 5493 esse

1634 5539 1737 5608 debet
1759 5537 1862 5608 lectio
1885 5562 1966 5606 cum
1990 5536 2266 5628 Epistololarnm
2291 5533 2393 5605 Pauli
2417 5533 2459 5602 ad
2476 5525 2581 5600 Corin·

1633 5634 1728 5709 thios
1742 5640 1962 5729 scriptarum,
1988 5654 2064 5710 tum
2078 5639 2182 5707 etiam
2199 5630 2305 5706 huius
2319 5621 2582 5704 commentarioli,

599 5739 661 5823 lis,
677 5762 829 5830 quorum
845 5737 1029 5808 autoribus
1042 5741 1170 5809 scimus
1185 5763 1291 5828 grave
1305 5741 1476 5810 iudicium
1494 5743 1579 5811 snb·
1633 5742 1694 5832 qui
1713 5742 1758 5810 de
1780 5742 1903 5811 multis
1923 5741 2082 5831 partibus
2104 5739 2284 5808 doctrinae
2303 5735 2458 5806 coelestis
2470 5725 2579 5820 gravis-

484 5921 487 5928 ,
598 5843 769 5928 eundum,
785 5837 1025 5954 et-horribiles
1039 5864 1171 5932 poenas
1183 5844 1369 5913 solvendas
1382 5865 1466 5929 esse,
1483 5846 1577 5914 iuxta
1602 5803 1609 5906 l
1631 5842 1737 5912 simas
1762 5843 2117 5914 commonefactiones
2143 5841 2319 5926 continet,
2352 5839 2389 5908 id
2412 5833 2500 5929 quod
2523 5845 2578 5895 0⁰1¹
