5825 6950
570 693 648 768 trs
1160 683 1288 764 rtttn
1312 679 1671 762 transcurrat
1697 676 2000 760 mutantes.
2082 683 2086 690 ·
2519 671 2615 769 no'

571 893 638 944 suo
650 861 790 942 theatro
805 859 982 945 tulerunt,
1004 855 1255 951 praedicantur
1268 879 1290 928 a
1304 855 1422 944 malis,
1435 878 1562 928 aman-
1613 855 1735 951 impiis
1749 855 1966 930 foederibus.
2015 853 2089 928 Nec
2104 869 2243 932 tantun
2260 857 2377 951 palam
2392 878 2583 951 grstuntun

573 988 667 1044 tura
685 967 839 1058 regibus,
855 985 1008 1058 quornm
1025 959 1185 1031 serviunt
1197 959 1465 1051 cupiditatibus.
1492 957 1564 1030 Sed
1611 963 1673 1031 sed
1703 960 1793 1030 clam
1824 972 1970 1032 struunt
1997 955 2147 1032 insidias
2178 961 2273 1032 vitae
2302 962 2442 1054 piorum
2463 966 2583 1060 princi-

572 1071 732 1144 oraudus
754 1080 807 1140 est
829 1063 945 1152 Deus,
974 1075 1016 1136 nt
1035 1056 1106 1134 hoc
1126 1083 1238 1151 genus
1265 1056 1562 1156 sycophantarum
1611 1085 1711 1155 pum.
1778 1059 1836 1134 An
1861 1052 2136 1134 existimandum
2169 1076 2221 1135 est
2245 1058 2313 1134 hos
2335 1067 2510 1138 moderate
2533 1084 2584 1142 aut

574 1173 756 1266 reprimat,
1081 1245 1085 1250 ,
1612 1165 1671 1258 pia
1695 1163 1843 1234 consilia
1864 1165 2082 1236 admissuros
2110 1165 2215 1236 case?
2251 1161 2299 1238 Et
2323 1166 2505 1260 aliquoties
2525 1170 2585 1240 iarn

677 1271 858 1345 Nicander
880 1267 952 1354 ait,
978 1284 1089 1358 genus
1111 1284 1186 1336 esse
1207 1274 1434 1356 serpentum,
1466 1261 1564 1357 quod
1614 1265 1748 1356 experti
1764 1286 1887 1338 sumus
1905 1266 2111 1361 plerosque,
2136 1267 2199 1360 qui
2215 1267 2429 1340 simularunt
2444 1273 2587 1342 modera-

575 1365 1566 1563 :tulannihilatumetanta
1615 1380 1774 1540 tata
2084 1363 2588 1564 himmelstat:

577 1582 632 1653 uis
652 1591 726 1664 est,
762 1590 805 1648 ut
822 1575 869 1647 ab
890 1573 964 1644 illis
981 1570 1053 1642 icto
1075 1572 1186 1643 sudor
1209 1582 1374 1662 erumpat
1399 1581 1567 1639 cruentus
1612 1572 1787 1642 dolerent.
1841 1571 1924 1642 Scio
1942 1596 2073 1665 paucos
2097 1575 2270 1666 quosdam
2294 1595 2369 1642 esse
2391 1575 2543 1649 saniores
2554 1577 2588 1646 in

577 1697 655 1756 1020
676 1701 844 1771 corpore,
869 1688 910 1747 ut
934 1698 978 1745 ex
997 1695 1081 1760 ore,
1112 1671 1279 1758 naribus,
1310 1669 1478 1755 auribus,
1503 1694 1564 1740 ve·
1616 1667 1773 1744 hostium
1789 1673 1968 1765 collegiis,
1993 1675 2056 1768 qui
2080 1675 2269 1766 deplorant
2293 1688 2476 1765 potentum
2492 1679 2588 1770 perti·

578 1787 649 1856 sica
674 1783 771 1871 large
788 1777 951 1871 profluat
971 1776 1135 1865 sanguis,
1161 1787 1202 1846 ut
1226 1773 1436 1863 sanguineas
1451 1771 1567 1867 lacry-
1617 1775 1775 1860 nnciam,
1800 1778 1862 1846 sed
1879 1772 2008 1847 hurum
2026 1779 2221 1846 sententiae
2237 1777 2498 1868 exploduntur,
2521 1793 2588 1850 tau·

578 1908 655 1958 mas
675 1882 837 1958 extilleut
857 1876 973 1964 oculi,
999 1889 1041 1948 nt
1058 1880 1180 1948 ardeat
1197 1875 1400 1946 incredibili
1423 1873 1568 1974 iniiam·
1617 1901 1724 1971 quam
1742 1873 1982 1949 scholasticae.
2010 1876 2107 1949 liaeo
2122 1901 2204 1949 curn
2218 1876 2267 1949 ita
2283 1876 2369 1960 sint,
2385 1880 2464 1971 piae
2478 1883 2589 1953 ruentis

577 1987 736 2058 motione
752 1997 867 2055 totum
881 2003 1021 2072 corpus.
1071 1977 1190 2052 Huius
1204 1978 1343 2065 generis
1357 1975 1470 2048 bestia
1486 1983 1576 2046 eum¹
1618 1993 1686 2064 est,
1715 1994 1748 2050 et
1764 1978 1951 2069 cogitantis
1966 1983 2013 2052 de
2032 2003 2095 2052 sna
2110 1981 2247 2062 salute,
2269 1982 2316 2051 de
2330 1980 2443 2069 gloria
2458 1977 2588 2070 Christi,

355 2115 362 2130 ·
476 2168 478 2171 ¹
579 2091 621 2160 in
635 2085 796 2182 Aegypto
818 2095 976 2154 necasset
992 2077 1208 2153 Nauclerum
1221 2077 1399 2158 Helenae,
1425 2073 1568 2148 heroica
1617 2104 1789 2180 quaerere
1810 2104 1901 2176 quae
1926 2081 1972 2154 sit
1995 2105 2079 2153 vera
2099 2079 2278 2168 Ecclesia,
2314 2094 2357 2153 ut
2382 2078 2465 2155 huic
2484 2107 2518 2154 se
2534 2087 2588 2156 ad·

580 2189 711 2262 mulier
732 2187 820 2277 pede
850 2184 950 2254 illam
972 2182 1163 2268 contrivit,
1201 2182 1354 2253 undeet
1379 2180 1565 2273 posteritas
1617 2184 1761 2273 iungat,
1785 2197 1825 2254 ut
1843 2179 1949 2254 huius
1966 2197 2086 2255 coetus
2099 2197 2136 2256 et
2158 2183 2272 2275 gregis
2288 2179 2427 2256 Christi
2452 2207 2526 2279 pars
2545 2187 2589 2276 sit,

579 2283 908 2364 Haemorrhoidum
931 2286 1071 2357 dicatur
1084 2283 1285 2356 claudicare
1305 2281 1433 2354 amissa
1451 2283 1568 2374 spina.
1618 2285 1709 2356 sicut
1727 2285 1845 2378 inquit
1859 2281 2041 2357 Christus:
2077 2284 2151 2373 Qui
2169 2311 2243 2356 nun
2260 2300 2314 2359 est
2339 2311 2495 2372 mecum,
2517 2311 2588 2358 cou-

579 2393 694 2466 Porra
707 2403 856 2462 eventus
876 2386 1051 2472 ostendit,
1074 2381 1169 2457 hanc
1190 2409 1323 2456 noram
1339 2381 1570 2474 sophisticam
1619 2400 1673 2458 tra
1698 2411 1754 2458 me
1777 2400 1842 2462 est.
1899 2386 2040 2458 Deinde
2062 2388 2148 2457 sciat
2163 2385 2362 2460 Ecclesiam
2386 2411 2586 2484 nequaquam

507 2510 516 2526 ⁸
581 2493 932 2587 interpretandarum
981 2487 1217 2561 traditionum
1265 2509 1443 2558 venenum
1495 2507 1570 2554 esse
1620 2509 1694 2558 esse
1717 2503 1888 2583 tyrannos
1910 2503 1945 2561 et
1969 2504 2211 2580 persecutores
2225 2487 2381 2576 Christi,
2407 2505 2441 2562 et
2458 2513 2521 2573 eos,
2537 2494 2586 2586 qui

579 2620 657 2670 nou
695 2591 869 2666 dissimile
907 2585 1247 2664 Haemorrhoidum.
1323 2587 1465 2658 indocti
1505 2584 1571 2658 etsi
1620 2590 1803 2662 saevitiam
1820 2589 1877 2659 vel
1891 2593 2080 2676 adiuvant,
2106 2589 2162 2660 vel
2186 2593 2432 2683 comprobant.
2483 2589 2585 2664 Deli·

580 2711 668 2772 suut
697 2695 802 2767 nobis
842 2693 983 2783 infesti,
1024 2707 1144 2765 tamen
1184 2689 1376 2782 pertinacia
1417 2702 1454 2760 et
1485 2688 1570 2760 odio
1622 2706 1804 2764 teneamus
1834 2694 1993 2782 reguum
2026 2692 2257 2764 certissimam
2293 2691 2422 2764 Pauli:
2459 2691 2495 2765 Si
2521 2695 2582 2786 quit

583 2809 756 2891 pugnant,
776 2819 851 2868 uon
874 2806 1034 2887 puguant
1057 2795 1264 2866 autoritates
1293 2793 1381 2861 istae
1395 2787 1572 2861 Haemor-
1622 2795 1719 2866 aliud
1745 2793 1979 2883 Evangelium
2001 2794 2181 2878 docuerit,
2214 2791 2406 2866 anathema
2434 2795 2489 2870 sit.
2547 2791 2585 2866 Et

580 2897 727 2973 rhoides
760 2910 907 2989 pmpter
939 2896 1124 2966 doctrinae
1156 2893 1384 2985 opinionem,
1427 2907 1572 2988 propter
1623 2917 1704 2966 cnm
1727 2895 1799 2982 ait,
1826 2891 2028 2967 Anathema
2050 2897 2115 2976 sit,
2149 2919 2224 2966 non
2242 2897 2482 2968 existimemus
2503 2917 2584 2966 usum

580 2997 815 3094 sophismata,
840 3010 876 3069 et
897 3009 938 3068 nt
959 3009 1062 3068 vocat
1078 2995 1229 3087 Paulus,
1254 3009 1400 3087 pmpter
1419 2995 1571 3087 speciem
1623 3021 1697 3068 esse
1717 2998 1788 3066 levi
1812 3013 1875 3068 aut
1900 2999 2039 3085 vulgari
2061 2998 2265 3074 maledicto.
2332 2997 2424 3071 Cum
2449 2999 2587 3068 nominat

580 3102 795 3195 sapientiae,
820 3111 905 3171 suut
927 3099 967 3168 in
980 3098 1238 3180 admiratione,
1262 3098 1413 3168 incitant
1429 3097 1569 3166 animos
1623 3096 1828 3185 anathema,
1865 3100 2039 3190 significat
2067 3096 2183 3170 Deum
2215 3124 2258 3170 ex
2280 3096 2439 3171 Ecclesia
2469 3101 2586 3170 eiecisse

580 3217 766 3298 potentum
791 3203 836 3273 ad
859 3201 1132 3294 opprimendam
1158 3201 1354 3271 veritatem.
1408 3196 1489 3268 Hoc
1510 3222 1572 3269 ve·
1624 3199 1743 3271 hostes
1766 3225 1868 3271 verae
1897 3202 2108 3286 doctrinae,
2148 3224 2280 3295 eosque
2311 3204 2494 3292 fugiendos
2517 3223 2585 3284 este,

579 3329 677 3378 nsua
703 3301 841 3376 accensi
866 3302 1061 3394 principes,
1083 3302 1244 3371 flammas
1262 3300 1339 3370 odii
1354 3300 1571 3390 concipiunt,
1623 3316 1791 3396 tanquam
1810 3303 1905 3373 diras
1921 3317 2053 3394 pestes,
2079 3327 2168 3397 quas
2183 3301 2278 3372 Deus
2293 3319 2482 3378 execratur.
2518 3302 2583 3374 Pol·

582 3411 675 3483 huut
695 3405 835 3479 cruenti
857 3417 894 3476 et
914 3405 1073 3477 furenter
1093 3406 1264 3477 crudeles.
1315 3400 1387 3472 Sed
1408 3396 1573 3475 Christus
1625 3406 1675 3475 lui
1694 3428 1730 3475 se
1747 3399 1875 3475 horum
1891 3406 2059 3476 societate
2072 3421 2107 3485 et
2119 3407 2378 3477 consuetudine
2391 3407 2473 3479 boni
2485 3405 2585 3487 sciunt,

583 3534 660 3581 nou
680 3508 775 3579 sinet
794 3504 902 3578 obrui
923 3506 1039 3577 lucem
1052 3502 1261 3595 Evatrgelii,
1289 3505 1380 3575 sicut
1401 3505 1572 3594 scripturn
1627 3522 1660 3578 et
1677 3510 1825 3579 daturos
1838 3531 1962 3596 graves
1979 3530 2110 3598 poenas
2130 3509 2308 3577 amicitiae
2331 3524 2366 3581 et
2389 3509 2584 3581 coniunctio·

582 3624 652 3683 est:
686 3608 793 3699 Quod
810 3605 1032 3691 estexlleo,
1057 3632 1132 3677 nun
1147 3606 1362 3680 abolebitur.
1411 3604 1572 3675 Proinde
1625 3612 1783 3679 niseum
1808 3611 1894 3683 illis.
1972 3608 2134 3681 Psalmus
2161 3610 2279 3704 inquit
2304 3608 2441 3683 dehoc
2466 3630 2583 3701 genere:

582 3708 763 3795 Ecclesia,
798 3710 838 3779 iu
869 3733 940 3803 qua
972 3710 1065 3779 lucet
1095 3731 1177 3779 vera
1207 3709 1387 3792 doctrina,
1427 3710 1571 3776 taudem
1627 3709 1748 3781 induit
1771 3711 2056 3781 maledictionem
2087 3712 2180 3782 sicut
2199 3712 2465 3797 vestimentum,
2493 3724 2522 3780 et
2541 3712 2585 3779 in·

585 3814 661 3886 illis
686 3807 1036 3883 Haemorrhnidihus
1058 3810 1179 3902 spinas
1202 3823 1345 3880 exteret.
1398 3806 1479 3877 Non
1506 3833 1572 3901 op·
1624 3813 1732 3885 travit
1746 3814 1837 3882 sicut
1852 3837 1942 3907 aqua
1960 3813 1998 3881 iu
2015 3813 2183 3883 interiora
2200 3814 2295 3896 eius,
2323 3830 2357 3887 et
2381 3816 2468 3884 sicut
2489 3812 2584 3881 oleum

590 3916 747 4007 primeut
768 3913 953 3984 veritatem
967 3907 1180 4003 sophisticae
1204 3913 1286 3982 illae
1310 3911 1575 4001 interpretatio·
1626 3916 1664 3983 in
1695 3937 1772 3983 ossa
1805 3915 1893 3987 eiua.
1969 3912 2087 3984 Huius
2118 3915 2381 3985 maledictionis
2409 3914 2584 4003 contagium

587 4038 670 4102 ues,
692 4028 729 4085 et
749 4028 864 4086 astuta
879 4027 914 4086 et
927 4014 1085 4085 crudelia
1099 4014 1247 4083 consilia
1266 4012 1474 4103 impiorum.
1627 4030 1728 4086 nocet
1756 4018 1922 4101 caeteris,
1955 4016 2019 4110 qui
2039 4029 2125 4086 sunt
2140 4017 2323 4088 coniuncti
2341 4042 2418 4089 cum
2437 4016 2516 4097 illis,
2538 4010 2586 4103 qui

690 4112 799 4205 Quod
817 4139 901 4185 vero
919 4114 1047 4207 passim
1068 4115 1181 4209 aliqui
1192 4116 1312 4205 cupidi
1329 4114 1408 4205 piae
1424 4135 1576 4182 concor·
1627 4132 1661 4188 et
1681 4118 1863 4187 veritatem
1884 4132 2110 4208 oppugnant,
2134 4132 2169 4188 et
2192 4135 2355 4191 exercent
2379 4116 2544 4189 saevitiam
2558 4113 2586 4179 iu

587 4220 687 4299 diae,
717 4231 901 4307 expectant
923 4215 1128 4308 pontificum
1158 4220 1332 4309 synodos,
1370 4230 1406 4285 et
1429 4230 1575 4305 sperant
1628 4220 1717 4305 pios.
1769 4216 1852 4289 Non
1881 4219 1992 4307 igitur
2021 4218 2261 4289 existimemus
2291 4244 2416 4311 parurn
2442 4214 2586 4287 momenti

588 4318 654 4393 has
673 4314 852 4389 Ecclesiae
873 4318 1109 4389 medicaturus
1133 4340 1227 4402 esse,
1257 4329 1320 4388 aut
1344 4316 1429 4388 vitia
1455 4338 1574 4386 corre·
1628 4318 1757 4390 hahere
1774 4316 1839 4388 hoc
1855 4321 2080 4389 mandatum:
2106 4320 2146 4391 st
2162 4322 2242 4413 quis
2260 4324 2357 4393 aliud
2379 4316 2586 4407 Euangeliou

568 4434 731 4511 „sturm
752 4421 858 4509 longe
878 4419 1064 4493 falluntur.
1123 4416 1315 4512 Nunquam
1337 4419 1435 4489 enim
1455 4418 1575 4512 ponti·
1626 4422 1803 4506 docuerit,
1827 4416 2015 4493 anathema
2030 4422 2088 4495 sit.
2140 4421 2221 4494 Non
2238 4421 2506 4513 suntEpiscopi,
2529 4434 2585 4484 ποῦ

589 4523 673 4593 aces
688 4536 863 4593 eteorum
887 4520 1064 4591 coniurati
1082 4544 1122 4589 ac
1137 4520 1306 4591 satellites
1319 4519 1484 4592 desinent
1501 4522 1575 4590 net-
1627 4538 1710 4593 suut
1730 4520 1908 4593 Ecclesiae
1928 4526 2106 4605 membra,
2138 4527 2199 4597 aed
2227 4520 2345 4597 hostes
2365 4520 2510 4603 Christi,
2538 4512 2585 4607 qui

593 4625 671 4695 lum
696 4644 818 4712 gerere
841 4623 1009 4692 adsersus
1023 4616 1227 4711 Christum,
1254 4623 1351 4716 quod
1374 4636 1413 4693 ut
1436 4623 1485 4694 ita
1504 4623 1577 4692 exi·
1626 4648 1707 4695 curn
1724 4624 1829 4695 iuriis
1844 4626 2038 4715 agitentur,
2065 4650 2138 4695 non
2161 4629 2205 4697 de
2224 4623 2402 4699 Ecclesiae
2422 4614 2585 4695 concordia

592 4720 749 4802 stimem,
772 4746 916 4792 moveor
931 4747 1004 4792 nun
1020 4734 1158 4793 tanturn
1174 4717 1340 4793 hus'nanis
1354 4724 1579 4807 coniecturis,
1628 4740 1661 4795 et
1688 4748 1772 4818 pace
1794 4728 1978 4817 cogitant,
2012 4729 2072 4797 sed
2106 4730 2150 4797 de
2174 4730 2364 4823 tyrannide
2389 4719 2585 4798 stabilienda

594 4842 687 4919 quse
709 4824 843 4895 multae
865 4837 902 4896 et
924 4846 998 4892 uon
1015 4823 1109 4892 leves
1126 4838 1228 4905 sunt,
1249 4826 1310 4893 sed
1326 4820 1460 4895 Christi
1477 4825 1580 4895 dictis
1629 4852 1702 4897 non
1718 4830 1860 4897 student
1878 4850 2003 4898 sanare
2019 4825 2205 4914 Ecclesiae,
2231 4833 2292 4900 sed
2307 4830 2498 4901 moliuntur
2511 4816 2584 4891 bella

596 4946 765 5009 moveor,
782 4924 913 4993 deinde
928 4924 1097 5013 exemplis
1112 4924 1275 4993 omnium
1291 4939 1457 4997 aetatum.
1490 4926 1580 5007 Nam
1628 4929 1767 5012 civilia,
1799 4930 1997 5001 vastitatem
2025 4925 2281 5015 Ecclesiamm,
2322 4927 2502 5025 parricidia
2524 4920 2586 5008 pio·

596 5020 761 5098 Christus
790 5040 895 5115 negat
926 5020 1153 5114 blasphemos
1182 5026 1324 5112 sanari,
1369 5029 1432 5122 qui
1460 5044 1581 5099 contra
1630 5056 1708 5100 rum
1725 5034 1969 5115 sacerdotum,
1994 5045 2029 5101 et
2044 5032 2183 5123 piarum
2207 5035 2406 5105 mulierum.
2452 5018 2585 5095 Pmiudt

596 5124 869 5199 conscientiam·
888 5139 1098 5217 oppugnant
1136 5128 1346 5215 veritatem,
1386 5132 1584 5201 detendunt
1632 5156 1704 5201 stou
1729 5136 1944 5221 expectanda
1971 5145 2024 5203 est
2049 5134 2095 5203 ab
2117 5134 2192 5205 illis
2215 5133 2413 5205 emendatio
2435 5120 2585 5199 Ecclesia-

531 5280 538 5290 .
595 5226 820 5299 manifestam
844 5222 1135 5319 eidolmpson's‘nr,
1170 5242 1204 5298 et
1228 5231 1369 5327 piorum
1395 5255 1523 5301 cruore
1546 5252 1601 5300 se.
1631 5257 1731 5318 rum,
1756 5237 1816 5303 sed
1842 5234 1959 5323 potius
1984 5234 2231 5323 cogitandum,
2257 5254 2296 5310 ut
2317 5229 2500 5309 sententia,
2522 5216 2584 5289 sni·
2618 5266 2620 5275 ,

597 5341 852 5417 resperserunt.
925 5325 1044 5399 Furor
1070 5326 1307 5420 blasphemias
1332 5346 1367 5401 et
1394 5331 1582 5423 parricidia
1631 5358 1690 5403 mo
1711 5349 1746 5404 et
1768 5334 1953 5405 voluntate
1973 5336 2124 5427 quisque
2146 5361 2184 5407 se
2204 5341 2250 5407 ab
2272 5340 2343 5409 illia
2358 5334 2523 5417 seiungai.
2539 5320 2582 5387 lu·

597 5424 695 5499 haud
709 5429 821 5499 dubie
834 5428 1042 5513 comitatur,
1066 5432 1158 5501 sicut
1173 5427 1342 5502 historiae
1357 5435 1464 5519 cain,
1487 5429 1584 5504 Pha·
1630 5438 1702 5525 giat
1729 5458 1852 5511 eornm
1875 5430 2174 5528 stdumpartar,
2206 5461 2280 5511 non
2307 5435 2425 5511 audiat
2447 5416 2581 5499 consiti¹

597 5528 738 5614 nonis,
768 5528 877 5613 saul,
917 5532 1042 5623 populi
1075 5534 1238 5614 Iudaici,
1277 5548 1465 5608 testantur.
1537 5534 1583 5609 Et
1630 5552 1753 5607 contra
1782 5562 1901 5606 veram
1923 5538 2144 5625 doctrinam,
2170 5562 2245 5611 non
2269 5543 2427 5616 animet,
2449 5550 2514 5599 '¹⁰¹¹
2532 5538 2581 5605 'i'

596 5628 695 5703 Deus
718 5631 877 5703 minatur
896 5634 1098 5704 eaecitatem
1119 5630 1354 5724 blasphemis,
1377 5640 1466 5708 sicut
1483 5634 1583 5707 Psal-
1632 5640 1756 5728 pmhet
1785 5640 1929 5709 illorum
1961 5640 2129 5720 consilia,
2172 5666 2247 5713 non
2278 5642 2452 5712 condrutet
2479 5636 2579 5694 mrum

597 5754 680 5802 tuus
699 5730 835 5826 iuquit:
867 5731 1118 5807 Obscurentur
1138 5737 1234 5808 oculi
1257 5760 1395 5810 eornm.
1459 5739 1583 5829 ltaque
1632 5741 1837 5828 potentiam.
1910 5738 2038 5828 Fugite
2059 5741 2287 5825 idolatriam,
2328 5738 2436 5831 iuquit
2463 5720 2579 5830 Pauluf·

598 5848 729 5925 augent
746 5832 908 5933 quotidie
919 5836 1112 5931 supplicia,
1137 5838 1300 5931 ohligant
1318 5841 1389 5912 sihi
1405 5840 1583 5935 principes
1631 5840 1726 5911 llaec
1741 5857 1926 5935 praecepta
1941 5864 2016 5923 uon
2030 5858 2114 5914 sunt
2129 5845 2221 5915 lesia
2235 5844 2403 5915 ducenda.
2435 5829 2514 5900 Vera
2528 5820 2579 5903 iii·
