5825 6950
586 674 658 747 aar
1104 722 1111 735 .
1214 662 1342 741 rats.
1370 658 1720 737 unnscatrca
1749 656 2050 737 axuuurrca,
2259 642 2281 711 Γ
2507 670 2556 749 ιιι

587 840 792 916 consolatio.
845 836 1016 911 Fatemur
1038 862 1105 908 nos
1130 835 1301 923 indignos
1324 852 1359 908 et
1383 858 1464 908 reos
1496 858 1579 915 esse,
1633 834 1705 904 snir
1732 835 1920 924 operibus,
1960 858 2025 906 nec
2057 836 2562 920 otiosissimorumque

590 964 625 1019 et
649 944 756 1036 recipi
778 956 896 1014 tamen
924 956 1066 1033 propter
1091 940 1375 1029 promissionem.
1430 936 1481 1007 lta
1504 938 1580 1009 Deo
1633 939 1773 1029 placent
1795 934 1872 1006 Deo
1894 951 2041 1029 propter
2061 962 2124 1009 sua
2146 960 2265 1029 opera.
2317 934 2564 1013 Etaddituruni·

591 1051 732 1119 laudem
773 1042 945 1114 Veritatis
979 1042 1196 1125 tribuimus,
1242 1066 1349 1135 qnam
1376 1036 1581 1134 hypocritae
1634 1039 1779 1109 versalia
1800 1040 2019 1131 propositio,
2062 1042 2207 1110 collecta
2233 1064 2276 1111 ea
2308 1042 2436 1111 dtrabus
2462 1068 2565 1135 praere·

591 1174 665 1221 non
688 1149 855 1218 tribuunt
880 1147 933 1229 ei,
975 1148 1034 1215 sed
1062 1146 1218 1231 cogitant
1242 1167 1279 1212 se
1304 1143 1454 1233 negligi,
1497 1142 1580 1236 quia
1633 1142 1819 1211 dentibus:
1847 1135 1985 1212 Omnes
2006 1138 2304 1213 hornioesiuhae
2324 1149 2566 1237 naturaedrpra-

592 1248 768 1325 nonsatis
787 1246 1179 1319 meritorumalierunt.
1234 1244 1292 1315 Τιι
1313 1246 1581 1314 veroseiarac-
1635 1244 1776 1313 vatione
1800 1246 1996 1313 secundum
2021 1257 2186 1314 naturam
2211 1246 2526 1336 suntsuhpeccato,
2544 1250 2566 1317 id

594 1354 792 1425 cedendum
810 1372 883 1421 esse
900 1352 945 1420 ad
962 1346 1076 1419 Deum
1091 1346 1219 1417 bdueia
1233 1348 1460 1432 mediatoris,
1487 1346 1583 1415 iuxta
1634 1360 1703 1428 est,
1732 1360 1814 1414 sunt
1836 1346 1885 1413 rei
1911 1346 1984 1414 irae
2008 1347 2071 1417 Dei
2098 1360 2133 1416 et
2157 1369 2292 1439 poenae
2317 1360 2479 1433 aeternae,
2498 1352 2570 1421 etita

595 1455 880 1549 promissionem.
931 1446 1082 1521 Etiamsi
1100 1448 1206 1518 allers
1232 1474 1359 1538 magna
1383 1463 1523 1541 peccata
1550 1462 1584 1521 et
1635 1448 1776 1538 captivi,
1788 1461 1832 1516 'ut
1847 1470 1920 1515 non
1939 1448 2077 1539 possint
2091 1448 2136 1516 ab
2152 1472 2192 1517 eo
2211 1448 2356 1518 liberari
2371 1451 2507 1541 propriis
2519 1476 2570 1520 ne·

594 1581 759 1648 magnam
786 1554 1071 1635 immunditiem,
1124 1550 1293 1622 exuberat
1327 1565 1445 1621 tamen
1471 1552 1582 1639 gratia
1636 1551 1732 1631 ritis,
1765 1574 1826 1619 seu
1846 1554 2096 1620 observatione
2123 1552 2219 1640 legis.
2285 1548 2515 1639 Cognoscendr
2538 1566 2570 1621 ot

596 1684 702 1752 supra
726 1658 916 1739 delictum,
949 1654 1110 1725 etrioeit
1128 1654 1231 1723 Dens
1254 1676 1376 1735 verax,
1411 1656 1472 1745 qui
1501 1676 1582 1743 pro·
1636 1652 1731 1719 enim
1757 1647 1917 1741 phrasis:
1959 1651 2321 1743 Subpositam,
2361 1666 2410 1723 est
2434 1654 2571 1745 captirnn

596 1761 714 1846 misit,
738 1768 1013 1848 serecepturum
1029 1755 1227 1845 nosgratis
1248 1775 1393 1845 propter
1412 1756 1586 1825 mediato·
1637 1752 1768 1843 peccati
1792 1775 1875 1844 esse.
1931 1751 1984 1823 Ac
2007 1755 2169 1847 loquitur
2195 1758 2239 1823 de
2261 1756 2441 1838 omnibus,
2469 1774 2572 1843 ercrptn

596 1889 684 1935 rem.
737 1860 894 1953 Utraque
912 1858 1086 1928 sententia
1101 1861 1146 1928 de
1161 1858 1381 1927 consessione
1400 1872 1435 1927 et
1460 1880 1585 1927 conso·
1636 1850 1793 1925 Domino
1817 1868 1940 1925 nostro
1967 1854 2045 1925 lesu
2069 1853 2227 1928 Christo.
2278 1852 2335 1925 De
2356 1857 2432 1925 aliis
2450 1859 2573 1925 omnibu

598 1967 732 2035 latione
760 1965 798 2033 fit
825 1962 973 2031 illustris
999 1961 1037 2028 in
1069 1958 1187 2031 verbis
1222 1960 1416 2029 doloribus.
1441 1973 1477 2029 et
1504 1980 1584 2029 vera
1638 1958 1813 2049 loquitur,
1846 1980 1887 2026 ac
1910 1959 1956 2027 de
1984 1960 2114 2029 sanctis
2139 1961 2267 2041 etiam,
2303 1972 2469 2051 quatenus
2488 1976 2573 2027 natan

599 2065 830 2160 poenitentia.
1638 2084 1760 2129 eorum
1783 2061 2045 2143 consideratur,
2070 2084 2135 2133 nec
2159 2059 2411 2150 intelliguntur
2431 2084 2488 2154 per
2505 2062 2573 2129 uia

1638 2162 1829 2234 ricordiam
1846 2162 2075 2233 reconciliati.

1740 2262 1889 2355 Semper
1908 2278 2027 2335 autem
2052 2258 2140 2333 haec
2169 2264 2378 2359 exaequatio
2410 2287 2471 2334 nos
2493 2264 2596 2333 adon.

1640 2379 1739 2445 neat,
1766 2367 1921 2437 accusari
1939 2369 2111 2458 superbos
2125 2376 2160 2435 et
2176 2366 2421 2457 perterrelieri.
2468 2360 2576 2434 Ειοιιιιι

703 2466 914 2561 Sequuntur
937 2470 1026 2539 aliae
1050 2470 1285 2565 obiectiones,
1325 2494 1476 2563 quarum
1502 2464 1588 2539 haec
1640 2492 1724 2537 vero
1750 2469 2028 2539 consolationem
2056 2468 2208 2561 proponi
2233 2468 2500 2561 perterrefactis,
2525 2468 2577 2559 qnia

601 2585 655 2643 est
686 2572 884 2643 sententia:
929 2570 1021 2642 Cum
1055 2572 1210 2641 audiunt
1237 2569 1424 2655 homiues,
1465 2586 1586 2642 nostra
1640 2570 1857 2659 conspicitur
1883 2571 2082 2660 amplitudo
2109 2570 2396 2649 misericordiae,
2429 2593 2500 2639 cnm
2518 2568 2576 2637 alit·

602 2696 710 2763 opera
735 2688 770 2743 et
793 2669 886 2742 haur
903 2672 1185 2766 qualemcunque
1205 2675 1427 2762 diligentiam
1444 2673 1589 2763 regendi
1641 2685 1712 2743 mat
1728 2667 1814 2741 haec
1831 2672 1973 2753 concio,
2001 2696 2084 2743 vere
2109 2671 2218 2763 recipi
2244 2670 2309 2743 nos
2326 2673 2453 2761 gratis,
2482 2684 2578 2761 proptr

601 2798 738 2859 mores,
763 2800 838 2843 nou
861 2775 988 2843 mereri
1006 2774 1251 2844 remissionem
1266 2792 1509 2866 peccatorum,
1527 2778 1588 2845 sed
1644 2774 1897 2859 mediatorem,
1937 2798 2142 2869 quanquam
2164 2773 2306 2864 indigni
2331 2776 2458 2859 simus,
2486 2788 2514 2843 et
2534 2770 2576 2863 pol

602 2876 711 2967 gratis
733 2877 866 2946 remitti
888 2890 1048 2966 peccata,
1080 2900 1146 2945 ner
1163 2877 1279 2947 solnm
1299 2877 1493 2967 frugalem,
1526 2881 1589 2948 sed
1641 2877 1707 2949 luti
1736 2878 1895 2966 peccatis.

601 2978 708 3051 etiam
731 2979 843 3047 filium
870 2980 1059 3067 prodigum
1081 2979 1209 3069 recipi,
1233 2979 1411 3049 obiiciunt
1426 2974 1590 3049 haecab-
1742 2976 1942 3049 Confirmat
1964 2991 2082 3049 autern
2100 2976 2384 3076 propositionem
2404 2975 2567 3047 datiana

576 3082 731 3155 ,surdam
772 3077 811 3150 si
834 3074 893 3147 hic
912 3103 1061 3167 magnus
1091 3095 1126 3149 et
1156 3081 1273 3169 gravis
1307 3082 1410 3151 lahor
1436 3082 1583 3171 regendi
1642 3080 1784 3163 moniis,
1801 3081 1837 3149 in
1857 3080 1988 3175 quihus
2005 3094 2216 3151 accusantur
2234 3103 2308 3150 nnn
2329 3094 2467 3154 tanturn
2485 3090 2571 3146 estne

602 3205 720 3253 mores
742 3205 816 3249 non
840 3197 996 3253 meretur
1010 3181 1274 3263 remisn'onern‚
1300 3184 1460 3253 laxemus
1474 3186 1591 3273 potius
1643 3182 1788 3265 delicta,
1814 3184 1998 3253 sedetiam
2022 3182 2204 3255 interiora.
2252 3178 2338 3253 Non
2355 3195 2411 3252 est
2432 3178 2576 3263 intelligat

603 3286 725 3353 frenos
739 3283 1013 3371 cupiditatibus,
1044 3286 1250 3373 praesertim
1270 3284 1299 3353 si
1323 3284 1436 3375 gloria
1451 3287 1591 3355 miseri·
1643 3308 1708 3353 nec
1731 3285 1915 3377 requirens
1931 3282 2068 3367 Deum,
2092 3286 2219 3367 idest,
2244 3284 2410 3355 cordaio
2431 3278 2491 3351 hac
2506 3277 2579 3367 prati

604 3385 747 3455 cordiae
761 3384 800 3454 fit
815 3384 998 3455 illustrior.
1053 3384 1148 3474 Quia
1167 3386 1295 3475 polluti
1315 3388 1452 3476 magnis
1470 3410 1589 3476 pecca·
1643 3398 1714 3456 tate
1730 3400 1876 3460 naturae
1900 3387 2005 3477 plena
2024 3400 2109 3457 sunt
2124 3384 2287 3476 caliginis
2311 3399 2349 3457 et
2368 3381 2581 3457 dubitationum

606 3490 652 3559 tis
674 3487 917 3578 recipiuntur,
943 3503 978 3557 ut
996 3489 1151 3558 ostendit
1172 3489 1327 3579 receptio
1350 3490 1414 3557 blii
1438 3491 1591 3578 prodigi.
1644 3491 1688 3558 de
1705 3487 1800 3569 Deo,
1837 3487 1933 3578 Quid
1952 3489 2015 3570 sit,
2040 3489 2233 3579 Quomodo
2251 3487 2339 3559 velit
2355 3485 2514 3578 agnosci?
2548 3479 2582 3546 lt

605 3587 703 3658 llaec
727 3589 872 3677 prolana
900 3588 1054 3659 obiectio
1077 3614 1149 3658 nou
1176 3606 1262 3658 tuuc
1285 3592 1401 3660 solrrm
1429 3616 1590 3682 oppone-
1644 3604 1759 3674 cstret,
1785 3588 1844 3660 An
1866 3593 2030 3660 exaudiat
2054 3589 2142 3662 cros?
2192 3587 2274 3660 Non
2291 3612 2379 3662 rere
2394 3591 2509 3662 timent
2528 3585 2584 3650 ium

605 3690 968 3761 batnrdoctrinaede
986 3688 1131 3770 Gratia,
1157 3693 1586 3783 sedomnibustempori-
1644 3707 1677 3762 et
1702 3693 1896 3772 iudicium,
1938 3709 2020 3764 sunt
2044 3693 2149 3782 plena
2172 3691 2417 3777 diffidentiae,
2457 3693 2584 3782 quacntcl

605 3797 673 3862 hus
695 3787 781 3861 haec
797 3805 1004 3882 argumenta
1026 3794 1173 3865 turbant
1194 3789 1388 3864 humanam
1405 3796 1592 3868 rationem.
1644 3796 1819 3880 praesidia
1847 3790 2001 3868 humana
2028 3795 2106 3866 sine
2127 3793 2275 3880 ordine,
2306 3815 2387 3866 sese
2412 3803 2520 3864 amant
2537 3783 2586 3876 plu

604 3891 652 3966 Bt
670 3895 867 3962 'dolendum
883 3911 955 3978 est,
970 3895 1085 3965 honos
1102 3894 1208 3964 etiam
1227 3897 1303 3965 lieri
1319 3897 1592 3987 negligentiores
1645 3922 1752 3990 quam
1772 3893 1887 3966 Deum
1913 3911 1980 3968 etc.

607 3996 646 4064 iu
670 3995 792 4083 “ipsis
811 3996 1012 4082 frenandis,
1046 4021 1129 4067 curn
1149 3998 1274 4089 opinio
1295 4000 1412 4068 meriti
1432 4003 1588 4070 detracta
1750 3996 2027 4068 lunumirabiles
2044 3993 2207 4068 homines
2223 3991 2395 4068 horribili
2413 3991 2540 4066 andacia
2554 3987 2589 4052 ln·

607 4109 659 4168 est
682 4095 736 4164 illi
758 4097 973 4185 diligentiae.
1312 4103 1318 4114 ’
1646 4103 1731 4170 dum
1750 4101 1974 4190 ingeniorum
1994 4124 2067 4170 esse
2089 4113 2234 4196 putant,
2258 4099 2408 4188 gignere
2430 4117 2502 4166 snas
2520 4107 2589 4182 quet

710 4195 802 4266 Cum
820 4213 938 4268 autem
954 4195 1020 4270 hae
1037 4200 1203 4288 profanae
1222 4200 1438 4274 abiectiones
1455 4217 1592 4271 tantum
1646 4207 1727 4272 dam
1746 4204 1933 4292 opiniones
1949 4206 1993 4270 de
2011 4201 2108 4285 Deo,
2132 4217 2173 4270 ut
2188 4201 2287 4270 aliud
2314 4201 2490 4288 lingebant
2505 4189 2590 4264 Stoici.

608 4302 680 4371 sint
694 4299 911 4380 calumniae,
935 4313 971 4370 et
985 4301 1035 4390 pii
1050 4302 1185 4384 sciant,
1209 4327 1284 4373 non
1306 4319 1491 4393 propterea
1509 4329 1593 4372 con·
1647 4305 1743 4376 aliud
1774 4303 1965 4386 idolatrae,
1992 4303 2089 4375 aliud
2112 4299 2304 4376 Haeretici.
2359 4300 2516 4390 Denique
2532 4313 2590 4360 stu

609 4402 686 4473 cedi
716 4401 897 4472 licentiam
928 4405 1116 4493 percandi,
1156 4406 1338 4497 abrumpit
1368 4406 1500 4474 Paulus
1531 4400 1595 4475 has
1649 4430 1710 4498 per
1728 4405 1814 4489 tuit,
1841 4421 1891 4473 est
1908 4423 1940 4474 et
1958 4405 2024 4474 erit
2040 4397 2225 4475 horribilis
2241 4403 2407 4474 conlusio
2424 4399 2590 4490 opinionon

609 4506 851 4594 quaestiones,
875 4507 1037 4596 opposita
1055 4506 1157 4574 brevi
1174 4523 1209 4576 at
1224 4508 1315 4577 tristi
1330 4509 1594 4597 obiurgatione:
1649 4512 1692 4577 de
1708 4507 1797 4579 Deo.
1850 4505 1924 4575 llas
1940 4508 2106 4576 tenebras
2121 4507 2159 4575 in
2177 4509 2302 4576 natnr'a
2320 4499 2505 4573 hominum
2525 4509 2591 4578 saepe

611 4605 777 4693 Quorum
792 4608 1044 4677 condemnatio
1060 4609 1152 4678 iusta
1174 4623 1243 4694 est,
1270 4611 1435 4680 videlieet
1459 4635 1596 4693 eorum,
1650 4624 1682 4679 et
1696 4609 1886 4678 iustissime
1900 4623 2040 4679 accusat
2052 4631 2120 4678 vox
2138 4602 2279 4693 divina,
2302 4605 2349 4676 de
2364 4591 2593 4700 quibnsetltttt

611 4708 673 4796 qni
703 4709 834 4778 talibus
862 4709 1048 4780 calumniis
1077 4710 1286 4782 immensam
1315 4713 1594 4782 miserirordiam
1650 4713 2036 4794 dictaconeionantur,
2070 4711 2108 4778 in
2134 4708 2411 4802 quihnsrnagna
2433 4697 2593 4802 astrache

611 4809 681 4877 Dei
705 4811 897 4880 obscurant
919 4824 983 4880 etc.
1034 4813 1130 4880 lnlra
1147 4828 1264 4882 autem
1290 4838 1364 4906 cap.
1380 4814 1415 4885 6.
1449 4838 1595 4904 respon·
1651 4837 1730 4881 rum
1754 4814 1935 4883 atrocitas:
1963 4811 2111 4901 Linguis
2128 4810 2202 4881 suis
2222 4809 2346 4880 dolose
2369 4808 2528 4898 agebant,
2550 4795 2593 4858 lt

611 4909 710 4978 debit
725 4912 768 4977 ad
788 4905 880 4980 hane
893 4911 1143 4987 obiectionem.
1181 4915 1319 4984 lnterea
1335 4918 1420 4987 satis
1435 4932 1487 4987 est
1501 4917 1597 4998 sciri,
1652 4937 1784 4984 uenum
1801 4916 1965 5004 aspidum
1984 4915 2050 4986 sub
2072 4911 2175 4982 labiis
2192 4934 2330 4982 eorum.

613 5033 689 5079 non
715 5013 862 5080 concedi
885 5012 1067 5083 licentiam
1091 5019 1277 5103 peccandi,
1308 5019 1369 5086 sed
1386 5017 1501 5089 lleum
1518 5041 1599 5087 nere
1752 5015 2029 5104 Diligentissima
2044 5028 2160 5085 autem
2176 5011 2439 5084 observandum
2452 5019 2509 5086 est,
2532 4995 2594 5092 qod

614 5125 650 5181 et
671 5107 892 5183 horribiliter
914 5115 1016 5184 irasci
1042 5119 1201 5204 pereatis.
1254 5115 1471 5191 ldeoautem
1490 5120 1598 5208 recipi
1655 5119 1780 5208 repetit
1795 5119 2031 5188 universalem
2056 5114 2356 5216 propositionem,
2378 5107 2505 5199 insigni
2519 5105 2594 5190 figtm

614 5235 683 5282 nos
697 5213 825 5301 gratis,
856 5229 897 5285 ιιι
917 5218 1078 5287 deleatur
1097 5233 1297 5308 peceatum.
1323 5245 1398 5290 non
1416 5233 1454 5292 ut
1469 5222 1599 5291 eonbr·
1654 5234 1685 5290 et
1704 5222 1892 5288 verborum
1910 5215 2085 5310 emphasi,
2119 5231 2157 5288 nt
2174 5239 2281 5287 omne
2301 5237 2341 5284 os
2363 5215 2551 5284 obturetur,
2574 5207 2593 5260 a

618 5327 748 5384 metur.
799 5312 897 5386 llaec
910 5317 1004 5388 inira
1018 5320 1196 5409 copiosius
1209 5338 1444 5410 exponentur.
1496 5322 1601 5393 Nunc
1654 5345 1734 5390 reus
1759 5322 1802 5390 sit
1829 5333 1924 5390 totns
1947 5323 2103 5389 mundus
2126 5317 2215 5391 Deo.
2268 5315 2374 5388 llanc
2401 5305 2594 5384 universio

620 5415 713 5490 redlt
727 5414 859 5488 Paulus
875 5419 919 5488 ad
936 5419 1132 5513 principale
1148 5421 1364 5495 institutum.
1655 5423 1932 5514 propositionem
1954 5424 2139 5512 inligamus
2160 5421 2308 5498 animis,
2335 5429 2371 5488 et
2392 5429 2430 5484 ut
2455 5435 2513 5482 nos
2532 5408 2594 5494 int⁰⁸

1657 5547 1735 5593 reos
1757 5547 1831 5592 esse
1853 5542 2098 5614 agnoscamus,
2123 5537 2156 5594 et
2176 5536 2217 5592 nt
2240 5538 2461 5610 opponamus
2475 5533 2540 5582 earn
2553 5503 2594 5572 Pr

1658 5626 1805 5714 lagianis
1828 5640 1861 5697 et
1883 5621 2088 5708 monachis,
2119 5639 2152 5694 ct
2178 5625 2371 5702 similibus,
2403 5609 2593 5702 fingentibus·

724 5723 846 5793 Altera
868 5735 904 5794 et
923 5723 1132 5817 principalis
1153 5729 1337 5816 responsio
1358 5729 1519 5818 negativa
1543 5741 1605 5813 est,
1658 5722 1838 5796 hominem
1854 5729 1981 5797 mereri
2004 5727 2247 5797 remissionem
2270 5722 2345 5793 anis
2360 5715 2594 5824 oportuerant

623 5823 745 5896 ludaei
776 5847 850 5896 non
881 5837 1066 5898 merentur
1095 5827 1350 5900 remissionom
1379 5833 1602 5922 peccamus
1659 5829 1878 5902 iosttmeue
1894 5829 2047 5922 propriis
2064 5827 2209 5901 meritis.
2263 5824 2499 5916 Agnoscamus
2512 5823 2595 5882 etun.

602 2230 649 2301 Si
661 2240 782 2303 antem
799 2226 989 2301 iniustirio
1003 2239 1135 2302 nostra
1153 2225 1380 2301 somniando!
1398 2228 1586 2303 iusticiam

883 2328 979 2419 Dei,
1005 2328 1100 2432 quid
1120 2325 1306 2405 dieamus?

887 5580 995 5683 Quid
1006 5585 1123 5683 agitur
1135 5587 1336 5687 praecellit.
1434 5630 1438 5640 ·
