5825 6950
608 652 684 731 485
1207 644 1336 725 elatu
1361 642 1481 721 MEL.
1503 642 1715 721 settle-Ta
1740 638 2044 723 menalca.
2556 660 2570 729 a

608 826 848 903 remittentur.
898 819 974 894 Nec
993 817 1196 893 coniectura
1220 818 1284 890 illa
1305 818 1407 891 firma
1425 814 1598 911 est,‚Pe-
1749 815 1965 891 Praemonet
1993 816 2102 911 igitur
2123 812 2286 895 Christus
2308 810 2474 911 Petrum,
2510 832 2582 897 utd

609 946 688 1005 trus
707 929 788 1021 plus
809 925 950 1016 diligit,
973 946 1058 1015 ergo
1072 922 1106 992 ei
1119 922 1290 994 tribuitur
1301 922 1418 994 maior
1432 934 1598 1015 potestas.
1650 920 1871 1013 ponasillud
1888 920 1992 993 dulce
2005 919 2185 997 somnium
2198 923 2243 995 de
2264 926 2423 1015 potentia
2446 941 2480 998 et
2504 932 2574 1020 opib

611 1032 735 1119 Potest
757 1029 854 1100 enim
874 1028 952 1098 sine
975 1020 1147 1121 potestate
1170 1024 1285 1095 maior
1299 1024 1447 1097 dilectio
1462 1046 1536 1095 esse
1558 1022 1598 1093 in
1651 1035 1744 1097 etse
1765 1036 1952 1115 praeparet
1974 1024 2020 1095 ad
2041 1044 2196 1101 crucem.
2266 1023 2381 1120 Saepe
2406 1042 2524 1099 autem
2550 1036 2584 1101 ali

609 1135 772 1235 privato,
796 1154 903 1227 quam
924 1131 964 1199 in
986 1129 1240 1220 gubernatore,
1264 1126 1420 1221 denique
1436 1126 1600 1199 ministe-
1651 1125 1786 1199 dictum
1802 1138 1874 1211 est,
1899 1126 1940 1206 in
1954 1125 2029 1197 sola
2047 1122 2208 1199 Ecclesia
2222 1122 2293 1199 Dei
2306 1141 2425 1201 exure
2443 1133 2580 1201 doctrin.

538 1301 545 1322 ,
611 1238 705 1307 rium
726 1231 915 1323 Evangelii
937 1244 988 1303 est
1007 1231 1214 1300 mandatum
1238 1231 1392 1301 docendi
1410 1225 1600 1318 Evangelii
1652 1251 1771 1300 veram
1790 1229 1835 1298 de
1850 1250 1975 1309 cruce,
1999 1240 2035 1301 et
2051 1228 2188 1299 firmam
2203 1231 2498 1306 consolationem.
2546 1233 2581 1303 Et

612 1356 646 1409 et
677 1334 951 1407 administrandi
984 1346 1222 1417 sacramenta,
1268 1354 1344 1403 non
1370 1345 1423 1402 est
1446 1344 1601 1423 potestas
1652 1330 1725 1401 uici
1744 1329 1855 1403 etalii
1870 1326 2329 1423 ignorantesEvangelium.
2354 1356 2421 1403 nec
2438 1358 2576 1405 causari

613 1438 740 1510 similis
769 1437 944 1530 politicae.
996 1433 1087 1503 Nam
1122 1447 1276 1522 potestas
1310 1434 1456 1525 politica
1494 1428 1601 1505 habet
1653 1446 1758 1517 runt,
1782 1434 1878 1505 unde
1893 1432 1966 1503 sint
1981 1444 2098 1503 tantae
2111 1433 2345 1521 calamitates,
2371 1450 2443 1506 tam
2462 1453 2583 1528 praesta

609 1543 820 1611 mandatum
852 1536 974 1608 tuendi
1002 1534 1227 1626 disciplinam
1258 1549 1293 1608 et
1324 1558 1466 1627 pacem,
1502 1536 1600 1607 iuxta
1653 1528 2088 1620 tisnaturaelrominusn,
2113 1558 2180 1607 nec
2200 1549 2338 1608 norunt
2361 1538 2561 1609 efficaciam

495 1685 497 1688 -
614 1657 728 1713 certas
743 1644 853 1731 leges,
879 1640 916 1709 vi
930 1637 1125 1728 corporali,
1156 1651 1190 1708 et
1206 1633 1316 1709 habet
1331 1650 1464 1707 certum
1488 1658 1601 1729 popu·
1655 1636 1715 1707 dia
1742 1660 1825 1706 vere
1853 1635 2013 1706 sanantis
2040 1637 2182 1708 dolores
2204 1640 2331 1709 cordis.
2383 1639 2456 1711 Sed
2482 1638 2581 1711 Evan·

615 1746 710 1831 lum,
737 1766 842 1837 quem
864 1740 960 1831 cogit
975 1742 1020 1809 ad
1041 1739 1352 1827 obedientiam,et
1371 1753 1490 1831 potest
1510 1742 1602 1812 ferre
1655 1739 1744 1811 liusn
1779 1750 1814 1809 et
1841 1760 1962 1810 causas
1989 1740 2162 1825 ostendit,
2196 1754 2231 1811 et
2260 1742 2439 1825 remedia,
2477 1769 2518 1813 ac
2542 1770 2584 1812 sa·

615 1869 727 1917 novas
741 1848 835 1933 leges
848 1856 1081 1932 congruentes
1097 1843 1245 1925 rationi,
1271 1840 1376 1913 utiles
1401 1865 1466 1912 suo
1490 1842 1605 1935 impe-
1655 1841 1742 1911 alias
1770 1840 1906 1930 integra
1937 1839 2099 1912 doctrina
2133 1843 2178 1912 de
2205 1836 2273 1914 hoc
2301 1842 2381 1915 loco
2411 1846 2584 1915 recitatae

615 1951 682 2019 rio.
732 1946 814 2017 Non
832 1960 883 2017 est
904 1959 1023 2016 autem
1040 1944 1205 2015 ministro
1224 1941 1411 2032 Evangelii
1435 1943 1515 2014 talis
1539 1968 1605 2035 pn-
1657 1966 1763 2036 quam
1794 1956 1887 2013 certe
1913 1954 2052 2033 oportet
2079 1966 2203 2015 omnes
2226 1968 2365 2038 semper
2392 1948 2431 2015 in
2456 1972 2570 2039 conspr

616 2063 742 2133 testas,
768 2071 842 2117 non
860 2043 967 2117 habet
984 2047 1211 2118 autoritatem
1226 2046 1365 2117 serendi
1387 2069 1499 2117 novas
1512 2047 1605 2136 leges
1657 2040 1815 2129 habere,
1855 2058 1896 2117 nt
1920 2056 2071 2131 ¹teneant
2097 2045 2138 2118 iss
2167 2046 2306 2139 magnis
2333 2048 2522 2121 doloribus
2547 2078 2575 2118 ve

617 2165 713 2223 extra
732 2146 987 2239 Evangelium,
1013 2172 1079 2218 nec
1094 2149 1129 2219 vi
1153 2161 1215 2220 eut
1239 2148 1605 2219 excommunicatione
1658 2145 1929 2223 consolationes.

616 2253 766 2342 cogendi
790 2252 879 2321 alios
906 2250 1089 2321 ministros
1116 2251 1162 2321 ad
1194 2252 1289 2341 leges
1314 2262 1411 2321 extra
1440 2246 1605 2343 Evange-

587 2358 706 2427 .liutn
730 2356 829 2424 latas.

721 2455 802 2531 Non
821 2469 870 2526 est
889 2455 997 2545 igitur
1012 2454 1175 2543 lingenda
1192 2466 1343 2547 potestas
1358 2453 1509 2528 alicuius
1530 2454 1607 2546 epi.
1759 2446 1844 2523 Dixi
1884 2449 1923 2522 in
1963 2452 2067 2525 tertio
2108 2454 2186 2527 loco
2226 2456 2405 2529 contineri
2446 2458 2582 2529 doctrin.

619 2559 715 2648 scopi
731 2559 857 2627 similis
871 2580 992 2646 regom
1010 2558 1192 2645 potestati,
1217 2571 1257 2629 ut
1273 2558 1317 2627 de
1333 2554 1500 2629 Romano
1515 2580 1606 2649 pon·
1659 2552 1901 2643 dignissimam
1917 2555 2087 2628 memoria
2106 2558 2151 2629 de
2172 2558 2378 2641 tennione,
2403 2585 2478 2631 cum
2501 2564 2569 2629 dive

620 2662 713 2731 tilice
736 2661 885 2748 lingunt.
937 2656 1034 2727 Haec
1057 2658 1142 2731 satis
1169 2659 1216 2731 sit
1240 2655 1375 2732 dehac
1402 2662 1608 2753 qssaestione
1660 2655 1787 2727 sintin
1804 2651 1962 2726 Ecclesia
1978 2658 2094 2748 dona,
2120 2672 2156 2731 et
2174 2659 2334 2733 diversae
2356 2664 2551 2739 vocationes,

619 2762 778 2833 breviter
798 2760 989 2832 monuisse.
1660 2770 1723 2829 aut
1744 2758 1989 2848 desperatione
2018 2758 2245 2849 frangamur,-
2283 2776 2344 2835 aut
2370 2764 2579 2834 inridemini

721 2861 777 2933 De
796 2863 950 2933 secundo
974 2858 1072 2945 loco,
1100 2860 1233 2933 scilicet
1258 2862 1303 2932 de
1324 2861 1530 2933 discrimine
1551 2864 1608 2931 di-
1661 2861 1873 2943 tendamur,
1898 2873 2042 2953 propter
2057 2862 2147 2933 alios
2162 2865 2430 2951 antecellentes,
2454 2881 2510 2935 eut
2530 2890 2578 2955 pr:

622 2965 793 3056 sciplinae
814 2978 850 3035 et
877 2962 1002 3037 crucis.
1066 2960 1159 3035 Cum
1183 2987 1274 3035 esses
1297 2965 1453 3051 iunior,
1490 2966 1609 3058 inquit
1659 2961 1859 3033 imitatione
1873 2982 1936 3031 seu
1957 2958 2180 3059 κακοζηίίᾳ,
2205 2980 2268 3037 sut
2287 2964 2573 3065 nolvnpoyaoot'

620 3064 805 3146 Christus,
840 3065 1005 3157 cingebas
1027 3075 1060 3134 te
1082 3064 1176 3155 ipse,
1200 3078 1267 3142 etc.
1318 3064 1368 3139 Ut
1387 3090 1490 3161 saepe
1511 3068 1609 3155 alias,
1660 3065 1797 3135 deserta
1819 3077 1941 3135 nosua
1972 3066 2184 3151 vocatione,
2227 3069 2266 3139 in
2294 3070 2429 3141 alienas
2459 3077 2583 3139 irruam

621 3172 672 3243 ita
687 3182 721 3240 et
734 3168 774 3239 in
790 3163 858 3237 boc
871 3164 1051 3260 colloquio
1069 3180 1163 3239 taxat
1176 3162 1341 3239 Christus
1357 3170 1502 3241 stultam
1527 3190 1608 3263 per-
1660 3160 1747 3237 haec
1770 3164 1839 3237 late
1862 3166 2045 3257 potentin
2069 3169 2161 3261 rita,
2184 3182 2241 3241 ut
2262 3172 2421 3264 exempla
2443 3177 2575 3243 ostenda

622 3271 822 3343 suasionem
837 3268 954 3360 Petri,
984 3268 1046 3358 qui
1068 3270 1273 3367 expectabat
1294 3270 1366 3341 iam
1387 3286 1465 3363 post
1490 3297 1608 3346 resur·
1660 3266 1735 3337 Nos
1754 3268 1838 3362 quia
1859 3281 1982 3339 ¹1⁰⁸lffl
2005 3270 2100 3341 ‘¹0⁰²
2123 3294 2199 3356 ⁹⁰¹1
2223 3288 2306 3347 ⁸⁰⁰1
2329 3276 2427 3364 Ρόῑῐὸ
2451 3272 2584 3365 Proplr

621 3374 814 3448 rectionem
840 3366 975 3444 Christi
996 3370 1086 3439 illud
1114 3394 1261 3443 aureum
1284 3371 1497 3465 imperium,
1536 3400 1609 3469 quo
1660 3392 1741 3441 rum
1765 3382 1799 3442 et
1819 3364 2075 3461 Apostolorum
2103 3374 2228 3461 donis,
2259 3377 2422 3463 angimur
2448 3392 2484 3449 et
2510 3383 2566 3447 dul

622 3476 796 3568 putabant
812 3470 985 3546 ludaeise
1001 3472 1147 3543 domitis
1168 3475 1332 3562 gentibus
1352 3499 1527 3562 summam
1543 3503 1609 3570 po·
1661 3495 1758 3558 mus,
1791 3495 1838 3542 an
1860 3470 1937 3544 Deo
1969 3474 2190 3566 placeamus,
2227 3501 2275 3548 an
2299 3477 2396 3552 Dens
2418 3481 2508 3550 velit
2533 3487 2582 3548 aa

623 3579 769 3650 tentiam
794 3591 829 3649 et
850 3600 937 3666 opes
960 3595 1180 3670 possessuros
1201 3599 1286 3647 esse.
1347 3575 1446 3664 lmo,
1478 3580 1609 3674 inquit,
1661 3588 1783 3646 nostro
1801 3574 1990 3648 curriculo.
2037 3573 2138 3654 Haec
2159 3578 2385 3652 imbecillitas
2400 3583 2571 3652 eiiciends

621 3705 720 3750 nunc
742 3678 885 3747 initium
913 3678 980 3749 erit
1002 3675 1199 3766 ingentium
1231 3678 1478 3752 afflictionum.
1530 3685 1609 3752 An·
1664 3695 1698 3750 et
1719 3676 1946 3750 serviendum
1970 3678 2072 3754 firma
2103 3679 2200 3768 lide,
2237 3682 2376 3756 etiamsi
2407 3686 2507 3756 dona
2538 3713 2578 3752 n·

623 3796 679 3855 tea
701 3780 866 3869 cingebas
889 3793 923 3851 te
944 3781 1037 3872 ipse,
1063 3803 1163 3850 nunc
1183 3779 1246 3850 alii
1269 3781 1422 3872 cingent.
1474 3781 1518 3858 ln
1542 3780 1610 3856 hoc
1662 3792 1747 3850 suns
1770 3780 1904 3870 exigua.
1970 3777 2155 3855 Praeterea
2180 3781 2287 3871 Cain,
2318 3785 2425 3872 Saul,
2453 3789 2575 3857 incra..

623 3884 703 3954 loco
748 3883 971 3955 discernatur
1009 3881 1198 3972 disciplina
1238 3884 1426 3956 rationalis
1450 3908 1472 3957 a
1493 3911 1609 3961 cruce.
1662 3895 1722 3954 tur
1737 3881 1948 3954 invidentia.
1999 3879 2231 3959 Hormalnm
2250 3887 2419 3958 usitatum
2438 3909 2493 3960 est
2510 3919 2569 3956 non

622 3984 823 4074 Disciplina
847 3998 901 4054 est
921 3983 1105 4074 diligentia
1129 3985 1274 4075 regendi
1297 3998 1460 4060 externos
1481 4013 1609 4072 morer,
1662 3985 1737 4054 lum
1754 3985 1792 4052 in
1807 3979 1990 4072 Ecclesia,
2011 3987 2073 4055 sed
2092 3987 2197 4069 etiam
2211 3988 2250 4083 in
2272 3989 2353 4063 aliis
2368 3985 2575 4062 hominum·

623 4091 722 4161 iusta
745 4087 910 4157 mandata
924 4083 1015 4186 Dei,
1056 4085 1126 4156 boc
1148 4099 1220 4174 est,
1251 4100 1434 4181 utcunque
1455 4092 1609 4185 seipsum
1662 4086 1768 4156 tibus.
1836 4083 2029 4177 Pompeius
2057 4089 2155 4160 dolet
2184 4113 2339 4164 crescere
2359 4090 2522 4171 lulium,
2564 4125 2577 4160 r

623 4191 774 4279 cingere.
838 4185 917 4258 Etsi
957 4181 1089 4262 autem*
1114 4183 1207 4259 hauc
1245 4189 1471 4281 disciplinam
1513 4192 1611 4267 Deus
1663 4187 1764 4280 quasi
1781 4187 1985 4258 interiorem
2003 4189 2106 4278 duci,
2140 4191 2220 4264 ideo
2239 4193 2584 4287 faciliusimpellitc

622 4290 815 4385 praecipit,
863 4303 903 4362 ut
930 4290 1076 4360 dicitur:
1117 4288 1192 4361 Lex
1231 4305 1283 4362 est
1322 4293 1417 4364 bona
1453 4295 1610 4385 legitime
1662 4291 1879 4360 movendum
1897 4289 2031 4363 bellum
2056 4291 2181 4374 civile,
2206 4308 2301 4380 aeut
2315 4296 2355 4366 in
2370 4298 2577 4390 imperiiss

622 4393 749 4465 utenti.
814 4389 927 4462 ltem:
969 4390 1043 4480 Qui
1071 4391 1231 4481 gladium
1258 4396 1449 4486 acceperit,
1490 4397 1610 4488 gladio
1662 4394 1777 4463 tiones
1793 4406 1828 4462 et
1840 4389 1933 4462 bella
1948 4392 2066 4484 civilia
2083 4395 2251 4468 omnibus
2266 4399 2442 4472 aetatibus
2459 4427 2506 4472 ex
2528 4405 2577 4469 in·

621 4493 772 4590 peribit,
798 4506 916 4564 samen
941 4507 1077 4564 tantum
1097 4506 1148 4563 est
1170 4507 1355 4566 externum
1378 4521 1487 4590 opus,
1513 4501 1609 4593 qssod
1664 4510 1697 4566 ct
1711 4494 1905 4586 cupiditate
1919 4493 2097 4568 vindictae
2115 4512 2193 4570 orta
2207 4512 2309 4574 sunt:
2345 4501 2393 4573 ita
2409 4525 2523 4594 saepe
2541 4509 2549 4571 i
2557 4533 2575 4570 n

622 4599 727 4669 etiam
760 4595 800 4663 in
827 4595 947 4686 impiis
974 4617 1049 4666 csse
1077 4607 1204 4687 potest.
1267 4595 1341 4670 Sed
1369 4623 1454 4671 crux
1478 4602 1610 4674 dicitur
1662 4597 1767 4668 clesia
1784 4609 1899 4666 motae
1912 4610 1996 4680 sunt
2010 4597 2125 4669 salsae:
2135 4600 2341 4693 opiniones,
2366 4615 2402 4674 et
2416 4630 2574 4695 magnac

622 4698 788 4778 afflictio,
815 4721 891 4766 non
912 4697 1078 4775 accersita
1093 4711 1213 4769 nostra
1238 4698 1441 4789 voluntate,
1465 4704 1526 4775 sed
1549 4717 1611 4776 aut
1662 4699 1854 4790 sipationes
1878 4698 1990 4772 factae
2013 4711 2114 4790 sunt,
2146 4715 2186 4774 ut
2201 4703 2320 4776 invidi
2340 4705 2433 4776 alios
2456 4734 2582 4778 cresce

623 4815 700 4872 orta
728 4824 748 4870 a
777 4799 937 4892 tyrannis
965 4799 1179 4872 conantibus
1208 4801 1327 4870 delere
1352 4799 1610 4896 Evangelium,
1662 4802 1741 4874 loco
1766 4815 1967 4888 moverent,
2007 4815 2109 4876 etex
2139 4804 2279 4896 fastigio
2309 4819 2537 4885 excuterent.

623 4917 684 4973 aut
700 4923 850 4992 sequens
869 4925 1093 4972 communem
1118 4899 1361 4974 infirmitatem
1383 4919 1530 4978 naturae
1542 4903 1609 4980 ho-
1661 4901 1772 4976 Arius
1793 4901 1918 4972 dolent
1948 4903 2059 4976 alium
2088 4904 2157 4976 sibi
2181 4907 2376 4998 praelatum
2404 4933 2483 4980 esse
2523 4919 2563 4982 in

621 5006 761 5077 minum
789 5003 963 5072 obnoxiae
991 5003 1155 5089 morbis,
1179 5006 1397 5096 paupertati,
1430 5007 1609 5098 infamiae,
1662 5006 1779 5079 ctione
1793 5003 1983 5098 Episcopi,
2010 5007 2124 5079 movit
2139 5022 2316 5081 certamen
2331 5014 2375 5082 de
2392 5013 2466 5081 lilio
2491 5017 2580 5089 Dei.

622 5121 658 5182 et
685 5105 766 5178 aliis
793 5102 996 5190 doloribus,
1031 5129 1106 5177 non
1134 5109 1313 5179 accersitis
1332 5123 1452 5182 nostra
1478 5113 1609 5182 volun·
1662 5105 1749 5182 haec
1770 5121 1892 5178 nostra
1917 5123 2010 5180 aetas
2028 5109 2291 5202 viditexempla
2308 5114 2549 5208 aliquorum,

621 5223 703 5282 tate.
755 5205 946 5275 Toleratur
964 5220 1080 5277 autem
1103 5221 1248 5300 propter
1269 5209 1508 5283 obedientiam
1531 5213 1608 5286 Deo
1662 5221 1952 5282 constattantum
1970 5210 2082 5282 livore
2099 5213 2370 5301 incitatoresse,
2397 5231 2438 5287 ut
2456 5245 2577 5289 movs-

621 5310 798 5392 debitam,
828 5319 864 5376 et
886 5308 930 5375 ad
955 5330 1032 5381 eam
1053 5309 1291 5382 obedientiam
1318 5317 1489 5386 accedunt
1509 5318 1607 5398 fides,
1660 5328 1722 5384 aut
1744 5326 2011 5404 propugnarent
2031 5314 2135 5387 falsas
2159 5317 2347 5408 opiniones
2367 5319 2413 5388 ad
2432 5321 2563 5390 labes..

621 5437 719 5504 spes,
761 5424 794 5478 et
818 5409 1007 5479 invocatio.
1076 5411 1222 5481 Talium
1252 5414 1485 5486 afflictionum
1517 5419 1608 5489 tole·
1659 5418 1740 5485 dam
1758 5439 1880 5486 eorum
1896 5417 2141 5503 autoritatem,
2163 5419 2227 5510 qui
2242 5421 2454 5492 antecellere
2473 5429 2574 5493 exist

621 5514 736 5587 santia
763 5511 801 5579 in
830 5511 960 5582 sanctis
983 5526 1131 5581 vocatur
1167 5516 1375 5586 sacrificium
1400 5522 1605 5592 etmortifi-
1659 5521 1801 5590 bantur.
1853 5515 1942 5588 Cum
1968 5519 2077 5606 igitur
2100 5521 2201 5592 valde
2228 5529 2575 5596 communemalnn

619 5618 731 5699 catio,
753 5628 787 5684 et
808 5612 912 5702 longe
935 5615 1051 5683 maior
1068 5626 1102 5683 et
1123 5615 1303 5686 diffieilior
1326 5641 1381 5687 res
1403 5633 1473 5711 est,
1500 5646 1605 5715 quam
1659 5621 1819 5688 invidere
1841 5619 2069 5702 melioribus,
2095 5636 2130 5693 et
2151 5645 2254 5712 saepe
2275 5619 2454 5698 horrenda
2487 5630 2582 5698 inm.

617 5717 805 5808 disciplina
827 5716 1080 5804 paedagogica,
1105 5717 1150 5788 de
1173 5741 1241 5809 qua
1258 5719 1358 5810 prius
1373 5723 1507 5794 dictum
1535 5739 1604 5794 est:
1628 5766 1631 5804 .
1656 5721 1853 5804 Ecclesiae,
1877 5735 1912 5794 et
1934 5722 2164 5813 imperiorum
2187 5725 2272 5798 inde
2296 5727 2481 5812 oriantur,
2519 5736 2583 5802 cli:

615 5819 707 5892 Cum
728 5839 820 5888 esses
841 5815 981 5900 iunior,
1006 5818 1171 5908 cingebas
1193 5821 1358 5912 teipsum.
1626 5809 1632 5898 l
1657 5825 1743 5892 dum
1763 5837 1833 5914 cst,
1861 5824 1964 5916 quale
1980 5819 2109 5898 sithoc
2122 5828 2277 5918 malum,
2301 5843 2394 5924 quae
2408 5829 2486 5902 sint
2509 5858 2583 5903 sen

1795 2312 1801 2324 ’
1893 2308 1941 2384 Si
1955 2336 2034 2385 eam
2052 2308 2312 2407 volomnnsrs,
2337 2329 2401 2394 etc.
