5825 6950
1796 404 1890 422 ‘'-

319 716 400 799 tots
466 708 562 789 xttt
610 707 647 785 l.
672 702 1011 814 continuata„
1038 706 1092 787 ΙΝ
1108 706 1275 791 tttttst'.
1299 707 1451 790 PAULI
1475 704 1545 785 AD
1571 656 1895 791 CORINTHIOS.
1938 707 2044 787 CAP-
2065 708 2169 797 Vlll.
2228 714 2329 792 100⁰

398 886 491 959 lions
520 906 627 981 opera
657 884 808 959 moralia
839 886 965 959 eodem
990 888 1101 960 trodo
1124 908 1285 961 necessa·
1336 884 1792 961 dotibusconvivabantur.
1835 878 2019 959 Credibile
2033 900 2085 963 est
2098 900 2236 978 amem,
2258 888 2327 961 ali·
2418 924 2430 953 ι

318 997 361 1071 ria
385 1002 462 1062 suot
483 988 522 1065 in
543 990 722 1063 omnibus.
787 985 885 1060 Haec
905 1004 1008 1065 vocat
1036 990 1076 1061 in
1107 987 1176 1062 hoc
1204 992 1284 1063 loeo
1336 990 1525 1089 quos‚·qni
1539 991 1609 1060 iam
1623 990 1825 1061 obiecerant
1837 987 1975 1061 mltum
1990 991 2190 1077 idolorum,
2205 1006 2326 1066 tamen

317 1095 473 1172 mandata.
540 1091 590 1167 Et
621 1092 826 1165 meminerit
845 1092 957 1167 lector
984 1088 1216 1167 boodictum
1239 1094 1283 1165 ad
1336 1094 1532 1186 arognatis
1546 1095 1591 1163 ad
1610 1091 1775 1165 convivia
1792 1104 1936 1163 vocatos
1955 1115 2044 1167 esse.
2094 1089 2223 1165 lituis
2245 1094 2324 1165 lieri

319 1196 501 1273 refutandos
525 1194 759 1279 Antinomos,
791 1194 853 1289 qui
874 1196 1033 1294 fingunt,
1066 1196 1104 1266 iu
1125 1190 1284 1271 Ecclesia
1337 1200 1473 1292 potuit,
1514 1197 1603 1293 quin
1630 1194 1752 1270 mariti
1786 1187 1921 1269 ethnici
1946 1195 2112 1267 convivio
2140 1195 2326 1269 interesset

317 1302 398 1375 nulla
421 1318 490 1369 csse
511 1298 697 1383 mandata,
723 1296 861 1367 nullam
883 1299 1009 1391 legem.
1059 1296 1144 1370 ldeo
1166 1314 1283 1371 autem
1336 1324 1427 1373 uxor
1447 1301 1520 1392 pia.

318 1401 446 1475 norslia
469 1400 777 1484 accenderunt,
803 1400 887 1493 quia
902 1415 985 1473 sunt
1001 1400 1139 1473 iusticia
1155 1402 1286 1486 cordis,
1436 1401 1482 1475 Ia
1510 1400 1643 1475 talibus
1669 1398 1809 1473 casibus
1838 1398 2004 1471 videmus
2024 1397 2178 1474 Paolum
2205 1400 2327 1495 aliqua

317 1522 492 1595 congruens
502 1524 590 1574 curn
615 1516 733 1572 mente
756 1498 911 1589 divina,
938 1503 1040 1575 euius
1061 1502 1180 1595 imago
1211 1525 1286 1573 esse
1337 1499 1508 1600 ἐπιεικείᾳ
1521 1524 1627 1577 nsum
1645 1525 1722 1573 esse
1740 1526 1781 1573 ac
1797 1502 2013 1601 permisisse,
2039 1515 2081 1575 nt
2095 1500 2251 1595 proximi
2270 1504 2328 1572 in-

318 1620 420 1678 nostra
435 1600 539 1676 Mene
552 1602 772 1676 etVoluntos
787 1618 909 1677 renata
925 1606 1043 1687 debet,
1065 1605 1162 1679 turn
1177 1606 1285 1677 illud:
1336 1622 1507 1679 teressent
1528 1628 1604 1676 non
1628 1604 1824 1691 sacrificiis,
1858 1606 1918 1674 sed
1944 1604 2133 1679 conviviis.
2200 1599 2329 1699 Aliqui

318 1709 405 1781 Dabo
418 1706 527 1795 legent
540 1726 659 1777 meam
671 1706 709 1775 in
721 1706 837 1777 ¹corda
852 1730 989 1782 eorum.
1337 1724 1475 1795 autem,
1500 1724 1540 1781 ut
1560 1708 1616 1793 fit,
1641 1706 1741 1777 illam
1765 1707 2036 1800 permissionem
2055 1706 2209 1791 nimium
2229 1706 2327 1777 lara·

399 1804 445 1877 At
464 1809 688 1879 ceremoniae
708 1808 871 1879 leviticae
901 1806 994 1879 nihil
1017 1810 1061 1879 ad
1086 1834 1152 1880 nos
1175 1808 1285 1900 perti·
1338 1814 1436 1897 bant,
1451 1826 1485 1883 et
1499 1809 1724 1883 victimarum
1739 1832 1845 1881 carne
1856 1808 2087 1881 vescebantur
2100 1808 2195 1881 malo
2208 1832 2329 1879 uem-

317 1923 404 1990 nent,
428 1932 515 2002 quae
538 1912 584 1983 ad
601 1925 740 2003 tempus
763 1910 801 1981 iu
825 1912 949 2003 politia
964 1909 1122 1983 Mosaica
1142 1910 1285 1984 iustitu-
1338 1912 1420 2006 plo,
1463 1914 1594 2003 idest,
1634 1911 1836 1983 invitabant
1858 1910 1948 1982 alios
1977 1909 2249 1997 imbecilliora,
2289 1923 2330 1981 ut

316 2012 517 2088 treluerunt.
1338 2014 1408 2109 ipsi
1443 2038 1586 2108 quoqne
1619 2028 1863 2097 vescerentur,
1903 2034 2058 2107 quorum
2091 2010 2330 2084 conscientiae

401 2109 540 2185 Deinde
571 2115 701 2203 gradus
734 2112 827 2187 vitae
861 2114 1050 2207 politicae,
1097 2112 1288 2205 Dominus,
1338 2130 1461 2211 postea
1479 2116 1728 2187 turbabantur.
1769 2110 2210 2201 Damnabauteuimsesc‚
2228 2114 2330 2209 quasi

318 2216 445 2296 Servus,
479 2216 609 2301 Dives,
642 2214 800 2307 Pauper,
834 2228 871 2288 et
892 2217 1043 2303 similes,
1076 2230 1160 2288 sunt
1180 2208 1289 2291 ‹ideoi-
1339 2218 1632 2293 consuetudinem
1653 2216 1799 2308 impiam
1820 2216 2081 2290 confirmarent.
2151 2212 2331 2305 Quando-

318 2342 417 2413 popo,
442 2331 476 2390 et
492 2330 641 2409 possunt
660 2317 697 2387 in
716 2320 821 2388 bonis
842 2330 877 2390 ιι
892 2319 996 2390 malls
1011 2342 1096 2391 esse.
1151 2316 1287 2389 Verum
1340 2346 1482 2414 cunque
1495 2335 1613 2393 autem
1631 2320 1846 2390 conscientia
1862 2342 1936 2389 sese
1956 2320 2123 2404 damnat,
2144 2317 2281 2389 iudicat
2295 2341 2330 2387 se

318 2418 371 2491 ltoc
390 2434 565 2505 serretur,
597 2433 638 2491 ut
664 2440 747 2493 sure
771 2418 922 2514 quisque
944 2420 1126 2494 vocationi
1146 2422 1288 2493 obtem·
1340 2437 1465 2495 contra
1488 2420 1604 2493 Deum
1625 2421 1751 2493 lacere.
1810 2418 1931 2511 Quare
1963 2421 2049 2491 fides
2073 2418 2269 2509 excutitur,
2297 2433 2331 2489 et

319 2534 403 2615 peret.
461 2520 571 2607 Item,
604 2544 650 2593 ne
673 2522 863 2593 abutamur
884 2516 940 2592 his
964 2524 1144 2612 gradibus.
1202 2520 1287 2593 Plo·
1327 2526 1537 2617 ,impeditur
1552 2521 1745 2596 invocatio.

322 2644 400 2705 rans,
436 2646 510 2695 non
544 2624 753 2696 succumbat
780 2624 919 2709 dolori,
961 2626 1128 2697 deficiens
1153 2648 1172 2695 a
1201 2622 1289 2695 Deo.
1444 2624 1550 2699 Nunc
1589 2626 1700 2717 igitur
1737 2620 1871 2695 Paulus
1915 2622 2014 2693 illam
2062 2619 2331 2715 permissionem

324 2724 425 2796 Laetus
449 2746 524 2797 non
556 2726 745 2817 efferatur,
779 2740 821 2799 nt
849 2727 982 2799 oblitus
1006 2726 1076 2801 Dei
1106 2726 1290 2815 indulgeat
1341 2729 1522 2819 astringit,
1548 2741 1582 2799 et
1596 2722 1655 2798 hic
1671 2739 1812 2801 tantum
1831 2729 1875 2799 de
1892 2724 2068 2799 Scandalo
2085 2724 2334 2809 concionatur,

321 2827 575 2916 mpiditatibus,
598 2842 638 2900 ut
653 2830 692 2900 fit
707 2830 746 2898 in
760 2830 867 2902 rebus
881 2831 1059 2915 secundis,
1084 2845 1125 2903 ut
1138 2830 1288 2902 dicitur:
1343 2844 1464 2923 postea
1486 2854 1609 2901 rrtrsus
1631 2830 1671 2899 iu
1698 2851 1828 2919 genere
1850 2826 2041 2917 astringit,
2082 2827 2166 2921 quia
2188 2850 2334 2921 quoquo

319 2926 494 3002 Luxuriant
509 2931 624 3002 animi
641 2933 747 3002 rebus
761 2931 960 3025 plerunque
974 2934 1150 3009 secundis.
1342 2934 1448 3007 modo
1472 2946 1674 3017 excusetur,
1698 2942 1817 3001 tamen
1838 2928 1975 3023 aliquid
2001 2928 2040 2997 in
2063 2929 2223 3022 exemplo
2248 2928 2333 2997 mali

402 3030 561 3103 'landem
580 3030 821 3123 igitnradditc
847 3031 1019 3105 Praeterit
1039 3035 1151 3127 ligura
1177 3030 1288 3105 buius
1344 3050 1407 3108 cst.
1471 3032 1566 3107 Nam
1595 3034 1817 3107 consuetudo
1849 3032 2041 3107 colentium
2064 3030 2171 3125 ,idota
2202 3031 2333 3103 confir-

317 3134 440 3217 muudi,
466 3136 504 3206 id
525 3146 595 3221 ιιι,
621 3147 738 3225 gestus
755 3136 952 3220 mundani,
977 3136 1068 3216 varii
1089 3141 1218 3230 gradm
1233 3134 1290 3205 vi·
1342 3151 1474 3212 matur.

315 3246 378 3313 tae,
402 3237 581 3321 dominia,
608 3239 812 3323 servitutes,
838 3251 1052 3312 contractus.
1400 3240 1403 3245 '
1445 3237 1515 3311 Sed
1533 3230 1594 3307 hic
1608 3234 1823 3309 nominatim
1838 3234 1877 3309 fit
1891 3232 2026 3306 mentio
2044 3229 2153 3306 huius
2168 3230 2337 3316 scandali,

401 3334 563 3411 Observa
586 3340 692 3409 ctiam
724 3335 783 3409 hic
807 3341 995 3429 approbari
1024 3350 1228 3411 contractus
1254 3352 1289 3411 et
1344 3342 1441 3437 quo'd
1455 3338 1586 3409 eruditi
1604 3340 1794 3412 movebant
1810 3335 2073 3421 imbecilliores,
2094 3348 2134 3407 ut
2150 3358 2336 3407 vesceren-

315 3460 418 3511 rerum
443 3442 628 3533 dominia,
653 3464 735 3514 cum
758 3443 934 3534 approbat
956 3442 1186 3537 emptionem.
1239 3439 1293 3513 Dc
1345 3458 1425 3530 tur,
1453 3435 1644 3514 ethorum
1669 3452 1790 3535 postea
1816 3438 2066 3512 sauciabantur
2090 3436 2337 3517 conscientiae,

316 3537 361 3610 his
384 3546 550 3616 omnibus
574 3543 677 3615 facile
702 3557 754 3616 est
778 3543 950 3614 iudicium
974 3546 1043 3632 iis,
1072 3546 1136 3639 qni
1158 3559 1293 3617 norunt
1346 3561 1385 3620 ut
1400 3544 1492 3616 varii
1509 3567 1609 3616 casus
1623 3558 1745 3615 nostro
1761 3559 1918 3634 tempore
1933 3541 2150 3626 acciderunt,
2175 3538 2238 3611 ubi
2254 3537 2338 3608 imi·

315 3643 490 3731 ἱιιιιίιίιιιι,
517 3647 564 3716 de
589 3669 658 3740 qua
681 3642 917 3718 concionatur
933 3639 1190 3738 Evangelium,
1219 3671 1293 3721 esse
1346 3647 1481 3723 tatione
1504 3645 1679 3718 libertatis
1701 3647 1807 3717 etiam
1837 3645 1876 3714 in
1902 3656 1996 3714 recte
2015 3642 2118 3714 lactis
2140 3639 2337 3713 imbecilles

314 3767 425 3816 novam
455 3762 489 3820 et
514 3763 720 3840 perpetuam
746 3748 878 3829 lucem,
906 3747 1103 3837 iusticiam,
1128 3764 1163 3822 et
1182 3752 1293 3824 vitam
1347 3749 1585 3822 conscientiae
1600 3748 1701 3819 valde
1716 3748 1874 3818 turbatae
1888 3758 1983 3817 sunt.

315 3846 345 3916 iu
360 3851 536 3926 cordibus.
590 3849 726 3920 luteres
745 3863 862 3918 tamen
884 3849 923 3920 in
947 3846 1015 3922 hac
1037 3853 1295 3923 consuetudine
1449 3845 1631 3940 Obiurgat
1645 3849 1757 3941 igitur
1769 3845 1903 3920 Paulus
1918 3848 2042 3919 doctos
2057 3845 2128 3916 sibi
2148 3844 2339 3938 placentes,

316 3951 400 4021 civili
415 3954 588 4024 utendum
604 3973 679 4022 esse
694 3952 848 4043 politicis
863 3953 1156 4025 ordinationibus
1173 3977 1295 4024 eorum
1321 3969 1324 3981 ’
1347 3965 1383 4024 ιι
1399 3955 1548 4024 audaces
1563 3952 1601 4022 in
1617 3953 1723 4024 rebus
1738 3975 1812 4022 nou
1831 3947 2056 4032 necessariis,
2081 3961 2122 4019 ut
2137 3958 2220 4019 sunt
2235 3945 2340 4018 multi

317 4050 482 4135 locorum,
510 4055 575 4125 ubi
599 4055 772 4140 vivimus,
797 4055 828 4126 si
850 4069 969 4127 tamen
992 4070 1191 4148 congruant
1215 4079 1296 4128 cum
1349 4065 1495 4148 propter
1518 4053 1791 4125 ostentationem
1812 4074 1896 4124 suae
1916 4049 2130 4124 eruditionis
2146 4063 2182 4122 et
2198 4047 2340 4144 sapien-

317 4152 378 4244 lrge
405 4170 563 4230 naturae.
1349 4157 1429 4232 tiae.
1489 4149 1540 4226 Et
1561 4155 1719 4248 regulam
1734 4151 1890 4228 Roman.
1906 4151 1965 4226 14.
1988 4153 2175 4238 traditam,
2200 4145 2262 4222 hic
2283 4173 2342 4222 re-

357 4288 361 4298 ·
1353 4259 1455 4350 petit:
1478 4253 1593 4331 Docet
1612 4257 1804 4331 necessaria
1821 4257 1982 4326 facienda
1998 4277 2088 4326 esse:
2115 4251 2159 4324 lu
2181 4275 2256 4325 non
2277 4274 2342 4322 ne·

651 4418 789 4528 cm
822 4419 943 4506 vm.
1353 4357 2017 4541 ιιιιιιιιιιιι,ἰ
2031 4368 2342 4548 :attelae

1353 4557 1497 4634 laedant
1510 4563 1664 4634 aliorum
1678 4560 1923 4641 conscientias,
1945 4572 2007 4630 aut
2022 4559 2233 4628 labefactent
2246 4579 2343 4627 com-

1354 4667 1500 4736 mun'em
1526 4665 1776 4750 concordiam,
1810 4663 1903 4733 sicut
1923 4659 2045 4750 regula
2068 4657 2346 4730 lurisconsulto·

408 4753 518 4826 lnlll⁰
543 4777 622 4826 '¹¹⁰⁸
643 4755 912 4836 “infidelem'’
942 4779 1050 4849 qulffl
1069 4751 1258 4851 =mettium
1282 4783 1302 4830 ⁸
1354 4791 1434 4838 rnrn
1459 4778 1552 4836 recte
1573 4761 1692 4838 docet:
1719 4763 1830 4854 Quod
1854 4761 1923 4834 tibi
1946 4783 2021 4832 non
2044 4772 2167 4846 uocet,
2192 4771 2227 4830 et
2241 4757 2344 4828 alteri

317 4855 469 4942 lllllblss
488 4853 658 4942 Ellffllssle
690 4871 811 4950 1)θῦῑῦ
838 4858 947 4930 ellam
971 4860 1098 4930 emim
1123 4887 1205 4932 vera
1237 4865 1303 4932 do·
1354 4869 1517 4962 prodest,
1548 4867 1585 4938 id
1609 4867 1863 4962 praestandum
1886 4876 1949 4934 ιιι.
2001 4860 2140 4933 lustum
2161 4873 2214 4932 est
2236 4860 2345 4952 igitur

318 4959 426 5028 ctrina
447 4961 684 5034 retinuerunt.
1355 4967 1548 5058 astringere
1563 4968 1762 5039 libertatem
1777 4978 1923 5060 propter
1940 4962 2094 5036 aliorum
2110 4961 2281 5046 salutem,
2304 4976 2345 5032 ut

406 5060 499 5134 Cum
516 5062 557 5132 in
581 5063 708 5134 diebus
728 5061 827 5132 lestis
849 5062 1059 5134 sacrificium
1075 5065 1200 5150 fiebat,
1224 5068 1306 5156 pa'rl
1355 5073 1485 5144 itinere
1500 5071 1662 5144 iaciendo
1677 5070 1846 5143 robustus
1871 5065 1992 5140 minos
2013 5065 2182 5160 properat
2199 5075 2347 5158 propter

318 5158 474 5234 victimae
490 5165 759 5242 incendebatur,
786 5186 867 5254 pars
882 5181 957 5237 erat
972 5167 1115 5259 propria
1130 5165 1305 5240 Sacerdo·
1356 5171 1552 5244 imbecilles
1571 5170 1731 5250 comites.

318 5275 406 5348 tum,
432 5289 514 5357 pars
531 5267 731 5336 communis
749 5267 998 5358 patrifamilias
1011 5284 1045 5340 et
1061 5271 1217 5354 caeteris,
1243 5270 1305 5362 qui
1461 5271 1557 5345 Haec
1580 5275 1722 5364 regula,
1763 5295 1856 5368 quae
1886 5282 2009 5343 monet
2031 5268 2247 5350 servandum
2274 5287 2347 5339 esse

319 5363 471 5438 victimas
486 5371 668 5442 dederant.
712 5364 876 5442 Etcrant
893 5371 1005 5442 multa
1021 5371 1213 5460 peculiaria
1229 5395 1306 5442 cer·
1357 5376 1549 5447 discrimen
1571 5375 1876 5448 internecessaria
1892 5387 1926 5444 et
1943 5370 2247 5451 annumeraris,
2271 5393 2367 5441 man

318 5479 424 5538 tarum
449 5469 668 5542 familiarum
695 5470 891 5552 sacrificia,
938 5473 978 5542 iu
1001 5473 1134 5566 quibus
1164 5473 1306 5564 cognati
1358 5501 1469 5569 quum
1483 5501 1588 5548 usum
1605 5474 2026 5560 babetinuuiversavita,
2042 5467 2347 5546 eteoercetmulta

320 5565 513 5662 trequentes
548 5572 838 5657 conveniebant,
880 5586 916 5644 et
938 5596 960 5644 a
981 5574 1111 5646 sacello
1143 5575 1308 5646 victimae
1358 5581 1463 5666 vitia,
1485 5571 1855 5680 πολυπραγμοσύνην
1861 5623 1875 5663 ,
1897 5574 2155 5668 arrogantiam,
2180 5584 2215 5642 et
2231 5569 2312 5642 alia.

321 5681 429 5756 partes
449 5673 489 5742 in
510 5696 598 5745 suas
616 5675 748 5744 domos
769 5671 985 5763 afferebant,
1017 5689 1058 5748 ut
1082 5698 1188 5748 senex
1210 5680 1307 5770 apud
1462 5670 1559 5752 llaec
1591 5695 1643 5753 est
1673 5703 1811 5754 summa
1845 5678 1988 5771 cepitis,
2027 5697 2134 5771 qoam
2173 5671 2347 5744 recensui·

322 5765 593 5866 Aristophanem
609 5777 660 5846 'in
677 5773 783 5848 Pluto
809 5775 975 5848 victimae
999 5791 1136 5870 partem
1159 5781 1307 5852 domum
1360 5778 1782 5862 Caeterumfdictamulta
1796 5782 1928 5852 inserta
1943 5792 2039 5863 suut,
2058 5775 2258 5846 doctrinam
2273 5774 2348 5842 eri·

322 5871 429 5950 affert.
487 5873 613 5972 Aliqui
633 5877 740 5950 etiam
764 5877 809 5948 ad
832 5880 962 5951 sacella
984 5903 1056 5952 uua
1079 5903 1160 5954 curu
1181 5881 1308 5956 Sacer·
1362 5885 1470 5956 miam
1493 5885 1697 5958 continent:
1727 5881 1885 5958 setena·
1907 5881 2026 5966 inflat,
2049 5874 2206 5950 Dilectio
2225 5872 2348 5946 aedib-

369 5973 556 6050 Mrcarrr.
575 5981 680 6051 Ocra.
709 5976 797 6054 Vos.
813 5983 895 6056 XV.
1509 5985 1560 6060 69

428 4596 528 4700 Περὶ
550 4595 591 4676 di
617 4603 696 4673 τῶν
717 4593 984 4675 εἰδωλοθύτων
1006 4599 1173 4698 οἴδαμεν.
