5825 6950
310 724 392 799 398
570 718 574 725 ’
693 719 777 795 Xll.
830 715 1132 796 unnuut'rto
1159 720 1213 795 tu
1239 720 1423 798 EVANG.
1451 717 1669 800 tonttttts.
1721 718 1827 796 CAP.
1852 722 1990 799 xvttt.
2289 727 2368 806 894

315 899 383 972 Die
409 894 474 969 tu.
506 915 615 965 cuens
632 916 720 965 cum
742 892 877 966 bizaco
907 897 947 966 in
963 890 1141 967 Bethania
1166 898 1207 966 in
1235 898 1318 968 snb·
1371 896 1582 989 prsvatione
1610 920 1685 966 nou
1707 898 1823 967 solnm
1854 898 2030 969 naturalis
2053 899 2226 992 qtteedam
2250 914 2302 971 est
2325 902 2365 971 in

315 1006 413 1072 beto.
478 998 548 1070 Die
580 998 643 1073 20.
676 1000 751 1069 dies
780 996 998 1070 Pelmsntm.
1057 998 1319 1074 Die21.mn-
1370 996 1545 1072 Cicerone
1563 1000 1644 1088 luga
1663 1001 1807 1085 mortis,
1832 1002 1893 1073 sed
1920 1001 2027 1072 etiam
2052 1002 2225 1075 accedunt
2242 1004 2362 1078 vitiosi
2479 1058 2483 1071 .

316 1104 445 1175 ledixit
461 1102 556 1187 ficui,
583 1100 672 1172 etin
688 1102 824 1194 templo
839 1104 1029 1174 soerrimss
1045 1099 1319 1175 concimresba·
1370 1092 1535 1188 effectus,
1562 1117 1745 1173 succenset
1759 1100 1859 1183 Deo,
1887 1105 2059 1189 miretur,
2083 1101 2249 1176 curbaec
2262 1128 2366 1196 prae-
2502 1122 2507 1137 ·

316 1207 414 1289 buit,
443 1230 537 1299 quse
559 1205 601 1273 in
618 1200 804 1276 Matthneo
828 1217 960 1277 extant.
1012 1204 1082 1283 Die
1108 1209 1172 1278 22.
1208 1228 1319 1278 coens
1370 1221 1469 1277 stem
1486 1220 1613 1276 nature
1631 1207 1738 1276 tantis
1754 1206 1860 1275 malis
1877 1221 2026 1279 onerate
2044 1208 2109 1292 sit,
2134 1231 2237 1297 aegre
2259 1211 2366 1281 amit-

316 1312 351 1381 in
368 1302 554 1379 Betbsnie
577 1310 616 1377 in
638 1309 750 1378 domo
771 1306 931 1381 Simonis
950 1310 1095 1400 leprosi.
1157 1310 1229 1381 Die
1252 1311 1317 1385 28.
1371 1310 1415 1379 tit
1432 1309 1528 1379 vitre
1540 1310 1755 1402 voluptates.
1807 1307 1911 1379 ltain
1927 1310 2008 1379 aliis
2030 1310 2092 1381 alii
2113 1312 2287 1385 accedunt
2307 1312 2366 1382 in·
2510 1314 2521 1327 '

315 1412 435 1506 pectio
470 1408 592 1485 ludae.
658 1408 729 1483 Die
758 1410 822 1486 24.
859 1409 936 1481 dies
967 1434 1194 1509 azymorum,
1238 1435 1319 1485 esns
1369 1410 1530 1481 ordinati
1546 1424 1676 1485 motus.
1729 1408 1833 1482 Acin
1851 1408 2020 1498 Christo,
2053 1414 2118 1486 etsi
2144 1429 2196 1486 est
2216 1427 2365 1485 natuera-

317 1516 415 1606 sgoi,
460 1525 496 1583 et
526 1512 704 1584 institutio
729 1537 859 1585 coenae
884 1512 1106 1591 Domiuieae.
1164 1516 1320 1611 Fuitqne
1376 1516 1422 1584 lis
1437 1515 1519 1603 supa
1536 1516 1662 1585 mortis
1677 1529 1711 1586 et
1726 1514 1850 1599 dolor,
1877 1530 1996 1587 temen
2012 1514 2099 1587 baec
2115 1540 2190 1589 non
2206 1530 2291 1589 suot
2305 1518 2363 1594 iu-

321 1638 424 1688 veros
446 1611 629 1708 paschatis
652 1615 804 1687 Moesici
825 1618 902 1688 dies
923 1642 944 1687 e
968 1640 1114 1711 verpere
1134 1620 1212 1691 eins
1232 1618 1318 1703 diei,
1371 1619 1550 1691 ordinata.
1613 1616 1739 1689 Postea
1770 1642 1854 1687 vero
1891 1633 1978 1689 stant
2006 1619 2149 1689 dolores
2180 1614 2365 1707 horrendi,

321 1723 366 1791 ed
381 1720 643 1813 postridianum
657 1721 756 1790 iuxta
772 1720 1168 1794 rationem-Mosaieam.
1196 1722 1318 1812 Quare
1368 1742 1532 1817 quorum-
1547 1720 1831 1810 magnitudinem
1854 1746 1919 1791 ner
1945 1718 2125 1802 homines,
2163 1747 2228 1793 nee
2248 1724 2365 1813 angeli

319 1822 485 1896 Christus
501 1835 536 1892 et
556 1823 717 1913 legitimo
739 1824 975 1897 die'eomedit
996 1846 1147 1914 sgnum,
1162 1841 1208 1895 ἐι
1231 1848 1318 1895 vero
1341 1871 1345 1930 3
1368 1824 1438 1895 ulli
1454 1837 1601 1914 possunt
1619 1823 1751 1918 eloqui.
1804 1818 1879 1895 Scit
1900 1818 2066 1915 Christus
2085 1821 2201 1896 Deum
2225 1850 2308 1896 vere
2331 1840 2366 1898 et

314 1922 498 2019 paschatis
515 1927 575 1995 die
597 1926 787 1997 crucifixus
809 1943 870 1998 est.
924 1926 999 1997 -ttte
1024 1930 1086 2004 26.
1124 1928 1318 1999 crucifixio.
1341 1939 1344 1976 ¹
1371 1923 1596 1999 horribiliter
1610 1927 1716 1997 irasci
1734 1927 1898 2018 pereatis,
1923 1942 1958 1997 et
1975 1923 2068 1997 benc
2083 1926 2174 1995 iram
2191 1928 2281 1999 inse
2300 1932 2365 2003 de·

308 2030 381 2101 Die
398 2030 470 2101 26.
498 2029 570 2101 tuit
590 2030 631 2099 io
646 2031 821 2121 sepulcro.
883 2022 952 2099 Die
974 2024 1039 2107 27.
1066 2033 1292 2103 resurrectio.
1369 2030 1520 2100 rirnt'em
1538 2054 1621 2103 esse.
1677 2028 1769 2101 lacet
1789 2030 1899 2120 igitur
1921 2044 2119 2120 prostratur
2143 2054 2267 2101 rorem·
2278 2028 2365 2119 Deo,

1369 2133 1496 2203 dolens
1516 2157 1554 2204 se
1577 2156 1677 2204 reum
1709 2157 1803 2217 esse,
1844 2158 1884 2203 se
1911 2132 1944 2203 si
1974 2132 2251 2207 contaminasset
2286 2158 2363 2209 sese

416 2174 477 2251 Ε*
494 2174 562 2250 ¹²²⁰
587 2180 717 2251 ¹³b⁰¹¹⁸
738 2181 978 2251 mimadmfi
1000 2195 1136 2273 ''⁰¹⁰⁸‘’
1161 2208 1235 2277 ‘¹¹¹⁰
1258 2181 1318 2253 die
1369 2231 1537 2307 horribili
1573 2237 1817 2327 turpitudine,
1864 2261 1936 2333 qua
1972 2236 2172 2325 turpissimi
2212 2237 2366 2310 cultores

307 2262 483 2357 Christos
499 2278 631 2373 sgnum
647 2284 861 2369 comederit,
886 2297 922 2353 et
944 2284 1075 2355 deinde
1098 2305 1248 2376 agonem
1270 2286 1316 2355 ad

312 2400 478 2459 montem
498 2381 640 2457 Oliveti
656 2386 873 2472 incoaverit,
897 2409 1004 2456 mons
1026 2390 1205 2458 olivarnm
1226 2388 1317 2457 vici·

319 2514 391 2561 nos
405 2504 483 2560 erat
501 2487 738 2583 lerosolymao
753 2490 793 2558 in
815 2512 856 2559 es
881 2503 1000 2579 parte,
1032 2514 1102 2585 qus
1128 2494 1215 2563 urlts
1235 2514 1317 2583 spe·

324 2596 437 2663 etshn
449 2592 646 2672 orientem,
673 2616 715 2661 ae
731 2615 834 2685 saepe
856 2592 1074 2679 celebratur,
1106 2608 1147 2665 nt
1171 2599 1207 2670 2.
1226 2592 1318 2685 Reg.

318 2692 377 2769 15.
403 2696 444 2764 in
467 2697 553 2786 suga
576 2692 736 2769 Davidis.
798 2693 847 2767 Et
871 2713 1075 2791 qttanusm
1098 2700 1144 2767 de
1169 2698 1317 2769 nomine

312 2796 459 2870 &deun
473 2799 677 2891 disputent,
710 2812 831 2869 temen
854 2813 1132 2872 cousentaneum
1155 2814 1209 2871 est
1229 2824 1317 2871 ean-

313 2905 393 2972 dem
410 2901 693 2993 appellationem
707 2924 802 2984 esse,
831 2925 923 2995 quae
941 2916 994 2973 est
1008 2904 1047 2973 in
1063 2906 1185 2975 eadem
1203 2900 1317 2976 histo·

313 3006 365 3075 ria
378 3002 549 3078 Devidis.
600 3003 684 3076 Erit
699 3004 811 3096 igitur
824 3002 991 3077 Christus
1005 3011 1128 3078 eadem
1142 3009 1219 3089 vis,
1245 3030 1317 3101 qne

313 3106 436 3178 David
451 3106 543 3177 olim
560 3126 750 3199 oppressus
768 3109 910 3200 ingenti
934 3112 1059 3181 dolore
1081 3126 1115 3183 et
1137 3112 1237 3182 luctu
1257 3111 1315 3181 fu·

312 3226 438 3301 geret,
463 3203 677 3281 erotos'ism
693 3232 768 3280 non
783 3212 900 3282 solnm
915 3234 1047 3304 regno,
1081 3216 1144 3284 sed
1168 3214 1232 3283 ills
1258 3234 1317 3283 es·

312 3314 461 3383 cellenti
479 3313 622 3383 virtutis
635 3310 760 3403 glosis,
785 3336 893 3408 qnam
907 3310 1098 3389 bebuerst:
1123 3319 1187 3386 sed
1201 3315 1318 3387 multo
1472 3315 1706 3386 Accesserunt
1722 3328 1755 3385 et
1776 3315 1867 3385 aliae
1885 3338 2008 3386 causae
2024 3314 2217 3386 tristissimi
2236 3315 2364 3399 luctus,

316 3418 456 3490 tristius
478 3428 530 3486 est
549 3416 619 3488 iter
638 3412 794 3502 Christi,
835 3418 901 3512 qui
924 3419 968 3489 ad
996 3419 1103 3512 longe
1135 3417 1318 3490 difficilius
1341 3449 1343 3483 :
1368 3420 1464 3516 quod
1481 3417 1645 3489 videlicet
1661 3417 1753 3490 vidit
1767 3441 1866 3490 suem
1885 3432 2024 3510 gentem
2041 3418 2267 3490 interituram
2281 3440 2365 3506 esse,

318 3534 498 3592 certamen
511 3520 706 3610 egreditur.
1340 3532 1343 3581 t
1367 3523 1452 3594 item
1470 3523 1569 3616 quod
1585 3522 1674 3592 vidit
1689 3523 1879 3592 maximnm
1897 3536 2033 3615 partem
2057 3521 2195 3614 generis
2213 3517 2363 3591 bomani

420 3671 480 3744 δὴ
495 3668 609 3763 igitur
624 3671 762 3763 primus
777 3685 895 3757 actus,
920 3673 1036 3752 lum,
1068 3688 1102 3745 el
1126 3698 1181 3745 m
1202 3689 1318 3766 gestae
1341 3734 1343 3741 Ι
1369 3627 1543 3715 ingratam
1564 3623 1641 3695 fore
1663 3649 1728 3718 pro
1745 3621 1813 3695 hor
1828 3624 2019 3713 beneficio,
2053 3638 2172 3696 tentae
2197 3624 2361 3694 multitu-

323 3769 503 3864 inborto,
532 3798 624 3868 quae
641 3783 835 3844 narrantur
849 3777 896 3845 eb
912 3775 991 3846 aliis
1005 3771 1243 3869 Evangelistis
1258 3803 1318 3852 co·
1340 3760 1344 3863 l
1368 3729 1465 3798 ‘¹3¹¹ss
1484 3740 1668 3847 ,ulmum
1687 3727 1873 3848 3¹¹¹?‘imm
1899 3729 2005 3800 ‘fiam
2030 3728 2138 3849 vidit,
2171 3740 2205 3797 ΕΙ
2225 3727 2362 3817 inimi
2388 3791 2391 3801 ·

320 3878 468 3970 Ρῑωῑω,
530 3871 735 3948 Matthaeus
766 3877 908 3948 orditur
931 3904 1007 3949 eam
1032 3881 1274 3954 narrationem
1297 3907 1317 3952 a
1340 3884 1344 3915 ,
1367 3845 1550 3901 moesticia
1574 3831 1783 3926 deploravit.
1843 3828 1942 3902 Haec
1967 3835 2253 3919 consideremus,
2280 3853 2360 3900 cum

317 3981 530 4074 moribus:
573 3976 700 4072 Coepit
723 3977 822 4051 lesus
846 3981 988 4070 dolen,
1020 3997 1056 4054 et
1090 3965 1318 4056 vehementer
1340 3956 1343 3981 ²
1367 3928 1765 4024 hoedictumlegimns.
1800 3930 1927 4028 Coepit
1943 3934 2065 4004 dolere
2080 3948 2114 4004 et
2130 3933 2213 4024 angi
2231 3931 2364 4016 animo,
2401 3961 2406 3971 ¹

315 4085 399 4175 angi
421 4083 558 4168 animo,
583 4097 617 4154 et
634 4078 799 4154 Christus
814 4083 950 4178 inquit:
977 4081 1109 4157 Tristis
1126 4101 1178 4158 est
1197 4111 1317 4160 enema
1340 4018 1343 4126 Ι
1368 4053 1403 4109 ⁰²
1433 4036 1566 4128 finguli
1601 4049 1724 4108 mmm
1753 4051 1891 4129 peccata
1922 4037 2075 4108 mamm
2104 4035 2142 4105 in
2175 4031 2360 4106 Christum

316 4211 396 4256 nm
414 4210 529 4284 mque
547 4186 590 4257 ad
606 4200 779 4274 monem,
813 4188 907 4257 inm
929 4181 1000 4258 hmA
1023 4190 1167 4259 dolores
1191 4215 1318 4284 preca·
1340 4136 1344 4226 ἰ
1364 4141 1538 4263 'translata
1553 4161 1627 4212 esse
1654 4154 1687 4209 et
1708 4139 1846 4210 auxisse
1863 4139 1940 4210 eius
1954 4140 2107 4210 dolores.

313 4303 397 4375 tur,
424 4304 458 4361 et
475 4302 574 4360 tauta
589 4303 639 4362 est
655 4289 768 4376 lucta,
801 4303 840 4362 ut
866 4306 1037 4365 cruentus
1061 4295 1173 4364 sudor
1196 4257 1344 4403 erum-l
1471 4292 1591 4385 Supra'
1615 4306 1733 4364 eutem
1768 4295 2019 4385 respondimus
2055 4293 2100 4365 sd
2133 4289 2364 4371 obiectiones,

312 4408 399 4484 pst,
435 4391 591 4464 mittitur
621 4404 655 4462 et
676 4391 822 4483 angelus
844 4395 890 4464 ed
916 4418 997 4464 enm
1022 4395 1320 4468 confirmandum.
1340 4444 1343 4459 ·
1367 4418 1458 4492 quse
1471 4395 1628 4466 breviter
1646 4390 1706 4466 bic
1722 4397 1912 4489 repetenda
1929 4411 2023 4472 suut.
2074 4392 2196 4464 Prima
2217 4405 2288 4482 est,
2323 4394 2362 4462 in

309 4493 419 4568 Haec
433 4517 514 4567 cum
532 4495 655 4586 legunt
671 4489 836 4567 homiues
851 4497 1015 4590 profani,
1041 4499 1231 4585 mirantur,
1254 4524 1320 4571 cur
1340 4469 1344 4541 Ι
1367 4498 1493 4570 multis
1505 4497 1586 4567 eliis
1602 4498 1688 4569 viris
1702 4512 1739 4568 et
1754 4499 1883 4590 puellis
1898 4523 1971 4570 non
1990 4497 2059 4569 luit
2073 4509 2194 4567 tentus
2206 4495 2310 4565 dolor
2323 4495 2363 4566 in

311 4613 418 4670 tenta
434 4599 617 4673 moesticia
633 4599 673 4670 in
692 4599 768 4670 viro
791 4599 877 4671 sorti
894 4601 1065 4686 extiterit,
1091 4627 1171 4672 cum
1189 4601 1319 4674 Socra·
1368 4605 1468 4674 aditu
1499 4601 1646 4699 mortis,
1687 4614 1843 4695 quantus
1865 4603 1904 4671 in
1926 4596 2083 4672 Christo.
2148 4595 2222 4671 Gur
2253 4597 2364 4687 igitur

309 4715 388 4788 tes,
416 4700 491 4771 imo
508 4701 689 4772 interdum
703 4702 808 4772 etiam
826 4701 986 4796 puellae,
1009 4719 1052 4774 ut
1064 4701 1231 4775 Herculis
1245 4705 1318 4776 lilia
1366 4706 1463 4799 ipse,
1496 4727 1578 4774 cunt
1607 4698 1736 4775 babeat
1773 4723 1948 4774 summam
1973 4704 2145 4773 virtutum
2174 4700 2362 4790 perlectio-

310 4805 415 4898 spud
432 4801 657 4896 Euripidem,
683 4805 852 4876 dicautur
867 4805 994 4876 maiori
1010 4807 1122 4877 animi
1141 4807 1318 4904 tranquil·
1341 4867 1344 4893 ,
1367 4833 1470 4888 nem,
1498 4808 1587 4876 adeo
1603 4807 1826 4899 expavescit?
1876 4803 2108 4898 Respondeo:
2136 4800 2245 4874 Nulla
2261 4826 2359 4872 crea·

310 4907 418 4980 litate
441 4921 594 4980 mortem
618 4907 749 4979 adiisse
781 4924 815 4980 et
844 4909 1053 5008 sustinuisse
1060 4962 1073 4996 ,
1109 4911 1168 4980 sed
1191 4906 1319 4982 Eccle-
1369 4926 1447 4982 turs
1467 4923 1583 5001 potest
1597 4911 1772 4982 sustinere
1787 4909 2071 5000 magnitudinem
2096 4907 2172 4978 irae
2188 4901 2275 4990 Dei,
2301 4921 2359 4978 tu·

310 5011 365 5080 sis
383 5010 517 5100 cogitet
536 5034 677 5098 causas,
703 5025 738 5084 et
753 5011 946 5083 discrimen
961 5013 1087 5084 mortis
1098 5009 1257 5100 Christi,
1283 5027 1317 5086 et
1367 5014 1410 5085 lit
1433 5014 1545 5104 igitur
1565 5011 1660 5084 lilius
1682 5013 1750 5084 Dei
1774 5035 1946 5106 poenam,
1985 5035 2032 5082 ne
2059 5006 2188 5083 caeteri
2211 5009 2361 5093 ferrent,

313 5114 477 5186 eliorum
500 5107 700 5186 hominum.
762 5111 964 5188 Commune
990 5130 1043 5187 est
1060 5109 1319 5189 boc'omnibus
1367 5119 1448 5188 ideo
1467 5117 1506 5186 in
1524 5113 1719 5186 Laurentio
1736 5127 1771 5187 et
1783 5115 1862 5184 aliis
1880 5115 1996 5186 maior
2010 5113 2175 5188 alacritas
2190 5113 2361 5196 cernitur,

315 5213 552 5300 bominibus,
578 5241 659 5288 cum
676 5242 776 5289 mens
790 5218 973 5314 praevidet
992 5231 1160 5307 mortem,
1185 5232 1225 5292 ut
1240 5221 1319 5291 ani·
1367 5220 1451 5315 quis
1468 5241 1592 5290 rsnsse
1609 5219 1820 5312 praecipuae
1832 5217 1967 5290 doloris
1981 5218 2021 5286 in
2039 5218 2089 5290 eis
2110 5236 2183 5288 uon
2205 5228 2290 5286 sunt
2308 5227 2362 5286 ta-

313 5345 372 5391 ma
391 5333 428 5392 et
444 5344 507 5390 ror
523 5335 754 5412 expavescant
769 5321 946 5393 cruciatus
958 5335 993 5395 et
1008 5336 1169 5395 mortem.
1194 5393 1211 5408 ,
1221 5321 1318 5414 Quia
1367 5326 1440 5408 les,
1464 5336 1505 5393 ut
1520 5322 1559 5392 iu
1573 5317 1730 5394 Christo.
1783 5317 1886 5392 Beati
1902 5345 2055 5416 quortun
2073 5333 2165 5392 tecta
2181 5329 2266 5390 sunt
2279 5340 2362 5409 pec·

312 5437 450 5496 ustura
479 5422 730 5495 universaliter
757 5423 848 5516 fugit
869 5426 1148 5498 destructionem
1172 5427 1247 5510 sui,
1279 5451 1320 5496 sc
1366 5440 1462 5511 ests,
1492 5425 1614 5521 inquit
1637 5423 1812 5499 Psalmus.
1872 5421 1938 5496 Est
1960 5424 2071 5514 igitur
2093 5421 2245 5492 slsrrior
2265 5417 2363 5491 Lau-

313 5526 456 5598 servari
473 5541 508 5596 et
523 5527 716 5596 incolumis
731 5551 876 5599 manere
900 5529 1011 5622 cupit.
1060 5528 1123 5601 ste
1137 5543 1172 5600 et
1189 5527 1319 5603 Socra·
1340 5462 1345 5620 Ι
1366 5527 1522 5611 rentius,
1554 5529 1742 5622 quiscum
1766 5527 1820 5598 ire
1843 5521 1911 5598 Dei
1933 5527 2093 5598 derivata
2119 5523 2166 5596 sit
2194 5524 2234 5593 in
2256 5519 2362 5594 Chri-

312 5646 366 5702 tes
392 5645 430 5703 et
450 5626 577 5701 Cicero
597 5651 679 5700 vere
693 5630 837 5718 dolent,
872 5653 1080 5726 quanquam
1102 5632 1223 5727 eliqua
1238 5653 1320 5704 mo·
1340 5621 1343 5656 ¹
1365 5646 1482 5716 soon,
1508 5630 1705 5702 Lmrentto
1721 5630 1898 5723 parcitur,
1924 5651 2062 5701 oseem
2080 5641 2213 5699 cernat.
2251 5617 2362 5696 Cbri·
2396 5681 2408 5702 ,

313 5737 507 5806 der-stione
522 5747 649 5824 regunt
663 5751 780 5825 gestus
797 5748 981 5816 externos,
1016 5749 1138 5806 tamen
1159 5736 1320 5808 inclusos
1340 5702 1344 5784 Ι
1367 5749 1444 5805 stus
1460 5737 1613 5806 luctatus
1630 5747 1681 5806 est
1695 5748 1732 5806 et
1746 5733 1816 5804 tote
1828 5726 1986 5826 λύτρον,
2011 5746 2052 5804 ut
2067 5729 2173 5802 nobis
2188 5739 2363 5819 parcatur,

313 5853 370 5911 est
387 5837 565 5907 inanima
582 5851 618 5909 et
639 5838 678 5908 in
701 5840 809 5914 eorde
829 5839 952 5921 dolor,
987 5838 1052 5931 qui
1075 5837 1213 5910 nullius
1236 5861 1319 5910 or»
1340 5786 1344 5891 Ι
1367 5861 1478 5932 qnare
1494 5834 1659 5908 Psslmus
1682 5837 1788 5908 dicit:
1826 5834 1866 5908 st
1889 5835 2097 5930 iniquitates
2120 5827 2364 5906 observaveris

315 5945 421 6016 tione
436 5940 523 6014 satis
537 5941 693 6016 describi
709 5955 835 6036 potest.
886 5933 935 6012 Et
942 5941 986 6012 in
1008 5936 1076 6012 bec
1090 5954 1240 6013 osturse
1254 5944 1320 6012 de-
1341 5897 1346 6030 Ι
1369 5939 1540 6029 Domine,
1565 5940 1720 6014 Domine
1733 5939 1817 6034 sptbs
1833 5937 2034 6010 sustinebit.

1341 2435 1345 2489 Ι
1368 2444 1457 2513 orbe
1475 2454 1650 2513 terrarum
1666 2465 1702 2511 ae
1718 2442 2023 2515 contaminarunt.
2076 2440 2147 2511 Pro
2170 2438 2227 2511 bis
2242 2466 2364 2533 pecca,-

1339 2501 1344 2630 l
1368 2546 1415 2616 tis
1431 2546 1561 2615 uostris
1575 2548 1782 2636 deprecator
1796 2559 1869 2630 est,
1894 2560 1928 2617 et
1945 2547 2101 2617 luctatur
2116 2568 2198 2615 curn
2214 2545 2267 2615 ira
2285 2541 2365 2629 Dei,

1340 2655 1344 2742 l
1368 2660 1410 2719 ot
1424 2670 1564 2738 semper
1583 2664 1717 2741 partem
1734 2649 1808 2719 irae
1831 2650 2038 2741 depreeatur
2063 2648 2101 2717 in
2124 2670 2199 2719 sese
2215 2647 2366 2734 derivat,

1340 2745 1343 2765 '
1368 2750 1432 2845 qui
1448 2752 1594 2824 videtur
1606 2753 1718 2822 melos
1732 2752 1936 2837 sublevare,
1962 2766 1997 2823 et
2019 2752 2140 2822 minus
2159 2751 2263 2822 irasci
2283 2766 2365 2823 tun-

1369 2854 1545 2951 pitudini,
1582 2880 1688 2949 quem
1712 2855 1877 2938 deberet,
1914 2854 2006 2926 sicut
2029 2852 2115 2925 losb
2138 2856 2362 2945 vituperatur

1366 2957 1598 3049 patrocinans
1613 2958 1812 3043 Absoloni,
1845 2960 1907 3029 sed
1930 2956 1991 3028 hic
2013 2956 2119 3042 dolor
2141 2970 2175 3028 et
2189 2958 2283 3030 lucta
2298 2958 2363 3027 lilii

1340 3039 1344 3158 Ι
1365 3058 1455 3144 Dei,
1479 3061 1588 3152 longe
1603 3074 1748 3151 superet
1768 3082 1894 3133 omues
1915 3060 2076 3131 omnium
2097 3061 2306 3151 angelorum
2329 3074 2365 3131 et

1340 3169 1344 3248 i
1368 3157 1558 3234 bominum
1576 3164 1820 3254 cogitationes.
