5825 6950
550 655 626 732 669
1139 631 1271 708 Pntt.
1295 627 1414 706 Mitt.
1438 627 1651 708 SCRIPTA
1677 627 1982 710 EXEGETICA.
2494 643 2564 721 660

557 837 733 902 summata
764 811 904 892 iusticia
929 826 966 887 et
987 804 1212 894 obedientia,
1248 817 1284 878 et
1305 801 1468 897 impletio
1498 803 1555 875 le-
1707 802 1804 878 Haec
1832 803 2039 899 depravatio
2055 801 2227 878 Paulinae
2254 807 2442 880 sententiae
2463 817 2568 904 procul

557 933 633 1024 gis,
658 943 839 1002 tuncrum
856 939 1002 1014 prorsus
1024 913 1140 985 deleta
1163 905 1231 980 hac
1250 906 1458 1025 infirmitate
1477 929 1557 978 car·
1607 907 1829 1001 repudianda
1843 921 1913 996 est,
1928 923 1962 981 et
1976 919 2120 979 econtra
2135 913 2380 998 statuendum,
2400 917 2489 1006 quod
2504 941 2570 990 caro

559 1033 638 1118 nis,
674 1027 865 1099 vestiemur
881 1031 956 1094 tota
982 1016 1141 1088 novitate
1163 1009 1360 1103 spirituali,
1390 1031 1482 1106 quac
1505 1021 1559 1082 est
1608 1033 1691 1082 vere
1708 1023 1746 1098 et
1756 1011 1900 1104 proprie
1919 1011 2090 1100 significet
2110 1023 2219 1082 totam
2243 1026 2405 1086 naturam
2428 1011 2573 1106 hominis,

560 1136 699 1224 integra
716 1127 858 1200 iusticia
875 1137 911 1197 et
925 1117 1130 1192 obedientia
1145 1113 1223 1184 sine
1238 1124 1392 1205 peccato.

663 1265 760 1338 Sciat
784 1273 899 1332 autem
922 1257 1034 1326 lector
1057 1248 1150 1323 hanc
1165 1248 1342 1320 rationem
1358 1270 1559 1319 accommo-

564 1371 718 1444 dandam
739 1387 813 1435 esse
828 1363 871 1432 ad
894 1359 1094 1430 institutam
1121 1351 1423 1446 propositionem,
1456 1349 1559 1418 vide-

565 1473 664 1543 licet:
699 1465 807 1537 Nulla
821 1487 917 1533 nunc
939 1455 1189 1530 condemnatio
1211 1465 1263 1524 est
1282 1447 1357 1539 his,
1389 1451 1452 1546 qui
1476 1463 1561 1523 sunt

567 1576 608 1644 in
622 1566 767 1644 Christo
784 1579 849 1639 etc.
899 1559 991 1633 Nam
1006 1574 1046 1630 ut
1060 1553 1153 1628 hanc
1169 1555 1448 1648 propositionem
1473 1577 1561 1624 cou-

568 1677 743 1756 firmaret,
775 1664 895 1738 adiicit
916 1662 1118 1756 sequentia,
1153 1671 1274 1751 estque
1295 1653 1382 1726 haec
1405 1679 1559 1726 summa:

570 1775 765 1848 Credentes
778 1780 862 1840 sunt
875 1766 981 1850 iusti,
1013 1763 1048 1833 id
1065 1775 1134 1842 est,
1167 1761 1298 1850 accepti
1313 1757 1391 1828 Deo
1415 1770 1562 1851 propter

570 1872 774 1958 Christum,
805 1869 942 1939 etiamsi
973 1865 1042 1955 legi
1063 1887 1138 1934 uon
1161 1861 1392 1934 satisfaciunt.
1451 1857 1561 1930 Ratio

573 1993 643 2051 est:
670 1973 765 2065 Quia
786 1972 881 2042 enim
897 1966 1061 2040 Christus
1083 1990 1150 2058 pro
1172 1963 1280 2032 nobis
1299 1963 1411 2032 factus
1436 1974 1489 2031 cst
1509 1960 1563 2028 vi-

575 2081 701 2161 ctima,
726 2087 762 2146 et
774 2072 917 2144 sustulit
933 2082 1132 2162 peccatum,
1164 2067 1246 2134 ideo
1268 2065 1340 2134 iam
1366 2087 1440 2133 non
1461 2085 1564 2133 accu-

575 2195 627 2252 sat
651 2179 707 2248 lex
734 2179 939 2256 credentes,
968 2173 1029 2240 sed
1044 2191 1166 2239 sumus
1190 2166 1274 2238 iusti
1298 2179 1442 2257 propter
1456 2161 1564 2236 Chri-

575 2297 669 2354 stum
686 2279 775 2363 sade,
802 2277 949 2367 perinde
966 2297 1007 2340 ac
1025 2273 1054 2340 si
1071 2269 1141 2358 legi
1157 2269 1443 2338 satisfaceremus.
1486 2265 1566 2339 Sic-

575 2398 616 2456 ut
650 2395 684 2452 et
714 2379 752 2448 iu
773 2375 891 2450 Galat.
919 2373 1054 2468 inquit:
1087 2369 1249 2443 Christus
1270 2369 1437 2440 liberavit
1457 2367 1567 2462 nosja

456 2476 459 2484 ¹
576 2483 826 2555 maledictione
848 2477 954 2568 legis,
987 2477 1099 2545 factus
1116 2497 1180 2564 pro
1202 2472 1308 2541 nobis
1331 2472 1567 2543 maledictum.

576 2584 675 2657 Haec
688 2597 741 2654 eat
757 2603 896 2666 summa
913 2575 1260 2649 accommodationis.

682 2717 752 2792 Sed
768 2739 853 2790 usus
867 2714 973 2786 etiam
990 2712 1199 2802 cogitandus
1213 2723 1283 2794 est,
1298 2708 1456 2781 continet
1472 2707 1567 2777 enim

579 2823 759 2916 duplicem
774 2818 995 2899 doctrinam,
1020 2828 1062 2885 ut
1084 2833 1188 2903 supra
1210 2811 1346 2881 monui.
1395 2807 1568 2882 Consola-

580 2942 641 2998 tur
658 2925 755 3023 pios,
788 2934 828 2992 ut
848 2917 1067 3005 intelligant,
1097 2916 1277 3008 quomodo
1299 2913 1459 3003 placeant
1480 2910 1567 2982 Deo.

580 3023 721 3100 Rursus
735 3024 839 3093 etiam
856 3017 1024 3090 humiliat
1036 3017 1225 3107 superbos,
1239 3026 1280 3086 ut
1294 3013 1571 3098 meminerimus,

579 3151 647 3200 nos
678 3121 808 3196 habere
838 3135 1037 3213 peccatum,
1084 3130 1118 3187 et
1144 3141 1219 3186 nou
1255 3116 1454 3186 satisfacere
1490 3115 1572 3205 legi.

582 3229 702 3318 Quare
716 3224 957 3317 repudiandae
972 3234 1055 3291 anot
1067 3219 1253 3309 opiniones
1275 3218 1571 3298 adversariorum,

581 3333 626 3401 de
641 3329 769 3400 merito
784 3322 970 3414 condigni,
995 3323 1040 3391 de
1055 3320 1269 3412 perfectione
1290 3330 1357 3392 etc.
1408 3316 1507 3390 Haec
1529 3321 1573 3388 de

581 3429 906 3503 accommodatione
921 3439 955 3497 et
969 3446 1036 3495 usu
1053 3445 1197 3492 mouere
1213 3443 1354 3492 necesse
1369 3434 1432 3493 cst.
1481 3419 1572 3491 Nam

581 3534 660 3603 sine
677 3554 745 3603 usu
759 3552 834 3601 uon
850 3540 964 3622 potest
986 3524 1138 3616 intelligi
1158 3525 1357 3617 amplitudo
1381 3518 1489 3595 huius
1509 3526 1575 3595 be·

581 3634 713 3709 neficii.

685 3764 873 3840 Caeterum
892 3764 931 3835 in
948 3777 1044 3835 textu
1059 3760 1221 3834 additum
1239 3776 1306 3834 eat:
1339 3758 1422 3833 Non
1448 3786 1574 3833 secun-

571 3872 671 3942 dnm
691 3892 833 3941 caruem
854 3866 1137 3951 ambulantibus,
1171 3866 1231 3935 scd
1254 3866 1447 3935 secuudum
1470 3867 1576 3957 spiri-

583 3986 676 4044 tum.
725 3969 816 4061 Hic,
840 3984 998 4059 utsupra
1016 3967 1108 4052 diri,
1134 3977 1295 4051 testatur,
1310 3968 1406 4058 quod
1423 3967 1577 4038 donetur

585 4070 743 4173 Spiritus
756 4084 908 4142 sanctus.
961 4068 1068 4154 item,
1101 4068 1200 4159 quod
1221 4090 1296 4137 nou
1320 4068 1496 4140 retineant
1520 4070 1576 4138 iu-

585 4176 723 4246 sticiam
754 4174 919 4244 donatam
951 4172 1025 4255 illi,
1058 4170 1226 4259 quisunt
1249 4169 1326 4238 sine
1349 4170 1578 4260 poenitentia,

585 4290 620 4350 ct
635 4299 711 4347 non
725 4289 924 4368 repugnant
939 4272 1142 4355 carnalibus
1158 4269 1423 4362 cupiditatibus.

586 4441 667 4543 Qui
687 4443 785 4517 caim
805 4436 1006 4514 secundum
1029 4462 1175 4511 carnem
1196 4447 1302 4520 suut,
1334 4461 1430 4537 quoe
1452 4464 1576 4513 carnes

891 4550 996 4631 sunl,
1025 4540 1180 4642 sopiunt
1196 4550 1260 4617 stc.

690 4678 896 4751 instituitur
909 4668 1114 4762 antithesis,
1138 4687 1179 4745 ut
1194 4675 1415 4746 discernatur
1436 4676 1575 4750 iusticia

587 4780 745 4854 humana
761 4782 807 4850 ab
820 4775 885 4850 hac
898 4779 1075 4870 spirituali
1091 4791 1125 4848 et
1141 4789 1305 4861 aeterua,
1334 4778 1380 4846 de
1395 4803 1464 4871 qua
1490 4805 1575 4851 con-

588 4887 751 4957 cionatur
763 4878 1011 4970 Evangelium.
1061 4875 1196 4972 Estque
1213 4874 1273 4946 hic
1290 4879 1478 4973 praecipua
1501 4884 1575 4953 dis-

587 4986 742 5079 putatio:
770 4980 867 5072 Quid
884 4982 1096 5054 vocabulum
1112 5002 1193 5049 caro
1215 4979 1398 5069 significet.
1449 4983 1575 5078 Aliqui

588 5088 684 5157 enim
698 5082 881 5176 imaginati
894 5096 998 5170 suut,
1022 5079 1139 5154 Carne
1152 5080 1342 5171 significari
1357 5096 1496 5154 tantum
1512 5108 1575 5177 ap-

586 5189 774 5281 petitiones
801 5207 978 5256 scusuum.
1035 5181 1177 5253 Deinde
1203 5182 1378 5272 affingunt
1398 5187 1571 5257 rationem

586 5306 620 5362 et
634 5291 853 5372 voluntatem
870 5287 939 5377 legi
956 5284 1044 5370 Dei,
1069 5283 1175 5354 etiam
1189 5282 1267 5353 siue
1283 5284 1422 5373 Spiritu
1440 5304 1572 5375 sancto,

583 5415 685 5483 posse
701 5392 847 5462 obedire
860 5401 894 5460 et
905 5388 1043 5457 efficere
1054 5386 1281 5457 dilectionem
1297 5382 1382 5473 Dei,
1409 5390 1515 5459 fidem
1537 5404 1572 5463 ct

1608 1113 1842 1204 appetitiones
1856 1137 2040 1198 sensuum,
2065 1127 2100 1186 et
2121 1113 2295 1185 rationem
2319 1127 2354 1186 et
2375 1117 2574 1190 voluntatem

1608 1217 1687 1285 siue
1703 1214 1840 1305 Spiritu
1854 1230 1988 1290 sancto.
2034 1211 2082 1286 Ει
2097 1229 2239 1286 econtra
2254 1215 2410 1309 Spiritus
2425 1219 2577 1308 significet

1611 1316 1785 1409 Spiritum
1800 1334 1977 1405 sanctum,
1993 1329 2054 1388 aut
2064 1329 2181 1388 motus
2191 1331 2291 1390 ortos
2306 1319 2579 1412 aSpiritusancto

1611 1422 1651 1490 in
1671 1419 1788 1490 nobis.

1712 1518 1835 1614 Itaque
1852 1521 2045 1594 secundum
2060 1543 2201 1592 carnem
2217 1543 2313 1607 esse,
2337 1520 2505 1614 significat
2518 1527 2580 1596 sine

1613 1621 1750 1713 Spiritu
1766 1637 1886 1692 sancto
1900 1645 1985 1694 esse.
2039 1619 2087 1694 Et
2101 1646 2222 1715 sapere
2235 1627 2432 1696 secuudum
2448 1649 2582 1712 carnem,

1613 1725 1787 1816 significat
1807 1720 1938 1794 habere
1961 1725 2231 1815 cogitationem,
2266 1748 2329 1796 scu
2350 1727 2515 1798 iudicium
2535 1753 2582 1797 ra-

1613 1826 1765 1911 tionale,
1790 1841 1823 1897 et
1838 1827 2001 1908 affectus,
2036 1851 2159 1909 seusus
2180 1842 2214 1899 et
2240 1828 2451 1914 voluntatis,
2480 1831 2582 1923 quales

1615 1942 1697 2000 sunt
1719 1930 1795 1997 aine
1814 1926 1951 2020 Spiritu
1974 1943 2111 2000 sancto:
2155 1944 2195 2001 ut
2217 1930 2416 2020 intelligere
2437 1945 2474 2014 et⁴
2492 1955 2582 2022 appe-

1616 2046 1689 2102 tcre
1716 2030 1930 2121 voluptates,
1964 2055 2065 2122 opes,
2100 2033 2415 2124 tranquillitatem,
2444 2033 2582 2122 gloriam.

1616 2131 1661 2205 Et
1676 2128 1734 2202 hic
1750 2155 1908 2204 summus
1923 2135 2051 2223 gradus
2069 2147 2137 2217 est,
2169 2134 2370 2224 intelligere
2385 2135 2518 2204 civilem
2540 2135 2584 2204 iu·

1617 2233 1773 2314 stisiam,
1807 2248 1840 2304 et
1856 2229 1948 2304 hauc
1962 2235 2110 2326 plurimi
2123 2236 2238 2306 iacere
2252 2250 2286 2307 et
2309 2250 2489 2327 appetere,
2519 2259 2583 2306 cum

1618 2335 1760 2406 iuterim
1775 2360 1837 2407 cor
1856 2338 1901 2405 sit
1925 2337 2002 2406 siue
2024 2337 2153 2406 timore
2170 2337 2259 2424 Dei,
2293 2338 2441 2430 plenum
2462 2338 2585 2410 dubita·

1619 2439 1717 2509 tione
1731 2452 1765 2509 et
1787 2439 2011 2528 ignoratione
2027 2435 2107 2510 Dei.
2159 2436 2318 2510 Econtra
2341 2453 2461 2533 sapere
2480 2462 2584 2510 seruu-

1619 2543 1705 2610 dum
1724 2542 1909 2631 apiritum,
1943 2551 1995 2612 ast
2016 2540 2248 2631 spiritualiter
2273 2541 2453 2627 iudicare,
2483 2556 2515 2612 et
2533 2537 2583 2609 ha·

1619 2645 1703 2714 bere
1718 2654 1835 2712 motus
1849 2641 2070 2733 spirituales,
2095 2642 2131 2712 id
2148 2655 2218 2723 est,
2244 2643 2383 2724 lucem,
2416 2665 2482 2736 qua
2496 2665 2580 2730 agno-

1620 2745 1730 2815 scitur
1748 2741 1861 2828 Deus,
1887 2759 1920 2816 et
1936 2766 2038 2812 veros
2053 2766 2223 2835 pavores,
2255 2769 2295 2818 ac
2309 2768 2431 2816 veram
2447 2743 2585 2814 fiduciam

1621 2846 1811 2917 luctantem
1828 2869 1908 2916 curu
1923 2846 2158 2920 dubitatione.

1870 3008 2010 3084 Sensus
2026 3011 2152 3085 corais
2168 3023 2220 3086 est
2245 3039 2361 3092 mors.

1723 3145 1794 3221 Hic
1815 3173 1939 3221 seusus
1960 3151 2131 3241 significat
2152 3152 2425 3243 cogitationem,
2450 3163 2481 3223 et
2501 3173 2588 3243 appr-

1624 3252 1767 3323 titiones
1784 3277 1950 3323 acnsuum
1968 3267 2003 3324 et
2019 3253 2223 3325 voluntatis.
2258 3253 2354 3324 Nam
2370 3253 2495 3326 Paulus
2509 3277 2587 3323 com·

1624 3355 1792 3452 plectitur
1813 3348 1928 3456 λόγον
1951 3369 1985 3426 et
2009 3349 2146 3450 ὁρμὰς,
2172 3355 2392 3448 alloquitur
2416 3354 2536 3428 Paulus
2554 3355 2588 3422 de

1625 3455 1836 3548 cogitatione
1867 3469 1903 3529 et
1928 3458 2146 3550 appetitione
2172 3481 2252 3548 erga
2284 3455 2418 3532 Deum.
2477 3455 2590 3549 Estque

1625 3560 1819 3641 sententia,
1860 3560 1954 3652 quod
1985 3560 2123 3631 iusticia
2150 3554 2329 3647 hnmana,
2377 3556 2590 3654 philosophia,

1626 3662 1718 3751 leges
1739 3660 1940 3745 civitatum,
1972 3661 2044 3731 imo
2070 3662 2144 3753 ipsa
2166 3662 2222 3731 lex
2238 3658 2328 3747 Dei,
2360 3666 2448 3734 sicut
2463 3687 2530 3732 eam
2545 3684 2589 3728 ra-

1626 3764 1676 3835 tio
1692 3762 1768 3833 sine
1785 3762 1852 3833 fide
1869 3776 1903 3831 et
1916 3762 1992 3831 sine
2006 3760 2144 3854 Spiritu
2158 3777 2279 3834 sancto
2296 3766 2426 3855 cogitat
2448 3780 2480 3835 et
2502 3784 2590 3833 cona-

1627 3882 1685 3938 tur
1700 3866 1831 3951 facere,
1858 3866 1928 3935 siut
1942 3888 2056 3950 mors,
2082 3865 2202 3951 idest,
2233 3889 2289 3935 res
2304 3890 2381 3937 uon
2399 3867 2590 3935 vivificantes

1627 3990 1744 4038 coram
1761 3964 1854 4037 Deo:
1888 3966 1960 4036 imo
1976 3982 2093 4037 motus
2107 3967 2273 4052 rationis,
2287 3984 2430 4059 agentes
2444 3990 2517 4039 cum
2529 3962 2590 4035 Deo

1627 4070 1703 4140 sine
1732 4068 1819 4151 fide,
1860 4080 1943 4137 aunt
1971 4067 2075 4137 etiam
2106 4082 2265 4161 peccata,
2297 4094 2409 4165 quare
2430 4094 2505 4141 vere
2524 4077 2591 4137 suut

1626 4193 1741 4251 mors,
1766 4170 1889 4254 idest,
1913 4192 1969 4238 res
1984 4173 2160 4243 damnata.
2273 4172 2279 4181 “

1730 4270 1853 4363 Neque
1869 4272 2028 4364 sequitur
2046 4273 2153 4357 inde,
2178 4266 2450 4367 Philosophiam
2472 4286 2527 4343 aut
2548 4272 2590 4338 le·

1552 4439 1560 4458 ,
1627 4398 1686 4464 ges
1701 4374 1810 4442 malas
1825 4396 1911 4443 esse.
1963 4370 2032 4444 Sed
2050 4368 2277 4468 philosophia
2299 4391 2334 4448 et
2347 4378 2437 4467 leges
2452 4376 2591 4445 serviunt

1628 4474 1802 4567 corporali
1819 4475 1931 4559 vitae,
1947 4485 1981 4543 et
1996 4498 2198 4569 quanquam
2215 4490 2298 4547 suut
2314 4502 2368 4549 res
2383 4480 2510 4561 bonae,
2524 4494 2590 4543 cum

1626 4602 1691 4648 suo
1708 4578 1786 4647 loco
1801 4580 1953 4658 utimur,
1985 4592 2198 4648 tamennon
2218 4578 2398 4650 vivificant
2418 4582 2456 4649 in
2477 4575 2591 4647 iudicio

1626 4678 1713 4765 Dei,
1740 4702 1813 4749 uon
1829 4678 2007 4751 vivificant
2025 4678 2095 4749 vita
2112 4693 2271 4751 aeterua:
2297 4682 2371 4751 imo
2394 4706 2455 4751 uec
2474 4680 2523 4749 les
2537 4672 2593 4745 Dei

1626 4782 1778 4852 viviticat
1801 4780 1872 4851 vita
1888 4794 2048 4865 aeterna,
2081 4804 2121 4851 ac
2140 4805 2185 4851 ue
2206 4783 2351 4876 quidem
2376 4785 2457 4855 satis
2477 4774 2594 4849 intelli·

1626 4883 1720 4973 gitur
1735 4882 1810 4953 sine
1827 4879 1966 4974 Spiritu
1982 4896 2115 4956 sancto.
2201 4900 2204 4907 ’

1805 5045 1944 5121 Sensus
1959 5049 2182 5149 spiritusesl
2200 5052 2276 5123 vilo
2291 5062 2324 5123 el
2337 5074 2430 5151 pax.

1727 5184 1767 5256 ld
1786 5200 1856 5270 cst,
1881 5212 1963 5257 vera
1979 5188 2193 5273 consolatio,
2210 5214 2300 5285 quae
2316 5191 2355 5259 lit
2372 5190 2441 5261 fide
2455 5180 2592 5280 perspi·

1623 5286 1731 5359 ritum
1746 5302 1924 5373 sanctum,
1960 5301 2011 5361 est
2031 5303 2168 5375 motus,
2201 5316 2273 5384 quo
2297 5314 2377 5361 vere
2398 5286 2593 5379 agnoscitur,

1622 5386 1919 5480 apprehenditur,
1944 5404 1978 5462 et
1994 5392 2182 5464 invocatur
2197 5391 2309 5479 Deua,
2343 5406 2376 5465 et
2398 5387 2592 5480 concipiun-

583 5494 716 5564 similes
729 5507 858 5565 motus.
908 5488 955 5558 Ει
969 5486 1141 5579 Spiritum
1160 5486 1367 5577 intelligunt
1385 5492 1568 5580 cogitatio·
1622 5504 1679 5561 tur
1697 5516 1789 5561 nova
1807 5493 1883 5576 lux,
1911 5494 2059 5579 noticia,
2086 5495 2156 5565 vita
2174 5507 2209 5564 et
2233 5496 2401 5585 gaudium
2425 5487 2591 5562 conscicn-

581 5619 645 5665 nes
659 5609 693 5665 ct
716 5606 863 5665 conatus
884 5589 1032 5661 rationis
1056 5603 1090 5660 et
1114 5589 1308 5659 voluntatis
1329 5589 1407 5660 siue
1430 5592 1569 5685 Spiritu
1620 5595 1698 5663 tiae.
1752 5592 1852 5664 Sicut
1866 5595 1959 5664 iufra
1977 5597 2110 5689 inquit:
2136 5592 2330 5687 Accepistis
2355 5595 2513 5686 spiritum
2534 5586 2589 5655 ad·

579 5709 713 5767 saucto.
760 5690 881 5788 Atque
909 5692 959 5765 ita
988 5692 1241 5764 transformant
1263 5686 1499 5784 Evangelium
1522 5696 1566 5767 -in
1619 5695 1774 5785 optionis
1792 5694 1965 5782 liliorum,
1996 5722 2067 5789 quo
2084 5699 2274 5767 clamamus
2289 5696 2393 5768 Abba
2410 5692 2528 5775 Pater,
2556 5684 2586 5751 id

573 5790 852 5894 philosophiam.
1617 5810 1687 5879 est,
1720 5820 1792 5889 quo
1815 5820 1896 5867 vere
1917 5801 2137 5889 agnoscimus
2160 5798 2293 5873 Deum.
2350 5798 2399 5869 Et
2422 5792 2459 5865 hi
2481 5802 2588 5863 motus
