<?xml version="1.0" encoding="UTF-8"?>
<!DOCTYPE html PUBLIC "-//W3C//DTD XHTML 1.0 Transitional//EN"
    "http://www.w3.org/TR/xhtml1/DTD/xhtml1-transitional.dtd">
<html xmlns="http://www.w3.org/1999/xhtml" xml:lang="en" lang="en">
 <head>
  <title>
</title>
<meta http-equiv="Content-Type" content="text/html;charset=utf-8" />
  <meta name='ocr-system' content='tesseract 3.04.00' />
  <meta name='ocr-capabilities' content='ocr_page ocr_carea ocr_par ocr_line ocrx_word'/>
</head>
<body>
  <div class='ocr_page' id='page_1' title='image "./philippimelanth08bindgoog_0132.png"; bbox 0 0 5825 6950; ppageno 0'>
   <div class='ocr_carea' id='block_1_1' title="bbox 324 743 383 823">
    <p class='ocr_par' dir='ltr' id='par_1_1' title="bbox 324 743 383 823">
     <span class='ocr_line' id='line_1_1' title="bbox 324 743 383 823; baseline -0.119 0"><span class='ocrx_word' id='word_1_1' title='bbox 324 743 383 823; x_wconf 72' lang='lat' dir='ltr'>tii</span> 
     </span>
    </p>
   </div>
   <div class='ocr_carea' id='block_1_2' title="bbox 326 914 1299 1734">
    <p class='ocr_par' dir='ltr' id='par_1_2' title="bbox 326 914 1299 1734">
     <span class='ocr_line' id='line_1_2' title="bbox 329 914 1298 1008; baseline -0.005 -17"><span class='ocrx_word' id='word_1_2' title='bbox 329 917 464 991; x_wconf 81' lang='lat' dir='ltr'>institiae</span> <span class='ocrx_word' id='word_1_3' title='bbox 487 927 526 987; x_wconf 87' lang='lat' dir='ltr'>ct</span> <span class='ocrx_word' id='word_1_4' title='bbox 554 914 648 988; x_wconf 90' lang='lat' dir='ltr'>vitae</span> <span class='ocrx_word' id='word_1_5' title='bbox 669 929 849 1002; x_wconf 74' lang='lat' dir='ltr'>aeternae,</span> <span class='ocrx_word' id='word_1_6' title='bbox 876 915 967 987; x_wconf 91' lang='lat' dir='ltr'>sicot</span> <span class='ocrx_word' id='word_1_7' title='bbox 982 915 1089 986; x_wconf 91' lang='lat' dir='ltr'>initio</span> <span class='ocrx_word' id='word_1_8' title='bbox 1110 916 1215 1008; x_wconf 89' lang='lat' dir='ltr'>primi</span> <span class='ocrx_word' id='word_1_9' title='bbox 1239 940 1298 987; x_wconf 90' lang='lat' dir='ltr'>ca-</span> 
     </span>
     <span class='ocr_line' id='line_1_3' title="bbox 327 1014 1299 1118; baseline -0.005 -25"><span class='ocrx_word' id='word_1_10' title='bbox 327 1022 390 1118; x_wconf 87' lang='lat' dir='ltr'>pitis</span> <span class='ocrx_word' id='word_1_11' title='bbox 404 1019 542 1092; x_wconf 86' lang='lat' dir='ltr'>dietum</span> <span class='ocrx_word' id='word_1_12' title='bbox 560 1033 630 1092; x_wconf 87' lang='lat' dir='ltr'>est:</span> <span class='ocrx_word' id='word_1_13' title='bbox 652 1017 778 1090; x_wconf 80' lang='lat' dir='ltr'><strong>Gratia</strong></span> <span class='ocrx_word' id='word_1_14' title='bbox 794 1032 829 1090; x_wconf 92' lang='lat' dir='ltr'>et</span> <span class='ocrx_word' id='word_1_15' title='bbox 845 1019 974 1090; x_wconf 89' lang='lat' dir='ltr'>veritas</span> <span class='ocrx_word' id='word_1_16' title='bbox 988 1043 1053 1108; x_wconf 89' lang='lat' dir='ltr'>per</span> <span class='ocrx_word' id='word_1_17' title='bbox 1067 1015 1181 1090; x_wconf 76' lang='lat' dir='ltr'>lestrm</span> <span class='ocrx_word' id='word_1_18' title='bbox 1190 1014 1299 1089; x_wconf 90' lang='lat' dir='ltr'>Chri-</span> 
     </span>
     <span class='ocr_line' id='line_1_4' title="bbox 328 1118 1299 1211; baseline -0.007 -14"><span class='ocrx_word' id='word_1_19' title='bbox 328 1139 398 1197; x_wconf 83' lang='lat' dir='ltr'>stum</span> <span class='ocrx_word' id='word_1_20' title='bbox 410 1123 501 1194; x_wconf 84' lang='lat' dir='ltr'>facta</span> <span class='ocrx_word' id='word_1_21' title='bbox 514 1135 580 1204; x_wconf 81' lang='lat' dir='ltr'>est,</span> <span class='ocrx_word' id='word_1_22' title='bbox 598 1135 632 1192; x_wconf 88' lang='lat' dir='ltr'>et</span> <span class='ocrx_word' id='word_1_23' title='bbox 647 1122 740 1192; x_wconf 83' lang='lat' dir='ltr'>inira</span> <span class='ocrx_word' id='word_1_24' title='bbox 754 1121 945 1194; x_wconf 88' lang='lat' dir='ltr'>loan.10.:</span> <span class='ocrx_word' id='word_1_25' title='bbox 969 1118 1046 1211; x_wconf 85' lang='lat' dir='ltr'>Ego</span> <span class='ocrx_word' id='word_1_26' title='bbox 1062 1122 1170 1193; x_wconf 88' lang='lat' dir='ltr'>vitam</span> <span class='ocrx_word' id='word_1_27' title='bbox 1185 1136 1299 1191; x_wconf 84' lang='lat' dir='ltr'>aeter·</span> 
     </span>
     <span class='ocr_line' id='line_1_5' title="bbox 327 1219 1297 1299; baseline -0.005 0"><span class='ocrx_word' id='word_1_28' title='bbox 327 1251 390 1299; x_wconf 88' lang='lat' dir='ltr'>nan</span> <span class='ocrx_word' id='word_1_29' title='bbox 403 1228 447 1296; x_wconf 93' lang='lat' dir='ltr'>do</span> <span class='ocrx_word' id='word_1_30' title='bbox 465 1225 529 1296; x_wconf 86' lang='lat' dir='ltr'>eis.</span> <span class='ocrx_word' id='word_1_31' title='bbox 563 1221 612 1296; x_wconf 85' lang='lat' dir='ltr'>Et</span> <span class='ocrx_word' id='word_1_32' title='bbox 624 1219 685 1294; x_wconf 91' lang='lat' dir='ltr'>hic</span> <span class='ocrx_word' id='word_1_33' title='bbox 698 1219 814 1295; x_wconf 88' lang='lat' dir='ltr'>honos</span> <span class='ocrx_word' id='word_1_34' title='bbox 829 1225 878 1295; x_wconf 90' lang='lat' dir='ltr'>ita</span> <span class='ocrx_word' id='word_1_35' title='bbox 895 1225 1107 1297; x_wconf 89' lang='lat' dir='ltr'>tribuendus</span> <span class='ocrx_word' id='word_1_36' title='bbox 1122 1239 1174 1296; x_wconf 90' lang='lat' dir='ltr'>est</span> <span class='ocrx_word' id='word_1_37' title='bbox 1187 1220 1297 1296; x_wconf 89' lang='lat' dir='ltr'>Chri-</span> 
     </span>
     <span class='ocr_line' id='line_1_6' title="bbox 326 1325 1297 1417; baseline -0.006 -15"><span class='ocrx_word' id='word_1_38' title='bbox 326 1346 384 1416; x_wconf 84' lang='lat' dir='ltr'>sto,</span> <span class='ocrx_word' id='word_1_39' title='bbox 403 1342 540 1401; x_wconf 81' lang='lat' dir='ltr'>utrum</span> <span class='ocrx_word' id='word_1_40' title='bbox 558 1325 767 1417; x_wconf 86' lang='lat' dir='ltr'>agnovimus</span> <span class='ocrx_word' id='word_1_41' title='bbox 782 1352 862 1399; x_wconf 89' lang='lat' dir='ltr'>eum</span> <span class='ocrx_word' id='word_1_42' title='bbox 882 1351 956 1398; x_wconf 89' lang='lat' dir='ltr'>esse</span> <span class='ocrx_word' id='word_1_43' title='bbox 972 1327 1097 1411; x_wconf 89' lang='lat' dir='ltr'>talem,</span> <span class='ocrx_word' id='word_1_44' title='bbox 1122 1353 1204 1398; x_wconf 88' lang='lat' dir='ltr'>vere</span> <span class='ocrx_word' id='word_1_45' title='bbox 1220 1353 1297 1397; x_wconf 90' lang='lat' dir='ltr'>ere-</span> 
     </span>
     <span class='ocr_line' id='line_1_7' title="bbox 327 1428 1296 1528; baseline -0.006 -22"><span class='ocrx_word' id='word_1_46' title='bbox 327 1437 428 1506; x_wconf 84' lang='lat' dir='ltr'>damus</span> <span class='ocrx_word' id='word_1_47' title='bbox 442 1455 513 1502; x_wconf 87' lang='lat' dir='ltr'>nos</span> <span class='ocrx_word' id='word_1_48' title='bbox 530 1444 678 1523; x_wconf 86' lang='lat' dir='ltr'>propter</span> <span class='ocrx_word' id='word_1_49' title='bbox 693 1428 810 1521; x_wconf 87' lang='lat' dir='ltr'>ipsum</span> <span class='ocrx_word' id='word_1_50' title='bbox 828 1429 938 1528; x_wconf 82' lang='lat' dir='ltr'>recipi</span> <span class='ocrx_word' id='word_1_51' title='bbox 956 1430 994 1498; x_wconf 93' lang='lat' dir='ltr'>in</span> <span class='ocrx_word' id='word_1_52' title='bbox 1012 1429 1178 1518; x_wconf 86' lang='lat' dir='ltr'>gratiam,</span> <span class='ocrx_word' id='word_1_53' title='bbox 1202 1431 1296 1500; x_wconf 86' lang='lat' dir='ltr'>fidu-</span> 
     </span>
     <span class='ocr_line' id='line_1_8' title="bbox 331 1529 1296 1626; baseline -0.003 -22"><span class='ocrx_word' id='word_1_54' title='bbox 331 1537 371 1610; x_wconf 85' lang='lat' dir='ltr'>cia</span> <span class='ocrx_word' id='word_1_55' title='bbox 386 1535 492 1626; x_wconf 89' lang='lat' dir='ltr'>ipsius</span> <span class='ocrx_word' id='word_1_56' title='bbox 514 1535 723 1604; x_wconf 79' lang='lat' dir='ltr'>invocemus</span> <span class='ocrx_word' id='word_1_57' title='bbox 744 1529 881 1614; x_wconf 87' lang='lat' dir='ltr'>Deum,</span> <span class='ocrx_word' id='word_1_58' title='bbox 905 1557 946 1603; x_wconf 90' lang='lat' dir='ltr'>ac</span> <span class='ocrx_word' id='word_1_59' title='bbox 969 1533 1190 1626; x_wconf 79' lang='lat' dir='ltr'>quiescamus</span> <span class='ocrx_word' id='word_1_60' title='bbox 1211 1557 1296 1625; x_wconf 90' lang='lat' dir='ltr'>pro-</span> 
     </span>
     <span class='ocr_line' id='line_1_9' title="bbox 332 1634 1276 1734; baseline -0.003 -25"><span class='ocrx_word' id='word_1_61' title='bbox 332 1653 391 1734; x_wconf 82' lang='lat' dir='ltr'>pter</span> <span class='ocrx_word' id='word_1_62' title='bbox 400 1639 512 1730; x_wconf 89' lang='lat' dir='ltr'>ipsum</span> <span class='ocrx_word' id='word_1_63' title='bbox 530 1635 770 1729; x_wconf 73' lang='lat' dir='ltr'>expectatione</span> <span class='ocrx_word' id='word_1_64' title='bbox 783 1635 918 1722; x_wconf 81' lang='lat' dir='ltr'>auxilii,</span> <span class='ocrx_word' id='word_1_65' title='bbox 943 1649 978 1708; x_wconf 92' lang='lat' dir='ltr'>et</span> <span class='ocrx_word' id='word_1_66' title='bbox 993 1634 1087 1707; x_wconf 89' lang='lat' dir='ltr'>vitae</span> <span class='ocrx_word' id='word_1_67' title='bbox 1102 1649 1276 1706; x_wconf 84' lang='lat' dir='ltr'>aeternae.</span> 
     </span>
    </p>
   </div>
   <div class='ocr_carea' id='block_1_3' title="bbox 437 1803 1161 1907">
    <p class='ocr_par' dir='ltr' id='par_1_3' title="bbox 437 1803 1161 1907">
     <span class='ocr_line' id='line_1_10' title="bbox 437 1803 1161 1907; baseline 0.001 -27"><span class='ocrx_word' id='word_1_68' title='bbox 437 1803 574 1880; x_wconf 83' lang='lat' dir='ltr'>Bonus</span> <span class='ocrx_word' id='word_1_69' title='bbox 591 1813 723 1907; x_wconf 84' lang='lat' dir='ltr'>pastor</span> <span class='ocrx_word' id='word_1_70' title='bbox 742 1804 908 1877; x_wconf 81' lang='lat' dir='ltr'>animam</span> <span class='ocrx_word' id='word_1_71' title='bbox 923 1831 1031 1878; x_wconf 81' lang='lat' dir='ltr'>suum</span> <span class='ocrx_word' id='word_1_72' title='bbox 1043 1803 1161 1905; x_wconf 75' lang='lat' dir='ltr'>ponit.</span> 
     </span>
    </p>
   </div>
   <div class='ocr_carea' id='block_1_4' title="bbox 303 1940 1296 6045">
    <p class='ocr_par' dir='ltr' id='par_1_4' title="bbox 404 1940 1295 2035">
     <span class='ocr_line' id='line_1_11' title="bbox 404 1940 1295 2035; baseline -0.008 -17"><span class='ocrx_word' id='word_1_73' title='bbox 404 1945 515 2018; x_wconf 81' lang='lat' dir='ltr'>Redit</span> <span class='ocrx_word' id='word_1_74' title='bbox 538 1940 704 2015; x_wconf 85' lang='lat' dir='ltr'>Christus</span> <span class='ocrx_word' id='word_1_75' title='bbox 723 1945 770 2015; x_wconf 90' lang='lat' dir='ltr'>ad</span> <span class='ocrx_word' id='word_1_76' title='bbox 790 1943 1080 2018; x_wconf 82' lang='lat' dir='ltr'>distributionem</span> <span class='ocrx_word' id='word_1_77' title='bbox 1103 1957 1295 2035; x_wconf 90' lang='lat' dir='ltr'>pastorum,</span> 
     </span>
    </p>

    <p class='ocr_par' dir='ltr' id='par_1_5' title="bbox 303 2044 1295 4689">
     <span class='ocr_line' id='line_1_12' title="bbox 324 2044 1295 2146; baseline -0.004 -27"><span class='ocrx_word' id='word_1_78' title='bbox 324 2074 410 2146; x_wconf 82' lang='lat' dir='ltr'>supra</span> <span class='ocrx_word' id='word_1_79' title='bbox 422 2050 604 2122; x_wconf 87' lang='lat' dir='ltr'>traditam.</span> <span class='ocrx_word' id='word_1_80' title='bbox 642 2044 737 2118; x_wconf 92' lang='lat' dir='ltr'>Boni</span> <span class='ocrx_word' id='word_1_81' title='bbox 753 2061 909 2139; x_wconf 91' lang='lat' dir='ltr'>pastores</span> <span class='ocrx_word' id='word_1_82' title='bbox 922 2049 1125 2120; x_wconf 81' lang='lat' dir='ltr'>anteferunt</span> <span class='ocrx_word' id='word_1_83' title='bbox 1139 2071 1223 2116; x_wconf 89' lang='lat' dir='ltr'>suae</span> <span class='ocrx_word' id='word_1_84' title='bbox 1240 2045 1295 2117; x_wconf 87' lang='lat' dir='ltr'>vi-</span> 
     </span>
     <span class='ocr_line' id='line_1_13' title="bbox 325 2149 1294 2244; baseline -0.01 -16"><span class='ocrx_word' id='word_1_85' title='bbox 325 2172 369 2228; x_wconf 86' lang='lat' dir='ltr'>ue</span> <span class='ocrx_word' id='word_1_86' title='bbox 395 2166 427 2224; x_wconf 90' lang='lat' dir='ltr'>et</span> <span class='ocrx_word' id='word_1_87' title='bbox 455 2151 628 2222; x_wconf 86' lang='lat' dir='ltr'>omnibus</span> <span class='ocrx_word' id='word_1_88' title='bbox 656 2152 901 2240; x_wconf 78' lang='lat' dir='ltr'>corporalibus</span> <span class='ocrx_word' id='word_1_89' title='bbox 924 2149 1120 2222; x_wconf 90' lang='lat' dir='ltr'>commodis</span> <span class='ocrx_word' id='word_1_90' title='bbox 1145 2150 1294 2244; x_wconf 82' lang='lat' dir='ltr'>salutem</span> 
     </span>
     <span class='ocr_line' id='line_1_14' title="bbox 326 2250 1293 2346; baseline -0.01 -16"><span class='ocrx_word' id='word_1_91' title='bbox 326 2255 498 2339; x_wconf 73' lang='lat' dir='ltr'>Fatlcsiae,</span> <span class='ocrx_word' id='word_1_92' title='bbox 523 2255 622 2322; x_wconf 80' lang='lat' dir='ltr'>iusta</span> <span class='ocrx_word' id='word_1_93' title='bbox 645 2266 870 2346; x_wconf 89' lang='lat' dir='ltr'>praeceptum</span> <span class='ocrx_word' id='word_1_94' title='bbox 889 2252 974 2324; x_wconf 89' lang='lat' dir='ltr'>Dei:</span> <span class='ocrx_word' id='word_1_95' title='bbox 1003 2250 1077 2340; x_wconf 87' lang='lat' dir='ltr'>Qui</span> <span class='ocrx_word' id='word_1_96' title='bbox 1094 2253 1212 2340; x_wconf 76' lang='lat' dir='ltr'>diligit</span> <span class='ocrx_word' id='word_1_97' title='bbox 1230 2277 1293 2343; x_wconf 89' lang='lat' dir='ltr'>pa-</span> 
     </span>
     <span class='ocr_line' id='line_1_15' title="bbox 330 2355 1294 2448; baseline -0.011 -15"><span class='ocrx_word' id='word_1_98' title='bbox 330 2377 401 2433; x_wconf 82' lang='lat' dir='ltr'>uun</span> <span class='ocrx_word' id='word_1_99' title='bbox 421 2371 482 2428; x_wconf 89' lang='lat' dir='ltr'>aut</span> <span class='ocrx_word' id='word_1_100' title='bbox 503 2368 653 2426; x_wconf 88' lang='lat' dir='ltr'>matrem</span> <span class='ocrx_word' id='word_1_101' title='bbox 676 2355 885 2448; x_wconf 89' lang='lat' dir='ltr'>plusquam</span> <span class='ocrx_word' id='word_1_102' title='bbox 909 2380 983 2440; x_wconf 93' lang='lat' dir='ltr'>me,</span> <span class='ocrx_word' id='word_1_103' title='bbox 1008 2379 1083 2424; x_wconf 91' lang='lat' dir='ltr'>uon</span> <span class='ocrx_word' id='word_1_104' title='bbox 1099 2369 1149 2425; x_wconf 89' lang='lat' dir='ltr'>est</span> <span class='ocrx_word' id='word_1_105' title='bbox 1164 2355 1294 2443; x_wconf 91' lang='lat' dir='ltr'>dignus</span> 
     </span>
     <span class='ocr_line' id='line_1_16' title="bbox 335 2457 1293 2551; baseline -0.007 -19"><span class='ocrx_word' id='word_1_106' title='bbox 335 2487 393 2532; x_wconf 82' lang='lat' dir='ltr'>ne:</span> <span class='ocrx_word' id='word_1_107' title='bbox 411 2462 462 2531; x_wconf 85' lang='lat' dir='ltr'>scd</span> <span class='ocrx_word' id='word_1_108' title='bbox 482 2458 715 2550; x_wconf 81' lang='lat' dir='ltr'>mercenarii,</span> <span class='ocrx_word' id='word_1_109' title='bbox 741 2483 830 2551; x_wconf 90' lang='lat' dir='ltr'>quos</span> <span class='ocrx_word' id='word_1_110' title='bbox 850 2480 958 2549; x_wconf 87' lang='lat' dir='ltr'>supra</span> <span class='ocrx_word' id='word_1_111' title='bbox 974 2457 1113 2528; x_wconf 88' lang='lat' dir='ltr'>vocavit</span> <span class='ocrx_word' id='word_1_112' title='bbox 1135 2457 1293 2546; x_wconf 86' lang='lat' dir='ltr'>ignavos,</span> 
     </span>
     <span class='ocr_line' id='line_1_17' title="bbox 339 2560 1295 2656; baseline -0.004 -22"><span class='ocrx_word' id='word_1_113' title='bbox 339 2587 405 2634; x_wconf 85' lang='lat' dir='ltr'>sose</span> <span class='ocrx_word' id='word_1_114' title='bbox 422 2560 684 2656; x_wconf 71' lang='lat' dir='ltr'>tranquillitatis</span> <span class='ocrx_word' id='word_1_115' title='bbox 713 2584 818 2630; x_wconf 78' lang='lat' dir='ltr'>carrea</span> <span class='ocrx_word' id='word_1_116' title='bbox 848 2574 986 2645; x_wconf 85' lang='lat' dir='ltr'>tacent,</span> <span class='ocrx_word' id='word_1_117' title='bbox 1014 2575 1077 2634; x_wconf 93' lang='lat' dir='ltr'>aut</span> <span class='ocrx_word' id='word_1_118' title='bbox 1105 2560 1295 2630; x_wconf 84' lang='lat' dir='ltr'>inflectunt</span> 
     </span>
     <span class='ocr_line' id='line_1_18' title="bbox 330 2657 1294 2756; baseline -0.006 -19"><span class='ocrx_word' id='word_1_119' title='bbox 330 2664 539 2756; x_wconf 77' lang='lat' dir='ltr'>Evangelium</span> <span class='ocrx_word' id='word_1_120' title='bbox 556 2663 601 2732; x_wconf 91' lang='lat' dir='ltr'>ad</span> <span class='ocrx_word' id='word_1_121' title='bbox 617 2657 805 2733; x_wconf 90' lang='lat' dir='ltr'>hominum</span> <span class='ocrx_word' id='word_1_122' title='bbox 821 2663 986 2748; x_wconf 84' lang='lat' dir='ltr'>affectus,</span> <span class='ocrx_word' id='word_1_123' title='bbox 1010 2676 1051 2735; x_wconf 88' lang='lat' dir='ltr'>ut</span> <span class='ocrx_word' id='word_1_124' title='bbox 1066 2685 1163 2732; x_wconf 89' lang='lat' dir='ltr'>nunc</span> <span class='ocrx_word' id='word_1_125' title='bbox 1180 2662 1294 2756; x_wconf 91' lang='lat' dir='ltr'>pluri-</span> 
     </span>
     <span class='ocr_line' id='line_1_19' title="bbox 326 2763 1294 2860; baseline -0.005 -21"><span class='ocrx_word' id='word_1_126' title='bbox 326 2769 366 2839; x_wconf 89' lang='lat' dir='ltr'>mi</span> <span class='ocrx_word' id='word_1_127' title='bbox 378 2784 451 2840; x_wconf 90' lang='lat' dir='ltr'>snnt</span> <span class='ocrx_word' id='word_1_128' title='bbox 460 2819 473 2853; x_wconf 89' lang='lat'>,</span> <span class='ocrx_word' id='word_1_129' title='bbox 498 2765 561 2860; x_wconf 88' lang='lat' dir='ltr'>qui</span> <span class='ocrx_word' id='word_1_130' title='bbox 580 2789 653 2834; x_wconf 91' lang='lat' dir='ltr'>non</span> <span class='ocrx_word' id='word_1_131' title='bbox 669 2763 836 2855; x_wconf 88' lang='lat' dir='ltr'>ignorant</span> <span class='ocrx_word' id='word_1_132' title='bbox 852 2773 969 2835; x_wconf 83' lang='lat' dir='ltr'>veram</span> <span class='ocrx_word' id='word_1_133' title='bbox 986 2767 1206 2850; x_wconf 81' lang='lat' dir='ltr'>doctrinam,</span> <span class='ocrx_word' id='word_1_134' title='bbox 1229 2768 1294 2835; x_wconf 90' lang='lat' dir='ltr'>sed</span> 
     </span>
     <span class='ocr_line' id='line_1_20' title="bbox 320 2867 1293 2952; baseline -0.007 -8"><span class='ocrx_word' id='word_1_135' title='bbox 320 2887 423 2944; x_wconf 83' lang='lat' dir='ltr'>umen</span> <span class='ocrx_word' id='word_1_136' title='bbox 436 2883 535 2942; x_wconf 90' lang='lat' dir='ltr'>metu</span> <span class='ocrx_word' id='word_1_137' title='bbox 552 2867 764 2939; x_wconf 89' lang='lat' dir='ltr'>sententiam</span> <span class='ocrx_word' id='word_1_138' title='bbox 786 2892 884 2938; x_wconf 90' lang='lat' dir='ltr'>suam</span> <span class='ocrx_word' id='word_1_139' title='bbox 901 2868 1145 2952; x_wconf 89' lang='lat' dir='ltr'>dissimulant,</span> <span class='ocrx_word' id='word_1_140' title='bbox 1172 2883 1207 2941; x_wconf 85' lang='lat' dir='ltr'>et</span> <span class='ocrx_word' id='word_1_141' title='bbox 1230 2891 1293 2938; x_wconf 88' lang='lat' dir='ltr'>sua</span> 
     </span>
     <span class='ocr_line' id='line_1_21' title="bbox 316 2970 1293 3064; baseline 0 -20"><span class='ocrx_word' id='word_1_142' title='bbox 316 2971 587 3044; x_wconf 77' lang='lat' dir='ltr'>dissimulatione</span> <span class='ocrx_word' id='word_1_143' title='bbox 623 2970 757 3040; x_wconf 87' lang='lat' dir='ltr'>rabiem</span> <span class='ocrx_word' id='word_1_144' title='bbox 800 2982 1035 3064; x_wconf 87' lang='lat' dir='ltr'>tyrannorum</span> <span class='ocrx_word' id='word_1_145' title='bbox 1069 2973 1293 3044; x_wconf 84' lang='lat' dir='ltr'>confirmant.</span> 
     </span>
     <span class='ocr_line' id='line_1_22' title="bbox 312 3069 1294 3166; baseline -0.008 -16"><span class='ocrx_word' id='word_1_146' title='bbox 312 3075 359 3150; x_wconf 81' lang='lat' dir='ltr'>De</span> <span class='ocrx_word' id='word_1_147' title='bbox 379 3073 436 3147; x_wconf 90' lang='lat' dir='ltr'>his</span> <span class='ocrx_word' id='word_1_148' title='bbox 454 3074 623 3146; x_wconf 88' lang='lat' dir='ltr'>atrociter</span> <span class='ocrx_word' id='word_1_149' title='bbox 644 3069 703 3144; x_wconf 88' lang='lat' dir='ltr'>hic</span> <span class='ocrx_word' id='word_1_150' title='bbox 726 3073 887 3166; x_wconf 91' lang='lat' dir='ltr'>loquitur</span> <span class='ocrx_word' id='word_1_151' title='bbox 902 3069 1082 3146; x_wconf 87' lang='lat' dir='ltr'>Christus:</span> <span class='ocrx_word' id='word_1_152' title='bbox 1109 3098 1206 3154; x_wconf 89' lang='lat' dir='ltr'>cum,</span> <span class='ocrx_word' id='word_1_153' title='bbox 1233 3098 1294 3142; x_wconf 90' lang='lat' dir='ltr'>ve-</span> 
     </span>
     <span class='ocr_line' id='line_1_23' title="bbox 309 3176 1294 3268; baseline -0.003 -18"><span class='ocrx_word' id='word_1_154' title='bbox 309 3181 424 3250; x_wconf 85' lang='lat' dir='ltr'>niente</span> <span class='ocrx_word' id='word_1_155' title='bbox 456 3179 565 3268; x_wconf 91' lang='lat' dir='ltr'>lupo,</span> <span class='ocrx_word' id='word_1_156' title='bbox 595 3176 834 3246; x_wconf 85' lang='lat' dir='ltr'>mercenarius</span> <span class='ocrx_word' id='word_1_157' title='bbox 866 3176 975 3266; x_wconf 87' lang='lat' dir='ltr'>fugit,</span> <span class='ocrx_word' id='word_1_158' title='bbox 1012 3177 1119 3268; x_wconf 89' lang='lat' dir='ltr'>lupus</span> <span class='ocrx_word' id='word_1_159' title='bbox 1145 3176 1294 3265; x_wconf 88' lang='lat' dir='ltr'>dissipat</span> 
     </span>
     <span class='ocr_line' id='line_1_24' title="bbox 307 3278 1293 3374; baseline -0.007 -19"><span class='ocrx_word' id='word_1_160' title='bbox 307 3307 404 3366; x_wconf 85' lang='lat' dir='ltr'>oves,</span> <span class='ocrx_word' id='word_1_161' title='bbox 428 3294 465 3351; x_wconf 92' lang='lat' dir='ltr'>et</span> <span class='ocrx_word' id='word_1_162' title='bbox 479 3280 618 3374; x_wconf 88' lang='lat' dir='ltr'>aliquas</span> <span class='ocrx_word' id='word_1_163' title='bbox 632 3280 783 3364; x_wconf 89' lang='lat' dir='ltr'>lacerat,</span> <span class='ocrx_word' id='word_1_164' title='bbox 807 3292 847 3349; x_wconf 95' lang='lat' dir='ltr'>ut</span> <span class='ocrx_word' id='word_1_165' title='bbox 862 3302 959 3349; x_wconf 89' lang='lat' dir='ltr'>nunc</span> <span class='ocrx_word' id='word_1_166' title='bbox 974 3279 1133 3371; x_wconf 83' lang='lat' dir='ltr'>exempla</span> <span class='ocrx_word' id='word_1_167' title='bbox 1155 3294 1238 3351; x_wconf 87' lang='lat' dir='ltr'>sunt</span> <span class='ocrx_word' id='word_1_168' title='bbox 1255 3278 1293 3348; x_wconf 93' lang='lat' dir='ltr'>in</span> 
     </span>
     <span class='ocr_line' id='line_1_25' title="bbox 305 3379 1292 3477; baseline -0.009 -18"><span class='ocrx_word' id='word_1_169' title='bbox 305 3399 506 3477; x_wconf 86' lang='lat' dir='ltr'>conspectu.</span> <span class='ocrx_word' id='word_1_170' title='bbox 558 3379 602 3452; x_wconf 92' lang='lat' dir='ltr'>ln</span> <span class='ocrx_word' id='word_1_171' title='bbox 631 3382 753 3454; x_wconf 87' lang='lat' dir='ltr'>multis</span> <span class='ocrx_word' id='word_1_172' title='bbox 771 3379 864 3451; x_wconf 90' lang='lat' dir='ltr'>aulis</span> <span class='ocrx_word' id='word_1_173' title='bbox 889 3381 984 3451; x_wconf 92' lang='lat' dir='ltr'>docti</span> <span class='ocrx_word' id='word_1_174' title='bbox 1014 3397 1149 3453; x_wconf 89' lang='lat' dir='ltr'>norunt</span> <span class='ocrx_word' id='word_1_175' title='bbox 1173 3405 1292 3450; x_wconf 88' lang='lat' dir='ltr'>veram</span> 
     </span>
     <span class='ocr_line' id='line_1_26' title="bbox 304 3484 1293 3577; baseline -0.006 -17"><span class='ocrx_word' id='word_1_176' title='bbox 304 3491 521 3569; x_wconf 86' lang='lat' dir='ltr'>doctrinam,</span> <span class='ocrx_word' id='word_1_177' title='bbox 547 3499 721 3557; x_wconf 89' lang='lat' dir='ltr'>ettamen</span> <span class='ocrx_word' id='word_1_178' title='bbox 737 3509 784 3555; x_wconf 93' lang='lat' dir='ltr'>ne</span> <span class='ocrx_word' id='word_1_179' title='bbox 803 3484 988 3556; x_wconf 82' lang='lat' dir='ltr'>offendant</span> <span class='ocrx_word' id='word_1_180' title='bbox 1010 3484 1212 3577; x_wconf 89' lang='lat' dir='ltr'>principum</span> <span class='ocrx_word' id='word_1_181' title='bbox 1228 3509 1293 3554; x_wconf 83' lang='lat' dir='ltr'>vo-</span> 
     </span>
     <span class='ocr_line' id='line_1_27' title="bbox 305 3587 1293 3678; baseline -0.006 -15"><span class='ocrx_word' id='word_1_182' title='bbox 305 3595 474 3674; x_wconf 87' lang='lat' dir='ltr'>luntates,</span> <span class='ocrx_word' id='word_1_183' title='bbox 496 3588 555 3658; x_wconf 90' lang='lat' dir='ltr'>vel</span> <span class='ocrx_word' id='word_1_184' title='bbox 569 3600 702 3671; x_wconf 88' lang='lat' dir='ltr'>tacent,</span> <span class='ocrx_word' id='word_1_185' title='bbox 727 3588 784 3658; x_wconf 90' lang='lat' dir='ltr'>vel</span> <span class='ocrx_word' id='word_1_186' title='bbox 800 3610 937 3658; x_wconf 87' lang='lat' dir='ltr'>errores</span> <span class='ocrx_word' id='word_1_187' title='bbox 951 3587 1112 3678; x_wconf 90' lang='lat' dir='ltr'>leniunt,</span> <span class='ocrx_word' id='word_1_188' title='bbox 1138 3602 1173 3659; x_wconf 90' lang='lat' dir='ltr'>et</span> <span class='ocrx_word' id='word_1_189' title='bbox 1187 3612 1293 3658; x_wconf 87' lang='lat' dir='ltr'>excu-</span> 
     </span>
     <span class='ocr_line' id='line_1_28' title="bbox 303 3690 1294 3783; baseline -0.004 -18"><span class='ocrx_word' id='word_1_190' title='bbox 303 3708 396 3777; x_wconf 89' lang='lat' dir='ltr'>sant,</span> <span class='ocrx_word' id='word_1_191' title='bbox 422 3696 473 3765; x_wconf 88' lang='lat' dir='ltr'>ita</span> <span class='ocrx_word' id='word_1_192' title='bbox 490 3692 660 3783; x_wconf 86' lang='lat' dir='ltr'>luporum</span> <span class='ocrx_word' id='word_1_193' title='bbox 676 3690 830 3775; x_wconf 84' lang='lat' dir='ltr'>rabiem,</span> <span class='ocrx_word' id='word_1_194' title='bbox 853 3690 979 3772; x_wconf 90' lang='lat' dir='ltr'>idest,</span> <span class='ocrx_word' id='word_1_195' title='bbox 1003 3690 1141 3761; x_wconf 80' lang='lat' dir='ltr'>furores</span> <span class='ocrx_word' id='word_1_196' title='bbox 1162 3690 1294 3783; x_wconf 85' lang='lat' dir='ltr'>impio-</span> 
     </span>
     <span class='ocr_line' id='line_1_29' title="bbox 306 3791 1292 3887; baseline -0.006 -20"><span class='ocrx_word' id='word_1_197' title='bbox 306 3822 379 3867; x_wconf 91' lang='lat' dir='ltr'>rum</span> <span class='ocrx_word' id='word_1_198' title='bbox 397 3800 589 3866; x_wconf 84' lang='lat' dir='ltr'>doctorum</span> <span class='ocrx_word' id='word_1_199' title='bbox 624 3808 658 3863; x_wconf 89' lang='grc' dir='ltr'>ει</span> <span class='ocrx_word' id='word_1_200' title='bbox 687 3806 920 3887; x_wconf 89' lang='lat' dir='ltr'>tyrannorum</span> <span class='ocrx_word' id='word_1_201' title='bbox 940 3794 1163 3870; x_wconf 84' lang='lat' dir='ltr'>confirmant.</span> <span class='ocrx_word' id='word_1_202' title='bbox 1215 3791 1292 3864; x_wconf 94' lang='lat' dir='ltr'>Ad-</span> 
     </span>
     <span class='ocr_line' id='line_1_30' title="bbox 307 3892 1293 3982; baseline -0.002 -15"><span class='ocrx_word' id='word_1_203' title='bbox 307 3925 426 3970; x_wconf 85' lang='lat' dir='ltr'>versus</span> <span class='ocrx_word' id='word_1_204' title='bbox 439 3894 508 3969; x_wconf 89' lang='lat' dir='ltr'>hos</span> <span class='ocrx_word' id='word_1_205' title='bbox 524 3896 658 3966; x_wconf 91' lang='lat' dir='ltr'>dicitur</span> <span class='ocrx_word' id='word_1_206' title='bbox 674 3894 764 3969; x_wconf 86' lang='lat' dir='ltr'>Mat.</span> <span class='ocrx_word' id='word_1_207' title='bbox 783 3898 861 3965; x_wconf 74' lang='lat' dir='ltr'>ta:</span> <span class='ocrx_word' id='word_1_208' title='bbox 894 3892 970 3982; x_wconf 87' lang='lat' dir='ltr'>Qui</span> <span class='ocrx_word' id='word_1_209' title='bbox 991 3920 1063 3967; x_wconf 93' lang='lat' dir='ltr'>non</span> <span class='ocrx_word' id='word_1_210' title='bbox 1081 3911 1131 3966; x_wconf 89' lang='lat' dir='ltr'>est</span> <span class='ocrx_word' id='word_1_211' title='bbox 1144 3921 1293 3980; x_wconf 89' lang='lat' dir='ltr'>mecum,</span> 
     </span>
     <span class='ocr_line' id='line_1_31' title="bbox 306 3998 1294 4091; baseline -0.006 -18"><span class='ocrx_word' id='word_1_212' title='bbox 306 4020 425 4075; x_wconf 88' lang='lat' dir='ltr'>contra</span> <span class='ocrx_word' id='word_1_213' title='bbox 438 4026 498 4070; x_wconf 91' lang='lat' dir='ltr'>me</span> <span class='ocrx_word' id='word_1_214' title='bbox 511 4014 573 4083; x_wconf 87' lang='lat' dir='ltr'>est,</span> <span class='ocrx_word' id='word_1_215' title='bbox 598 3998 709 4091; x_wconf 91' lang='lat' dir='ltr'>etqui</span> <span class='ocrx_word' id='word_1_216' title='bbox 724 4022 798 4069; x_wconf 93' lang='lat' dir='ltr'>non</span> <span class='ocrx_word' id='word_1_217' title='bbox 813 4011 1000 4088; x_wconf 86' lang='lat' dir='ltr'>congregat</span> <span class='ocrx_word' id='word_1_218' title='bbox 1013 4022 1163 4081; x_wconf 88' lang='lat' dir='ltr'>mecum,</span> <span class='ocrx_word' id='word_1_219' title='bbox 1187 3999 1294 4069; x_wconf 89' lang='lat' dir='ltr'>dissi·</span> 
     </span>
     <span class='ocr_line' id='line_1_32' title="bbox 305 4100 1294 4199; baseline -0.003 -26"><span class='ocrx_word' id='word_1_220' title='bbox 305 4122 373 4199; x_wconf 88' lang='lat' dir='ltr'>pat.</span> <span class='ocrx_word' id='word_1_221' title='bbox 425 4101 476 4175; x_wconf 86' lang='lat' dir='ltr'>Et</span> <span class='ocrx_word' id='word_1_222' title='bbox 493 4100 608 4172; x_wconf 88' lang='lat' dir='ltr'>Marri</span> <span class='ocrx_word' id='word_1_223' title='bbox 623 4101 673 4171; x_wconf 73' lang='lat' dir='ltr'>S:</span> <span class='ocrx_word' id='word_1_224' title='bbox 707 4101 824 4190; x_wconf 87' lang='lat' dir='ltr'>Quem</span> <span class='ocrx_word' id='word_1_225' title='bbox 847 4102 994 4190; x_wconf 87' lang='lat' dir='ltr'>pudebit</span> <span class='ocrx_word' id='word_1_226' title='bbox 1010 4102 1079 4186; x_wconf 86' lang='lat' dir='ltr'>mei</span> <span class='ocrx_word' id='word_1_227' title='bbox 1100 4114 1135 4171; x_wconf 93' lang='grc' dir='ltr'>ει</span> <span class='ocrx_word' id='word_1_228' title='bbox 1157 4125 1294 4170; x_wconf 89' lang='lat' dir='ltr'>sermo·</span> 
     </span>
     <span class='ocr_line' id='line_1_33' title="bbox 306 4199 1294 4292; baseline -0.004 -15"><span class='ocrx_word' id='word_1_229' title='bbox 306 4232 388 4279; x_wconf 90' lang='lat' dir='ltr'>nom</span> <span class='ocrx_word' id='word_1_230' title='bbox 405 4230 570 4275; x_wconf 87' lang='lat' dir='ltr'>meorum</span> <span class='ocrx_word' id='word_1_231' title='bbox 593 4206 631 4272; x_wconf 91' lang='lat' dir='ltr'>in</span> <span class='ocrx_word' id='word_1_232' title='bbox 654 4199 719 4272; x_wconf 92' lang='lat' dir='ltr'>hac</span> <span class='ocrx_word' id='word_1_233' title='bbox 741 4204 901 4273; x_wconf 88' lang='lat' dir='ltr'>adultera</span> <span class='ocrx_word' id='word_1_234' title='bbox 925 4206 1171 4292; x_wconf 83' lang='lat' dir='ltr'>generatione,</span> <span class='ocrx_word' id='word_1_235' title='bbox 1196 4199 1294 4273; x_wconf 79' lang='lat' dir='ltr'>bunc</span> 
     </span>
     <span class='ocr_line' id='line_1_34' title="bbox 306 4304 1294 4388; baseline -0.004 -9"><span class='ocrx_word' id='word_1_236' title='bbox 306 4310 458 4380; x_wconf 84' lang='lat' dir='ltr'>vicissim</span> <span class='ocrx_word' id='word_1_237' title='bbox 476 4307 671 4378; x_wconf 82' lang='lat' dir='ltr'>confundet</span> <span class='ocrx_word' id='word_1_238' title='bbox 683 4306 787 4388; x_wconf 88' lang='lat' dir='ltr'>filius,</span> <span class='ocrx_word' id='word_1_239' title='bbox 809 4318 845 4375; x_wconf 90' lang='grc' dir='ltr'>ει</span> <span class='ocrx_word' id='word_1_240' title='bbox 861 4308 904 4374; x_wconf 90' lang='lat' dir='ltr'>ad</span> <span class='ocrx_word' id='word_1_241' title='bbox 921 4304 1121 4380; x_wconf 80' lang='lat' dir='ltr'>Rom.10.:</span> <span class='ocrx_word' id='word_1_242' title='bbox 1144 4304 1294 4377; x_wconf 79' lang='lat' dir='ltr'>Confes-</span> 
     </span>
     <span class='ocr_line' id='line_1_35' title="bbox 304 4404 1293 4505; baseline -0.007 -23"><span class='ocrx_word' id='word_1_243' title='bbox 304 4414 355 4483; x_wconf 84' lang='lat' dir='ltr'>sio</span> <span class='ocrx_word' id='word_1_244' title='bbox 371 4415 413 4483; x_wconf 80' lang='lat' dir='ltr'>ht</span> <span class='ocrx_word' id='word_1_245' title='bbox 434 4414 480 4481; x_wconf 90' lang='lat' dir='ltr'>ad</span> <span class='ocrx_word' id='word_1_246' title='bbox 503 4410 667 4505; x_wconf 84' lang='lat' dir='ltr'>salutem.</span> <span class='ocrx_word' id='word_1_247' title='bbox 716 4407 764 4479; x_wconf 85' lang='lat' dir='ltr'>Et</span> <span class='ocrx_word' id='word_1_248' title='bbox 781 4404 902 4477; x_wconf 81' lang='lat' dir='ltr'>Esaiae</span> <span class='ocrx_word' id='word_1_249' title='bbox 918 4407 971 4478; x_wconf 83' lang='lat'>5.:</span> <span class='ocrx_word' id='word_1_250' title='bbox 1005 4406 1100 4491; x_wconf 90' lang='lat' dir='ltr'>Vae,</span> <span class='ocrx_word' id='word_1_251' title='bbox 1125 4408 1188 4501; x_wconf 90' lang='lat' dir='ltr'>qui</span> <span class='ocrx_word' id='word_1_252' title='bbox 1205 4408 1293 4477; x_wconf 89' lang='lat' dir='ltr'>dici-</span> 
     </span>
     <span class='ocr_line' id='line_1_36' title="bbox 306 4510 1295 4609; baseline -0.006 -24"><span class='ocrx_word' id='word_1_253' title='bbox 306 4517 348 4585; x_wconf 91' lang='lat' dir='ltr'>tis</span> <span class='ocrx_word' id='word_1_254' title='bbox 369 4510 528 4593; x_wconf 73' lang='lat' dir='ltr'>malum,</span> <span class='ocrx_word' id='word_1_255' title='bbox 553 4514 708 4591; x_wconf 88' lang='lat' dir='ltr'>bonum,</span> <span class='ocrx_word' id='word_1_256' title='bbox 733 4536 798 4581; x_wconf 82' lang='lat' dir='ltr'>vae</span> <span class='ocrx_word' id='word_1_257' title='bbox 818 4512 881 4605; x_wconf 90' lang='lat' dir='ltr'>qui</span> <span class='ocrx_word' id='word_1_258' title='bbox 905 4512 1111 4609; x_wconf 88' lang='lat' dir='ltr'>approbatis</span> <span class='ocrx_word' id='word_1_259' title='bbox 1130 4512 1295 4602; x_wconf 91' lang='lat' dir='ltr'>impium,</span> 
     </span>
     <span class='ocr_line' id='line_1_37' title="bbox 307 4615 694 4689; baseline -0.005 0"><span class='ocrx_word' id='word_1_260' title='bbox 307 4631 339 4689; x_wconf 87' lang='lat' dir='ltr'>et</span> <span class='ocrx_word' id='word_1_261' title='bbox 354 4616 532 4689; x_wconf 83' lang='lat' dir='ltr'>damnatis</span> <span class='ocrx_word' id='word_1_262' title='bbox 547 4615 694 4687; x_wconf 89' lang='lat' dir='ltr'>iustum.</span> 
     </span>
    </p>

    <p class='ocr_par' dir='ltr' id='par_1_6' title="bbox 309 4718 1296 6045">
     <span class='ocr_line' id='line_1_38' title="bbox 403 4718 1294 4809; baseline -0.001 -21"><span class='ocrx_word' id='word_1_263' title='bbox 403 4718 563 4809; x_wconf 86' lang='lat' dir='ltr'>Quidam</span> <span class='ocrx_word' id='word_1_264' title='bbox 577 4741 614 4787; x_wconf 91' lang='lat' dir='ltr'>se</span> <span class='ocrx_word' id='word_1_265' title='bbox 632 4728 812 4786; x_wconf 85' lang='lat' dir='ltr'>excusatos</span> <span class='ocrx_word' id='word_1_266' title='bbox 835 4728 977 4806; x_wconf 92' lang='lat' dir='ltr'>putant,</span> <span class='ocrx_word' id='word_1_267' title='bbox 1002 4718 1031 4786; x_wconf 91' lang='lat' dir='ltr'>si</span> <span class='ocrx_word' id='word_1_268' title='bbox 1048 4729 1204 4797; x_wconf 92' lang='lat' dir='ltr'>taceant,</span> <span class='ocrx_word' id='word_1_269' title='bbox 1229 4740 1294 4787; x_wconf 90' lang='lat' dir='ltr'>nec</span> 
     </span>
     <span class='ocr_line' id='line_1_39' title="bbox 310 4814 1294 4911; baseline -0.005 -18"><span class='ocrx_word' id='word_1_270' title='bbox 310 4824 374 4895; x_wconf 86' lang='lat' dir='ltr'>sint</span> <span class='ocrx_word' id='word_1_271' title='bbox 388 4820 589 4894; x_wconf 87' lang='lat' dir='ltr'>hortatores</span> <span class='ocrx_word' id='word_1_272' title='bbox 605 4819 648 4888; x_wconf 91' lang='lat' dir='ltr'>ad</span> <span class='ocrx_word' id='word_1_273' title='bbox 666 4818 859 4905; x_wconf 88' lang='lat' dir='ltr'>saevitiam,</span> <span class='ocrx_word' id='word_1_274' title='bbox 884 4821 945 4889; x_wconf 91' lang='lat' dir='ltr'>sed</span> <span class='ocrx_word' id='word_1_275' title='bbox 963 4814 1032 4889; x_wconf 92' lang='lat' dir='ltr'>boc</span> <span class='ocrx_word' id='word_1_276' title='bbox 1054 4821 1131 4911; x_wconf 86' lang='lat' dir='ltr'>ipso</span> <span class='ocrx_word' id='word_1_277' title='bbox 1149 4819 1294 4899; x_wconf 86' lang='lat' dir='ltr'>silentio</span> 
     </span>
     <span class='ocr_line' id='line_1_40' title="bbox 314 4922 1293 5013; baseline -0.003 -18"><span class='ocrx_word' id='word_1_278' title='bbox 314 4928 515 4997; x_wconf 80' lang='lat' dir='ltr'>confirmant</span> <span class='ocrx_word' id='word_1_279' title='bbox 551 4923 767 5013; x_wconf 88' lang='lat' dir='ltr'>impietatem</span> <span class='ocrx_word' id='word_1_280' title='bbox 806 4936 841 4993; x_wconf 93' lang='lat' dir='ltr'>et</span> <span class='ocrx_word' id='word_1_281' title='bbox 880 4923 1136 4996; x_wconf 86' lang='lat' dir='ltr'>crudelitatem.</span> <span class='ocrx_word' id='word_1_282' title='bbox 1210 4922 1293 4992; x_wconf 88' lang='lat' dir='ltr'>ldeo</span> 
     </span>
     <span class='ocr_line' id='line_1_41' title="bbox 315 5025 1295 5117; baseline -0.005 -19"><span class='ocrx_word' id='word_1_283' title='bbox 315 5030 416 5102; x_wconf 84' lang='lat' dir='ltr'>sciant</span> <span class='ocrx_word' id='word_1_284' title='bbox 439 5026 672 5098; x_wconf 88' lang='lat' dir='ltr'>necessariam</span> <span class='ocrx_word' id='word_1_285' title='bbox 695 5046 769 5093; x_wconf 86' lang='lat' dir='ltr'>esse</span> <span class='ocrx_word' id='word_1_286' title='bbox 788 5025 1065 5110; x_wconf 85' lang='lat' dir='ltr'>confessionem,</span> <span class='ocrx_word' id='word_1_287' title='bbox 1091 5039 1125 5095; x_wconf 91' lang='lat' dir='ltr'>et</span> <span class='ocrx_word' id='word_1_288' title='bbox 1149 5038 1295 5117; x_wconf 88' lang='lat' dir='ltr'>propter</span> 
     </span>
     <span class='ocr_line' id='line_1_42' title="bbox 315 5127 1296 5221; baseline -0.006 -20"><span class='ocrx_word' id='word_1_289' title='bbox 315 5132 451 5221; x_wconf 81' lang='lat' dir='ltr'>gloriam</span> <span class='ocrx_word' id='word_1_290' title='bbox 469 5130 556 5215; x_wconf 78' lang='lat' dir='ltr'>net,</span> <span class='ocrx_word' id='word_1_291' title='bbox 580 5130 676 5201; x_wconf 89' lang='lat' dir='ltr'>etad</span> <span class='ocrx_word' id='word_1_292' title='bbox 700 5128 906 5197; x_wconf 84' lang='lat' dir='ltr'>liberandos</span> <span class='ocrx_word' id='word_1_293' title='bbox 927 5127 1036 5209; x_wconf 87' lang='lat' dir='ltr'>alios,</span> <span class='ocrx_word' id='word_1_294' title='bbox 1061 5128 1123 5221; x_wconf 89' lang='lat' dir='ltr'>qui</span> <span class='ocrx_word' id='word_1_295' title='bbox 1149 5142 1296 5218; x_wconf 90' lang='lat' dir='ltr'>propter</span> 
     </span>
     <span class='ocr_line' id='line_1_43' title="bbox 314 5227 1295 5323; baseline -0.003 -20"><span class='ocrx_word' id='word_1_296' title='bbox 314 5238 564 5306; x_wconf 74' lang='lat' dir='ltr'>confessionem</span> <span class='ocrx_word' id='word_1_297' title='bbox 580 5232 771 5323; x_wconf 90' lang='lat' dir='ltr'>rapiuntur</span> <span class='ocrx_word' id='word_1_298' title='bbox 784 5230 829 5299; x_wconf 89' lang='lat' dir='ltr'>ad</span> <span class='ocrx_word' id='word_1_299' title='bbox 844 5228 1029 5321; x_wconf 89' lang='lat' dir='ltr'>supplicia.</span> <span class='ocrx_word' id='word_1_300' title='bbox 1081 5227 1150 5299; x_wconf 84' lang='lat' dir='ltr'>Hic</span> <span class='ocrx_word' id='word_1_301' title='bbox 1172 5253 1295 5300; x_wconf 89' lang='lat' dir='ltr'>rursus</span> 
     </span>
     <span class='ocr_line' id='line_1_44' title="bbox 311 5332 1293 5421; baseline -0.005 -15"><span class='ocrx_word' id='word_1_302' title='bbox 311 5342 506 5409; x_wconf 86' lang='lat' dir='ltr'>monendus</span> <span class='ocrx_word' id='word_1_303' title='bbox 532 5349 581 5405; x_wconf 89' lang='lat' dir='ltr'>est</span> <span class='ocrx_word' id='word_1_304' title='bbox 606 5335 717 5405; x_wconf 90' lang='lat' dir='ltr'>lector</span> <span class='ocrx_word' id='word_1_305' title='bbox 742 5334 787 5401; x_wconf 91' lang='lat' dir='ltr'>de</span> <span class='ocrx_word' id='word_1_306' title='bbox 808 5332 1014 5402; x_wconf 89' lang='lat' dir='ltr'>discrimine</span> <span class='ocrx_word' id='word_1_307' title='bbox 1033 5333 1211 5402; x_wconf 87' lang='lat' dir='ltr'>bonorum</span> <span class='ocrx_word' id='word_1_308' title='bbox 1227 5353 1293 5421; x_wconf 87' lang='lat' dir='ltr'>gu-</span> 
     </span>
     <span class='ocr_line' id='line_1_45' title="bbox 309 5431 1296 5529; baseline -0.009 -17"><span class='ocrx_word' id='word_1_309' title='bbox 309 5440 534 5511; x_wconf 82' lang='lat' dir='ltr'>bernatorum</span> <span class='ocrx_word' id='word_1_310' title='bbox 556 5437 802 5529; x_wconf 90' lang='lat' dir='ltr'>politicorum,</span> <span class='ocrx_word' id='word_1_311' title='bbox 831 5431 1111 5526; x_wconf 85' lang='lat' dir='ltr'>Prophetarum,</span> <span class='ocrx_word' id='word_1_312' title='bbox 1139 5449 1172 5505; x_wconf 91' lang='lat' dir='ltr'>et</span> <span class='ocrx_word' id='word_1_313' title='bbox 1194 5435 1296 5524; x_wconf 90' lang='lat' dir='ltr'>Apo·</span> 
     </span>
     <span class='ocr_line' id='line_1_46' title="bbox 309 5532 1294 5628; baseline -0.008 -14"><span class='ocrx_word' id='word_1_314' title='bbox 309 5546 495 5628; x_wconf 80' lang='lat' dir='ltr'>stolorum,</span> <span class='ocrx_word' id='word_1_315' title='bbox 528 5554 562 5611; x_wconf 92' lang='lat' dir='ltr'>et</span> <span class='ocrx_word' id='word_1_316' title='bbox 594 5535 742 5610; x_wconf 86' lang='lat' dir='ltr'>Christi.</span> <span class='ocrx_word' id='word_1_317' title='bbox 801 5534 918 5607; x_wconf 87' lang='lat' dir='ltr'>Aliter</span> <span class='ocrx_word' id='word_1_318' title='bbox 946 5532 1111 5608; x_wconf 88' lang='lat' dir='ltr'>Christos</span> <span class='ocrx_word' id='word_1_319' title='bbox 1137 5537 1294 5607; x_wconf 89' lang='lat' dir='ltr'>animam</span> 
     </span>
     <span class='ocr_line' id='line_1_47' title="bbox 309 5638 1295 5737; baseline -0.009 -19"><span class='ocrx_word' id='word_1_320' title='bbox 309 5667 404 5718; x_wconf 86' lang='lat' dir='ltr'>tuam</span> <span class='ocrx_word' id='word_1_321' title='bbox 417 5671 484 5737; x_wconf 91' lang='lat' dir='ltr'>pro</span> <span class='ocrx_word' id='word_1_322' title='bbox 501 5644 627 5714; x_wconf 86' lang='lat' dir='ltr'>ovibus</span> <span class='ocrx_word' id='word_1_323' title='bbox 644 5642 765 5733; x_wconf 90' lang='lat' dir='ltr'>ponit,</span> <span class='ocrx_word' id='word_1_324' title='bbox 790 5664 897 5732; x_wconf 88' lang='lat' dir='ltr'>quam</span> <span class='ocrx_word' id='word_1_325' title='bbox 914 5638 1054 5730; x_wconf 86' lang='lat' dir='ltr'>Scipio,</span> <span class='ocrx_word' id='word_1_326' title='bbox 1078 5640 1213 5725; x_wconf 90' lang='lat' dir='ltr'>David,</span> <span class='ocrx_word' id='word_1_327' title='bbox 1239 5644 1295 5709; x_wconf 89' lang='lat' dir='ltr'>le-</span> 
     </span>
     <span class='ocr_line' id='line_1_48' title="bbox 310 5739 1293 5833; baseline -0.009 -13"><span class='ocrx_word' id='word_1_328' title='bbox 310 5751 453 5819; x_wconf 77' lang='lat' dir='ltr'>remias:</span> <span class='ocrx_word' id='word_1_329' title='bbox 477 5770 564 5818; x_wconf 89' lang='lat' dir='ltr'>nam</span> <span class='ocrx_word' id='word_1_330' title='bbox 586 5739 722 5815; x_wconf 85' lang='lat' dir='ltr'>Christi</span> <span class='ocrx_word' id='word_1_331' title='bbox 749 5742 864 5833; x_wconf 89' lang='lat' dir='ltr'>passio</span> <span class='ocrx_word' id='word_1_332' title='bbox 889 5742 1069 5831; x_wconf 88' lang='lat' dir='ltr'>singulare</span> <span class='ocrx_word' id='word_1_333' title='bbox 1084 5742 1293 5813; x_wconf 84' lang='lat' dir='ltr'>sacrificium</span> 
     </span>
     <span class='ocr_line' id='line_1_49' title="bbox 316 5839 1294 5937; baseline -0.005 -16"><span class='ocrx_word' id='word_1_334' title='bbox 316 5868 379 5937; x_wconf 84' lang='lat' dir='ltr'>est,</span> <span class='ocrx_word' id='word_1_335' title='bbox 403 5853 610 5922; x_wconf 88' lang='lat' dir='ltr'>ordinatum</span> <span class='ocrx_word' id='word_1_336' title='bbox 626 5848 672 5916; x_wconf 90' lang='lat' dir='ltr'>ad</span> <span class='ocrx_word' id='word_1_337' title='bbox 688 5839 757 5916; x_wconf 87' lang='lat' dir='ltr'>hoe</span> <span class='ocrx_word' id='word_1_338' title='bbox 774 5844 898 5933; x_wconf 88' lang='lat' dir='ltr'>ingens</span> <span class='ocrx_word' id='word_1_339' title='bbox 919 5859 954 5915; x_wconf 93' lang='grc' dir='ltr'>ει</span> <span class='ocrx_word' id='word_1_340' title='bbox 974 5845 1213 5916; x_wconf 83' lang='lat' dir='ltr'>inenarrabile</span> <span class='ocrx_word' id='word_1_341' title='bbox 1227 5847 1294 5916; x_wconf 89' lang='lat' dir='ltr'>bo·</span> 
     </span>
     <span class='ocr_line' id='line_1_50' title="bbox 315 5947 1293 6045; baseline -0.005 -23"><span class='ocrx_word' id='word_1_342' title='bbox 315 5974 406 6045; x_wconf 83' lang='lat' dir='ltr'>num,</span> <span class='ocrx_word' id='word_1_343' title='bbox 429 5970 471 6027; x_wconf 92' lang='lat' dir='ltr'>ut</span> <span class='ocrx_word' id='word_1_344' title='bbox 483 5957 574 6025; x_wconf 92' lang='lat' dir='ltr'>iram</span> <span class='ocrx_word' id='word_1_345' title='bbox 587 5948 657 6020; x_wconf 89' lang='lat' dir='ltr'>Dei</span> <span class='ocrx_word' id='word_1_346' title='bbox 669 5948 795 6041; x_wconf 79' lang='lat' dir='ltr'>placet,</span> <span class='ocrx_word' id='word_1_347' title='bbox 815 5960 850 6019; x_wconf 87' lang='grc' dir='ltr'>ει</span> <span class='ocrx_word' id='word_1_348' title='bbox 864 5949 912 6020; x_wconf 91' lang='lat' dir='ltr'>sit</span> <span class='ocrx_word' id='word_1_349' title='bbox 924 5947 1117 6019; x_wconf 81' lang='lat' dir='ltr'>satisfactio</span> <span class='ocrx_word' id='word_1_350' title='bbox 1129 5972 1196 6042; x_wconf 89' lang='lat' dir='ltr'>pro</span> <span class='ocrx_word' id='word_1_351' title='bbox 1211 5971 1293 6040; x_wconf 89' lang='lat' dir='ltr'>pec·</span> 
     </span>
    </p>
   </div>
   <div class='ocr_carea' id='block_1_5' title="bbox 716 735 1922 827">
    <p class='ocr_par' dir='ltr' id='par_1_7' title="bbox 716 735 1922 827">
     <span class='ocr_line' id='line_1_51' title="bbox 716 735 1922 827; baseline 0.009 -12"><span class='ocrx_word' id='word_1_352' title='bbox 716 738 799 816; x_wconf 81' lang='lat' dir='ltr'>Xll.</span> <span class='ocrx_word' id='word_1_353' title='bbox 854 735 1157 818; x_wconf 85' lang='lat' dir='ltr'>ENARRATlO</span> <span class='ocrx_word' id='word_1_354' title='bbox 1182 739 1234 817; x_wconf 85' lang='grc' dir='ltr'>ΙΝ</span> <span class='ocrx_word' id='word_1_355' title='bbox 1258 738 1446 819; x_wconf 83' lang='lat' dir='ltr'>EVANG.</span> <span class='ocrx_word' id='word_1_356' title='bbox 1473 737 1690 823; x_wconf 83' lang='lat' dir='ltr'>lOANNlS.</span> <span class='ocrx_word' id='word_1_357' title='bbox 1739 745 1846 824; x_wconf 87' lang='lat' dir='ltr'>CAP.</span> <span class='ocrx_word' id='word_1_358' title='bbox 1874 751 1922 827; x_wconf 85' lang='grc' dir='ltr'>Χ.</span> 
     </span>
    </p>
   </div>
   <div class='ocr_carea' id='block_1_6' title="bbox 2266 759 2341 834">
    <p class='ocr_par' dir='ltr' id='par_1_8' title="bbox 2266 759 2341 834">
     <span class='ocr_line' id='line_1_52' title="bbox 2266 759 2341 834; baseline 0.027 -2"><span class='ocrx_word' id='word_1_359' title='bbox 2266 759 2341 834; x_wconf 75' lang='lat'>238</span> 
     </span>
    </p>
   </div>
   <div class='ocr_carea' id='block_1_7' title="bbox 1348 915 2342 1330">
    <p class='ocr_par' dir='ltr' id='par_1_9' title="bbox 1348 915 2342 1330">
     <span class='ocr_line' id='line_1_53' title="bbox 1350 915 2342 1025; baseline 0.019 -42"><span class='ocrx_word' id='word_1_360' title='bbox 1350 916 1437 986; x_wconf 87' lang='lat' dir='ltr'>catis</span> <span class='ocrx_word' id='word_1_361' title='bbox 1460 918 1603 992; x_wconf 84' lang='lat' dir='ltr'>nostris.</span> <span class='ocrx_word' id='word_1_362' title='bbox 1656 915 1705 992; x_wconf 95' lang='lat' dir='ltr'>At</span> <span class='ocrx_word' id='word_1_363' title='bbox 1728 918 1891 1012; x_wconf 86' lang='lat' dir='ltr'>Davidis,</span> <span class='ocrx_word' id='word_1_364' title='bbox 1918 921 2106 1014; x_wconf 90' lang='lat' dir='ltr'>Ieremiae,</span> <span class='ocrx_word' id='word_1_365' title='bbox 2131 925 2235 999; x_wconf 90' lang='lat' dir='ltr'>Pauli</span> <span class='ocrx_word' id='word_1_366' title='bbox 2256 954 2342 1025; x_wconf 87' lang='lat' dir='ltr'>snp-</span> 
     </span>
     <span class='ocr_line' id='line_1_54' title="bbox 1348 1019 2341 1125; baseline 0.019 -39"><span class='ocrx_word' id='word_1_367' title='bbox 1348 1019 1456 1109; x_wconf 88' lang='lat' dir='ltr'>plieia</span> <span class='ocrx_word' id='word_1_368' title='bbox 1478 1044 1553 1090; x_wconf 93' lang='lat' dir='ltr'>non</span> <span class='ocrx_word' id='word_1_369' title='bbox 1577 1038 1761 1094; x_wconf 89' lang='lat' dir='ltr'>merentur</span> <span class='ocrx_word' id='word_1_370' title='bbox 1791 1028 1871 1097; x_wconf 89' lang='lat' dir='ltr'>aliis</span> <span class='ocrx_word' id='word_1_371' title='bbox 1903 1030 2146 1100; x_wconf 81' lang='lat' dir='ltr'>remissionem</span> <span class='ocrx_word' id='word_1_372' title='bbox 2177 1049 2341 1125; x_wconf 89' lang='lat' dir='ltr'>peccato·-</span> 
     </span>
     <span class='ocr_line' id='line_1_55' title="bbox 1349 1129 2339 1222; baseline 0.017 -33"><span class='ocrx_word' id='word_1_373' title='bbox 1349 1144 1450 1208; x_wconf 89' lang='lat' dir='ltr'>rum,</span> <span class='ocrx_word' id='word_1_374' title='bbox 1476 1147 1541 1193; x_wconf 93' lang='lat' dir='ltr'>nec</span> <span class='ocrx_word' id='word_1_375' title='bbox 1564 1138 1647 1196; x_wconf 91' lang='lat' dir='ltr'>sunt</span> <span class='ocrx_word' id='word_1_376' title='bbox 1668 1129 1835 1199; x_wconf 85' lang='lat' dir='ltr'>sacrificia</span> <span class='ocrx_word' id='word_1_377' title='bbox 1857 1131 2032 1222; x_wconf 90' lang='lat' dir='ltr'>placantia</span> <span class='ocrx_word' id='word_1_378' title='bbox 2057 1134 2145 1204; x_wconf 91' lang='lat' dir='ltr'>iram</span> <span class='ocrx_word' id='word_1_379' title='bbox 2166 1133 2254 1222; x_wconf 85' lang='lat' dir='ltr'>Dei,</span> <span class='ocrx_word' id='word_1_380' title='bbox 2278 1137 2339 1206; x_wconf 90' lang='lat' dir='ltr'>sed</span> 
     </span>
     <span class='ocr_line' id='line_1_56' title="bbox 1348 1226 2340 1330; baseline 0.016 -37"><span class='ocrx_word' id='word_1_381' title='bbox 1348 1226 1565 1305; x_wconf 86' lang='lat' dir='ltr'>suntdebita</span> <span class='ocrx_word' id='word_1_382' title='bbox 1581 1229 1783 1300; x_wconf 87' lang='lat' dir='ltr'>obedientia</span> <span class='ocrx_word' id='word_1_383' title='bbox 1809 1233 1848 1302; x_wconf 89' lang='lat' dir='ltr'>in</span> <span class='ocrx_word' id='word_1_384' title='bbox 1872 1235 1966 1320; x_wconf 88' lang='lat' dir='ltr'>istis,</span> <span class='ocrx_word' id='word_1_385' title='bbox 1999 1259 2089 1330; x_wconf 89' lang='lat' dir='ltr'>quae</span> <span class='ocrx_word' id='word_1_386' title='bbox 2113 1250 2229 1308; x_wconf 88' lang='lat' dir='ltr'>tamen</span> <span class='ocrx_word' id='word_1_387' title='bbox 2255 1265 2340 1328; x_wconf 89' lang='lat' dir='ltr'>pro-</span> 
     </span>
    </p>
   </div>
   <div class='ocr_carea' id='block_1_8' title="bbox 1348 1331 2459 1427">
    <p class='ocr_par' dir='ltr' id='par_1_10' title="bbox 1348 1331 2459 1427">
     <span class='ocr_line' id='line_1_57' title="bbox 1348 1331 2459 1427; baseline 0.011 -29"><span class='ocrx_word' id='word_1_388' title='bbox 1348 1343 1428 1420; x_wconf 89' lang='lat' dir='ltr'>pter</span> <span class='ocrx_word' id='word_1_389' title='bbox 1465 1331 1720 1402; x_wconf 86' lang='lat' dir='ltr'>confessionem</span> <span class='ocrx_word' id='word_1_390' title='bbox 1759 1347 1792 1404; x_wconf 90' lang='lat' dir='ltr'>et</span> <span class='ocrx_word' id='word_1_391' title='bbox 1829 1339 2115 1427; x_wconf 77' lang='lat' dir='ltr'>propagationem</span> <span class='ocrx_word' id='word_1_392' title='bbox 2156 1342 2339 1412; x_wconf 90' lang='lat' dir='ltr'>doctrinae</span> <span class='ocrx_word' id='word_1_393' title='bbox 2458 1405 2459 1410; x_wconf 75' lang='grc'>,</span> 
     </span>
    </p>
   </div>
   <div class='ocr_carea' id='block_1_9' title="bbox 1347 1429 2339 1841">
    <p class='ocr_par' dir='ltr' id='par_1_11' title="bbox 1347 1429 2339 1841">
     <span class='ocr_line' id='line_1_58' title="bbox 1347 1429 2338 1534; baseline 0.014 -36"><span class='ocrx_word' id='word_1_394' title='bbox 1347 1429 1428 1499; x_wconf 89' lang='lat' dir='ltr'>aliis</span> <span class='ocrx_word' id='word_1_395' title='bbox 1450 1433 1604 1522; x_wconf 84' lang='lat' dir='ltr'>prodest.</span> <span class='ocrx_word' id='word_1_396' title='bbox 1660 1432 1712 1504; x_wconf 92' lang='lat' dir='ltr'>lta</span> <span class='ocrx_word' id='word_1_397' title='bbox 1735 1435 1853 1530; x_wconf 88' lang='lat' dir='ltr'>inquit</span> <span class='ocrx_word' id='word_1_398' title='bbox 1875 1437 2008 1511; x_wconf 89' lang='lat' dir='ltr'>Paulus</span> <span class='ocrx_word' id='word_1_399' title='bbox 2031 1438 2163 1534; x_wconf 88' lang='lat' dir='ltr'>Philip.</span> <span class='ocrx_word' id='word_1_400' title='bbox 2178 1445 2231 1516; x_wconf 58' lang='lat' dir='ltr'>Z:</span> <span class='ocrx_word' id='word_1_401' title='bbox 2268 1443 2338 1514; x_wconf 89' lang='lat' dir='ltr'>Sed</span> 
     </span>
     <span class='ocr_line' id='line_1_59' title="bbox 1348 1533 2339 1628; baseline 0.015 -28"><span class='ocrx_word' id='word_1_402' title='bbox 1348 1533 1566 1604; x_wconf 88' lang='lat' dir='ltr'>et&#39;immolor</span> <span class='ocrx_word' id='word_1_403' title='bbox 1581 1549 1726 1628; x_wconf 90' lang='lat' dir='ltr'>propter</span> <span class='ocrx_word' id='word_1_404' title='bbox 1740 1541 1948 1612; x_wconf 88' lang='lat' dir='ltr'>sacrificium</span> <span class='ocrx_word' id='word_1_405' title='bbox 1967 1557 2001 1614; x_wconf 92' lang='lat' dir='ltr'>et</span> <span class='ocrx_word' id='word_1_406' title='bbox 2014 1544 2233 1615; x_wconf 89' lang='lat' dir='ltr'>oblationem</span> <span class='ocrx_word' id='word_1_407' title='bbox 2258 1546 2339 1615; x_wconf 87' lang='lat' dir='ltr'>fidei</span> 
     </span>
     <span class='ocr_line' id='line_1_60' title="bbox 1347 1637 2339 1728; baseline 0.016 -25"><span class='ocrx_word' id='word_1_408' title='bbox 1347 1648 1500 1721; x_wconf 89' lang='lat' dir='ltr'>vestrae,</span> <span class='ocrx_word' id='word_1_409' title='bbox 1527 1637 1562 1707; x_wconf 92' lang='lat' dir='ltr'>id</span> <span class='ocrx_word' id='word_1_410' title='bbox 1582 1652 1652 1722; x_wconf 88' lang='lat' dir='ltr'>est,</span> <span class='ocrx_word' id='word_1_411' title='bbox 1677 1639 1861 1728; x_wconf 90' lang='lat' dir='ltr'>immolor,</span> <span class='ocrx_word' id='word_1_412' title='bbox 1887 1658 1928 1715; x_wconf 93' lang='lat' dir='ltr'>ut</span> <span class='ocrx_word' id='word_1_413' title='bbox 1943 1647 2116 1716; x_wconf 88' lang='lat' dir='ltr'>consessio</span> <span class='ocrx_word' id='word_1_414' title='bbox 2135 1673 2209 1718; x_wconf 89' lang='lat' dir='ltr'>mea</span> <span class='ocrx_word' id='word_1_415' title='bbox 2225 1650 2339 1720; x_wconf 90' lang='lat' dir='ltr'>luceat</span> 
     </span>
     <span class='ocr_line' id='line_1_61' title="bbox 1347 1737 2338 1841; baseline 0.016 -36"><span class='ocrx_word' id='word_1_416' title='bbox 1347 1737 1386 1806; x_wconf 90' lang='lat' dir='ltr'>in</span> <span class='ocrx_word' id='word_1_417' title='bbox 1411 1739 1606 1830; x_wconf 88' lang='lat' dir='ltr'>supplicio,</span> <span class='ocrx_word' id='word_1_418' title='bbox 1632 1754 1667 1811; x_wconf 90' lang='lat' dir='ltr'>et</span> <span class='ocrx_word' id='word_1_419' title='bbox 1686 1743 1734 1814; x_wconf 88' lang='lat' dir='ltr'>sit</span> <span class='ocrx_word' id='word_1_420' title='bbox 1757 1745 2000 1816; x_wconf 86' lang='lat' dir='ltr'>testimonium</span> <span class='ocrx_word' id='word_1_421' title='bbox 2017 1744 2222 1841; x_wconf 82' lang='lat' dir='ltr'>Evangelii,</span> <span class='ocrx_word' id='word_1_422' title='bbox 2252 1775 2338 1820; x_wconf 85' lang='lat' dir='ltr'>con-</span> 
     </span>
    </p>
   </div>
   <div class='ocr_carea' id='block_1_10' title="bbox 1347 1840 2338 2022">
    <p class='ocr_par' dir='ltr' id='par_1_12' title="bbox 1347 1840 2338 2022">
     <span class='ocr_line' id='line_1_62' title="bbox 1347 1840 2338 1942; baseline 0.016 -34"><span class='ocrx_word' id='word_1_423' title='bbox 1347 1840 1492 1934; x_wconf 81' lang='lat' dir='ltr'>firmans</span> <span class='ocrx_word' id='word_1_424' title='bbox 1506 1841 1611 1912; x_wconf 81' lang='lat' dir='ltr'>fidem</span> <span class='ocrx_word' id='word_1_425' title='bbox 1628 1857 1791 1934; x_wconf 88' lang='lat' dir='ltr'>vestram,</span> <span class='ocrx_word' id='word_1_426' title='bbox 1811 1865 1970 1942; x_wconf 89' lang='lat' dir='ltr'>quaeest</span> <span class='ocrx_word' id='word_1_427' title='bbox 1984 1875 2109 1922; x_wconf 89' lang='lat' dir='ltr'>verum</span> <span class='ocrx_word' id='word_1_428' title='bbox 2127 1853 2338 1925; x_wconf 84' lang='lat' dir='ltr'>sacrificium</span> 
     </span>
     <span class='ocr_line' id='line_1_63' title="bbox 1347 1945 2084 2022; baseline 0.012 -8"><span class='ocrx_word' id='word_1_429' title='bbox 1347 1957 1382 2014; x_wconf 87' lang='lat' dir='ltr'>et</span> <span class='ocrx_word' id='word_1_430' title='bbox 1398 1967 1481 2016; x_wconf 87' lang='lat' dir='ltr'>vera</span> <span class='ocrx_word' id='word_1_431' title='bbox 1498 1945 1645 2022; x_wconf 87' lang='lat' dir='ltr'>oblatio.</span> <span class='ocrx_word' id='word_1_432' title='bbox 2081 1979 2084 1988; x_wconf 73' lang='grc'><strong>’</strong></span> 
     </span>
    </p>
   </div>
   <div class='ocr_carea' id='block_1_11' title="bbox 1344 2161 2389 3133">
    <p class='ocr_par' dir='ltr' id='par_1_13' title="bbox 1421 2161 2389 2345">
     <span class='ocr_line' id='line_1_64' title="bbox 1421 2161 2389 2271; baseline 0.01 -37"><span class='ocrx_word' id='word_1_433' title='bbox 1421 2161 1555 2236; x_wconf 84' lang='lat' dir='ltr'>Habeo</span> <span class='ocrx_word' id='word_1_434' title='bbox 1578 2174 1610 2236; x_wconf 85' lang='lat' dir='ltr'>ct</span> <span class='ocrx_word' id='word_1_435' title='bbox 1633 2161 1737 2238; x_wconf 79' lang='lat' dir='ltr'>alias</span> <span class='ocrx_word' id='word_1_436' title='bbox 1760 2191 1856 2262; x_wconf 83' lang='lat' dir='ltr'>oves,</span> <span class='ocrx_word' id='word_1_437' title='bbox 1891 2194 1986 2271; x_wconf 82' lang='lat' dir='ltr'>quoe</span> <span class='ocrx_word' id='word_1_438' title='bbox 2008 2197 2082 2245; x_wconf 87' lang='lat' dir='ltr'>non</span> <span class='ocrx_word' id='word_1_439' title='bbox 2102 2183 2189 2244; x_wconf 78' lang='lat' dir='ltr'>sunl</span> <span class='ocrx_word' id='word_1_440' title='bbox 2206 2169 2248 2243; x_wconf 83' lang='lat' dir='ltr'>dc</span> <span class='ocrx_word' id='word_1_441' title='bbox 2271 2169 2339 2244; x_wconf 77' lang='lat' dir='ltr'>laos</span> <span class='ocrx_word' id='word_1_442' title='bbox 2375 2209 2389 2220; x_wconf 68' lang='lat'>=</span> 
     </span>
     <span class='ocr_line' id='line_1_65' title="bbox 1474 2267 1573 2345; baseline 0.061 -7"><span class='ocrx_word' id='word_1_443' title='bbox 1474 2267 1573 2345; x_wconf 75' lang='lat' dir='ltr'>ovili.</span> 
     </span>
    </p>

    <p class='ocr_par' dir='ltr' id='par_1_14' title="bbox 1344 2419 2338 3133">
     <span class='ocr_line' id='line_1_66' title="bbox 1447 2419 2337 2521; baseline 0.007 -27"><span class='ocrx_word' id='word_1_444' title='bbox 1447 2419 1531 2494; x_wconf 89' lang='lat' dir='ltr'>Non</span> <span class='ocrx_word' id='word_1_445' title='bbox 1554 2423 1705 2496; x_wconf 90' lang='lat' dir='ltr'>dubium</span> <span class='ocrx_word' id='word_1_446' title='bbox 1729 2441 1781 2498; x_wconf 89' lang='lat' dir='ltr'>est</span> <span class='ocrx_word' id='word_1_447' title='bbox 1801 2420 1888 2498; x_wconf 81' lang='lat' dir='ltr'>haec</span> <span class='ocrx_word' id='word_1_448' title='bbox 1913 2429 2157 2502; x_wconf 88' lang='lat' dir='ltr'>devocatione</span> <span class='ocrx_word' id='word_1_449' title='bbox 2177 2430 2337 2521; x_wconf 89' lang='lat' dir='ltr'>gentium</span> 
     </span>
     <span class='ocr_line' id='line_1_67' title="bbox 1345 2523 2337 2624; baseline 0.006 -26"><span class='ocrx_word' id='word_1_450' title='bbox 1345 2523 1436 2607; x_wconf 82' lang='lat' dir='ltr'>dici,</span> <span class='ocrx_word' id='word_1_451' title='bbox 1463 2549 1528 2596; x_wconf 91' lang='lat' dir='ltr'>nec</span> <span class='ocrx_word' id='word_1_452' title='bbox 1546 2527 1613 2598; x_wconf 90' lang='lat' dir='ltr'>alia</span> <span class='ocrx_word' id='word_1_453' title='bbox 1629 2531 1802 2602; x_wconf 89' lang='lat' dir='ltr'>sententia</span> <span class='ocrx_word' id='word_1_454' title='bbox 1818 2535 2021 2624; x_wconf 90' lang='lat' dir='ltr'>quaerenda</span> <span class='ocrx_word' id='word_1_455' title='bbox 2037 2547 2088 2602; x_wconf 90' lang='lat' dir='ltr'>est</span> <span class='ocrx_word' id='word_1_456' title='bbox 2109 2529 2216 2601; x_wconf 78' lang='lat' dir='ltr'>leuius</span> <span class='ocrx_word' id='word_1_457' title='bbox 2231 2532 2337 2604; x_wconf 88' lang='lat' dir='ltr'>dicti:</span> 
     </span>
     <span class='ocr_line' id='line_1_68' title="bbox 1344 2627 2338 2728; baseline 0.006 -31"><span class='ocrx_word' id='word_1_458' title='bbox 1344 2627 1423 2699; x_wconf 87' lang='lat' dir='ltr'>Erit</span> <span class='ocrx_word' id='word_1_459' title='bbox 1439 2653 1552 2699; x_wconf 77' lang='lat' dir='ltr'>arnum</span> <span class='ocrx_word' id='word_1_460' title='bbox 1569 2631 1663 2700; x_wconf 90' lang='lat' dir='ltr'>ovile</span> <span class='ocrx_word' id='word_1_461' title='bbox 1680 2645 1714 2702; x_wconf 91' lang='lat' dir='ltr'>et</span> <span class='ocrx_word' id='word_1_462' title='bbox 1728 2655 1822 2728; x_wconf 89' lang='lat' dir='ltr'>unus</span> <span class='ocrx_word' id='word_1_463' title='bbox 1837 2647 1977 2724; x_wconf 88' lang='lat' dir='ltr'>pastor,</span> <span class='ocrx_word' id='word_1_464' title='bbox 2002 2659 2110 2706; x_wconf 92' lang='lat' dir='ltr'>unam</span> <span class='ocrx_word' id='word_1_465' title='bbox 2134 2631 2338 2728; x_wconf 87' lang='lat' dir='ltr'>inquit&#39;Ec-</span> 
     </span>
     <span class='ocr_line' id='line_1_69' title="bbox 1345 2732 2337 2825; baseline 0.007 -23"><span class='ocrx_word' id='word_1_466' title='bbox 1345 2732 1487 2802; x_wconf 89' lang='lat' dir='ltr'>clesiam</span> <span class='ocrx_word' id='word_1_467' title='bbox 1502 2732 1588 2818; x_wconf 86' lang='lat' dir='ltr'>iore,</span> <span class='ocrx_word' id='word_1_468' title='bbox 1615 2734 1796 2804; x_wconf 87' lang='lat' dir='ltr'>collectam</span> <span class='ocrx_word' id='word_1_469' title='bbox 1812 2737 2035 2825; x_wconf 85' lang='lat' dir='ltr'>exgentibus</span> <span class='ocrx_word' id='word_1_470' title='bbox 2051 2750 2085 2807; x_wconf 91' lang='lat' dir='ltr'>et</span> <span class='ocrx_word' id='word_1_471' title='bbox 2105 2735 2255 2821; x_wconf 86' lang='lat' dir='ltr'>ludaeis,</span> <span class='ocrx_word' id='word_1_472' title='bbox 2279 2737 2337 2809; x_wconf 90' lang='lat' dir='ltr'>cui</span> 
     </span>
     <span class='ocr_line' id='line_1_70' title="bbox 1345 2834 2337 2933; baseline 0.003 -28"><span class='ocrx_word' id='word_1_473' title='bbox 1345 2858 1439 2905; x_wconf 92' lang='lat' dir='ltr'>unus</span> <span class='ocrx_word' id='word_1_474' title='bbox 1454 2834 1522 2906; x_wconf 87' lang='lat' dir='ltr'>erit</span> <span class='ocrx_word' id='word_1_475' title='bbox 1538 2849 1669 2927; x_wconf 90' lang='lat' dir='ltr'>pastor,</span> <span class='ocrx_word' id='word_1_476' title='bbox 1691 2861 1804 2908; x_wconf 92' lang='lat' dir='ltr'>unum</span> <span class='ocrx_word' id='word_1_477' title='bbox 1818 2853 1923 2929; x_wconf 92' lang='lat' dir='ltr'>caput</span> <span class='ocrx_word' id='word_1_478' title='bbox 1938 2837 2143 2932; x_wconf 83' lang='lat' dir='ltr'>FiliusDei,</span> <span class='ocrx_word' id='word_1_479' title='bbox 2161 2841 2223 2933; x_wconf 90' lang='lat' dir='ltr'>qui</span> <span class='ocrx_word' id='word_1_480' title='bbox 2239 2839 2337 2910; x_wconf 91' lang='lat' dir='ltr'>illam</span> 
     </span>
     <span class='ocr_line' id='line_1_71' title="bbox 1344 2935 2338 3036; baseline 0.005 -30"><span class='ocrx_word' id='word_1_481' title='bbox 1344 2935 1538 3007; x_wconf 86' lang='lat' dir='ltr'>Ecclesiam</span> <span class='ocrx_word' id='word_1_482' title='bbox 1565 2952 1599 3009; x_wconf 90' lang='lat' dir='ltr'>et</span> <span class='ocrx_word' id='word_1_483' title='bbox 1620 2935 1817 3030; x_wconf 85' lang='lat' dir='ltr'>Evangelio</span> <span class='ocrx_word' id='word_1_484' title='bbox 1842 2965 1907 3012; x_wconf 88' lang='lat' dir='ltr'>suo</span> <span class='ocrx_word' id='word_1_485' title='bbox 1930 2956 1965 3012; x_wconf 92' lang='lat' dir='ltr'>et</span> <span class='ocrx_word' id='word_1_486' title='bbox 1982 2941 2121 3036; x_wconf 88' lang='lat' dir='ltr'>Spiritu</span> <span class='ocrx_word' id='word_1_487' title='bbox 2143 2956 2264 3014; x_wconf 89' lang='lat' dir='ltr'>sancto</span> <span class='ocrx_word' id='word_1_488' title='bbox 2280 2967 2338 3012; x_wconf 89' lang='lat' dir='ltr'>re-</span> 
     </span>
     <span class='ocr_line' id='line_1_72' title="bbox 1345 3037 2337 3133; baseline 0.006 -23"><span class='ocrx_word' id='word_1_489' title='bbox 1345 3053 1413 3132; x_wconf 86' lang='lat' dir='ltr'>get,</span> <span class='ocrx_word' id='word_1_490' title='bbox 1437 3054 1472 3111; x_wconf 91' lang='grc' dir='ltr'>ει</span> <span class='ocrx_word' id='word_1_491' title='bbox 1488 3037 1527 3110; x_wconf 89' lang='lat' dir='ltr'>in</span> <span class='ocrx_word' id='word_1_492' title='bbox 1542 3065 1580 3112; x_wconf 92' lang='lat' dir='ltr'>ea</span> <span class='ocrx_word' id='word_1_493' title='bbox 1598 3043 1816 3130; x_wconf 82' lang='lat' dir='ltr'>agnitionem</span> <span class='ocrx_word' id='word_1_494' title='bbox 1834 3041 1901 3114; x_wconf 92' lang='lat' dir='ltr'>Dei</span> <span class='ocrx_word' id='word_1_495' title='bbox 1916 3060 1949 3117; x_wconf 89' lang='lat' dir='ltr'>et</span> <span class='ocrx_word' id='word_1_496' title='bbox 1967 3045 2243 3133; x_wconf 87' lang='lat' dir='ltr'>invocationem,</span> <span class='ocrx_word' id='word_1_497' title='bbox 2270 3069 2337 3116; x_wconf 87' lang='lat' dir='ltr'>no·</span> 
     </span>
    </p>
   </div>
   <div class='ocr_carea' id='block_1_12' title="bbox 1345 3146 2358 3343">
    <p class='ocr_par' dir='ltr' id='par_1_15' title="bbox 1345 3146 2358 3343">
     <span class='ocr_line' id='line_1_73' title="bbox 1346 3146 2358 3234; baseline 0 -20"><span class='ocrx_word' id='word_1_498' title='bbox 1346 3168 1426 3214; x_wconf 86' lang='lat' dir='ltr'>vam</span> <span class='ocrx_word' id='word_1_499' title='bbox 1443 3157 1479 3215; x_wconf 91' lang='lat' dir='ltr'>et</span> <span class='ocrx_word' id='word_1_500' title='bbox 1494 3157 1672 3214; x_wconf 89' lang='lat' dir='ltr'>aeternam</span> <span class='ocrx_word' id='word_1_501' title='bbox 1690 3146 1865 3216; x_wconf 85' lang='lat' dir='ltr'>iusticiam</span> <span class='ocrx_word' id='word_1_502' title='bbox 1888 3171 1927 3216; x_wconf 91' lang='lat' dir='ltr'>ac</span> <span class='ocrx_word' id='word_1_503' title='bbox 1943 3146 2051 3217; x_wconf 90' lang='lat' dir='ltr'>vitam</span> <span class='ocrx_word' id='word_1_504' title='bbox 2076 3151 2262 3234; x_wconf 88' lang='lat' dir='ltr'>accendet,</span> <span class='ocrx_word' id='word_1_505' title='bbox 2289 3149 2337 3216; x_wconf 87' lang='lat' dir='ltr'>si·</span> <span class='ocrx_word' id='word_1_506' title='bbox 2356 3149 2358 3156; x_wconf 88' lang='grc'><strong>’</strong></span> 
     </span>
     <span class='ocr_line' id='line_1_74' title="bbox 1345 3240 2337 3343; baseline 0.006 -29"><span class='ocrx_word' id='word_1_507' title='bbox 1345 3261 1404 3316; x_wconf 89' lang='lat' dir='ltr'>cut</span> <span class='ocrx_word' id='word_1_508' title='bbox 1419 3245 1463 3315; x_wconf 90' lang='lat' dir='ltr'>ad</span> <span class='ocrx_word' id='word_1_509' title='bbox 1479 3240 1611 3338; x_wconf 87' lang='lat' dir='ltr'>Ephes.</span> <span class='ocrx_word' id='word_1_510' title='bbox 1628 3248 1660 3320; x_wconf 91' lang='lat'>1.</span> <span class='ocrx_word' id='word_1_511' title='bbox 1677 3247 1823 3318; x_wconf 90' lang='lat' dir='ltr'>dicitur:</span> <span class='ocrx_word' id='word_1_512' title='bbox 1848 3245 1897 3320; x_wconf 86' lang='lat' dir='ltr'>Et</span> <span class='ocrx_word' id='word_1_513' title='bbox 1920 3249 2020 3321; x_wconf 86' lang='lat' dir='ltr'>dedit</span> <span class='ocrx_word' id='word_1_514' title='bbox 2044 3274 2123 3319; x_wconf 89' lang='lat' dir='ltr'>eum</span> <span class='ocrx_word' id='word_1_515' title='bbox 2146 3265 2251 3343; x_wconf 89' lang='lat' dir='ltr'>caput</span> <span class='ocrx_word' id='word_1_516' title='bbox 2267 3245 2337 3320; x_wconf 84' lang='lat' dir='ltr'>Ec-</span> 
     </span>
    </p>
   </div>
   <div class='ocr_carea' id='block_1_13' title="bbox 1344 3347 2437 3443">
    <p class='ocr_par' dir='ltr' id='par_1_16' title="bbox 1344 3347 2437 3443">
     <span class='ocr_line' id='line_1_75' title="bbox 1344 3347 2437 3443; baseline 0.001 -24"><span class='ocrx_word' id='word_1_517' title='bbox 1344 3347 1471 3419; x_wconf 90' lang='lat' dir='ltr'>clesiae</span> <span class='ocrx_word' id='word_1_518' title='bbox 1485 3371 1592 3437; x_wconf 90' lang='lat' dir='ltr'>super</span> <span class='ocrx_word' id='word_1_519' title='bbox 1611 3349 1751 3434; x_wconf 90' lang='lat' dir='ltr'>omnia,</span> <span class='ocrx_word' id='word_1_520' title='bbox 1778 3365 1935 3443; x_wconf 89' lang='lat' dir='ltr'>quaeest</span> <span class='ocrx_word' id='word_1_521' title='bbox 1957 3375 2085 3442; x_wconf 89' lang='lat' dir='ltr'>corpus</span> <span class='ocrx_word' id='word_1_522' title='bbox 2103 3351 2196 3432; x_wconf 87' lang='lat' dir='ltr'>eius,</span> <span class='ocrx_word' id='word_1_523' title='bbox 2223 3368 2255 3424; x_wconf 92' lang='lat' dir='ltr'>et</span> <span class='ocrx_word' id='word_1_524' title='bbox 2278 3352 2336 3420; x_wconf 85' lang='lat' dir='ltr'>in·</span> <span class='ocrx_word' id='word_1_525' title='bbox 2431 3375 2437 3392; x_wconf 87' lang='lat'><strong>·</strong></span> 
     </span>
    </p>
   </div>
   <div class='ocr_carea' id='block_1_14' title="bbox 1344 3451 2337 3734">
    <p class='ocr_par' dir='ltr' id='par_1_17' title="bbox 1344 3451 2337 3734">
     <span class='ocr_line' id='line_1_76' title="bbox 1345 3451 2337 3547; baseline 0.006 -26"><span class='ocrx_word' id='word_1_526' title='bbox 1345 3462 1441 3542; x_wconf 86' lang='lat' dir='ltr'>teger</span> <span class='ocrx_word' id='word_1_527' title='bbox 1462 3463 1581 3521; x_wconf 91' lang='lat' dir='ltr'>coetus</span> <span class='ocrx_word' id='word_1_528' title='bbox 1603 3451 1725 3523; x_wconf 89' lang='lat' dir='ltr'>omnia</span> <span class='ocrx_word' id='word_1_529' title='bbox 1749 3451 1786 3521; x_wconf 90' lang='lat' dir='ltr'>in</span> <span class='ocrx_word' id='word_1_530' title='bbox 1802 3453 1969 3524; x_wconf 90' lang='lat' dir='ltr'>omnibus</span> <span class='ocrx_word' id='word_1_531' title='bbox 1992 3453 2223 3547; x_wconf 86' lang='lat' dir='ltr'>perficientis,</span> <span class='ocrx_word' id='word_1_532' title='bbox 2247 3455 2337 3527; x_wconf 91' lang='lat' dir='ltr'>sicut</span> 
     </span>
     <span class='ocr_line' id='line_1_77' title="bbox 1344 3552 2337 3649; baseline 0.007 -25"><span class='ocrx_word' id='word_1_533' title='bbox 1344 3555 1469 3646; x_wconf 90' lang='lat' dir='ltr'>etipse</span> <span class='ocrx_word' id='word_1_534' title='bbox 1484 3577 1591 3645; x_wconf 91' lang='lat' dir='ltr'>supra</span> <span class='ocrx_word' id='word_1_535' title='bbox 1607 3556 1743 3648; x_wconf 88' lang='lat' dir='ltr'>inquit:</span> <span class='ocrx_word' id='word_1_536' title='bbox 1770 3552 1847 3647; x_wconf 88' lang='lat' dir='ltr'>Ego</span> <span class='ocrx_word' id='word_1_537' title='bbox 1867 3558 1964 3649; x_wconf 88' lang='lat' dir='ltr'>veni,</span> <span class='ocrx_word' id='word_1_538' title='bbox 1991 3572 2030 3629; x_wconf 95' lang='lat' dir='ltr'>ut</span> <span class='ocrx_word' id='word_1_539' title='bbox 2045 3557 2153 3630; x_wconf 88' lang='lat' dir='ltr'>vitam</span> <span class='ocrx_word' id='word_1_540' title='bbox 2170 3553 2337 3645; x_wconf 88' lang='lat' dir='ltr'>habeant,</span> 
     </span>
     <span class='ocr_line' id='line_1_78' title="bbox 1344 3653 1718 3734; baseline -0.005 -5"><span class='ocrx_word' id='word_1_541' title='bbox 1344 3672 1379 3729; x_wconf 91' lang='lat' dir='ltr'>et</span> <span class='ocrx_word' id='word_1_542' title='bbox 1394 3658 1537 3727; x_wconf 90' lang='lat' dir='ltr'>abunde</span> <span class='ocrx_word' id='word_1_543' title='bbox 1554 3653 1718 3734; x_wconf 87' lang='lat' dir='ltr'>habeant.</span> 
     </span>
    </p>
   </div>
   <div class='ocr_carea' id='block_1_15' title="bbox 1344 3788 2350 6039">
    <p class='ocr_par' dir='ltr' id='par_1_18' title="bbox 1344 3788 2350 6039">
     <span class='ocr_line' id='line_1_79' title="bbox 1446 3788 2335 3885; baseline 0 -21"><span class='ocrx_word' id='word_1_544' title='bbox 1446 3790 1632 3864; x_wconf 89' lang='lat' dir='ltr'>Discamus</span> <span class='ocrx_word' id='word_1_545' title='bbox 1654 3816 1735 3881; x_wconf 85' lang='lat' dir='ltr'>ergo</span> <span class='ocrx_word' id='word_1_546' title='bbox 1757 3788 1952 3863; x_wconf 80' lang='lat' dir='ltr'>Ecclesiam</span> <span class='ocrx_word' id='word_1_547' title='bbox 1974 3797 2017 3865; x_wconf 91' lang='lat' dir='ltr'>ad</span> <span class='ocrx_word' id='word_1_548' title='bbox 2043 3791 2140 3865; x_wconf 89' lang='lat' dir='ltr'>bunc</span> <span class='ocrx_word' id='word_1_549' title='bbox 2160 3805 2335 3885; x_wconf 89' lang='lat' dir='ltr'>pastorem</span> 
     </span>
     <span class='ocr_line' id='line_1_80' title="bbox 1344 3890 2335 3987; baseline 0.001 -20"><span class='ocrx_word' id='word_1_550' title='bbox 1344 3890 1545 3981; x_wconf 84' lang='lat' dir='ltr'>Christum,</span> <span class='ocrx_word' id='word_1_551' title='bbox 1572 3896 1670 3966; x_wconf 89' lang='lat' dir='ltr'>etad</span> <span class='ocrx_word' id='word_1_552' title='bbox 1698 3896 1773 3966; x_wconf 92' lang='lat' dir='ltr'>eius</span> <span class='ocrx_word' id='word_1_553' title='bbox 1791 3920 1912 3971; x_wconf 90' lang='lat' dir='ltr'>vocem</span> <span class='ocrx_word' id='word_1_554' title='bbox 1936 3898 2115 3987; x_wconf 82' lang='lat' dir='ltr'>alligatam</span> <span class='ocrx_word' id='word_1_555' title='bbox 2142 3920 2235 3979; x_wconf 90' lang='lat' dir='ltr'>csse,</span> <span class='ocrx_word' id='word_1_556' title='bbox 2260 3922 2335 3967; x_wconf 91' lang='lat' dir='ltr'>non</span> 
     </span>
     <span class='ocr_line' id='line_1_81' title="bbox 1345 3998 2335 4092; baseline 0.002 -25"><span class='ocrx_word' id='word_1_557' title='bbox 1345 4020 1419 4068; x_wconf 86' lang='lat' dir='ltr'>esse</span> <span class='ocrx_word' id='word_1_558' title='bbox 1433 4011 1573 4067; x_wconf 90' lang='lat' dir='ltr'>coetum</span> <span class='ocrx_word' id='word_1_559' title='bbox 1590 3998 1845 4089; x_wconf 85' lang='lat' dir='ltr'>approbantem</span> <span class='ocrx_word' id='word_1_560' title='bbox 1863 4000 2025 4088; x_wconf 79' lang='lat' dir='ltr'>dogmata</span> <span class='ocrx_word' id='word_1_561' title='bbox 2043 4000 2237 4092; x_wconf 79' lang='lat' dir='ltr'>pugnantia</span> <span class='ocrx_word' id='word_1_562' title='bbox 2255 4024 2335 4069; x_wconf 91' lang='lat' dir='ltr'>cum</span> 
     </span>
     <span class='ocr_line' id='line_1_82' title="bbox 1345 4096 2335 4195; baseline 0 -24"><span class='ocrx_word' id='word_1_563' title='bbox 1345 4098 1562 4189; x_wconf 84' lang='lat' dir='ltr'>Evangelio,</span> <span class='ocrx_word' id='word_1_564' title='bbox 1588 4125 1652 4169; x_wconf 90' lang='lat' dir='ltr'>nec</span> <span class='ocrx_word' id='word_1_565' title='bbox 1669 4115 1843 4191; x_wconf 86' lang='lat' dir='ltr'>pastorem</span> <span class='ocrx_word' id='word_1_566' title='bbox 1862 4096 1957 4171; x_wconf 89' lang='lat' dir='ltr'>bunc</span> <span class='ocrx_word' id='word_1_567' title='bbox 1981 4104 2104 4195; x_wconf 89' lang='lat' dir='ltr'>procul</span> <span class='ocrx_word' id='word_1_568' title='bbox 2121 4101 2335 4192; x_wconf 86' lang='lat' dir='ltr'>ablegem&#39;us,</span> 
     </span>
     <span class='ocr_line' id='line_1_83' title="bbox 1346 4204 2335 4299; baseline 0 -26"><span class='ocrx_word' id='word_1_569' title='bbox 1346 4226 1411 4273; x_wconf 88' lang='lat' dir='ltr'>nec</span> <span class='ocrx_word' id='word_1_570' title='bbox 1426 4216 1590 4295; x_wconf 91' lang='lat' dir='ltr'>putemus</span> <span class='ocrx_word' id='word_1_571' title='bbox 1607 4226 1688 4273; x_wconf 91' lang='lat' dir='ltr'>eum</span> <span class='ocrx_word' id='word_1_572' title='bbox 1702 4204 1772 4272; x_wconf 91' lang='lat' dir='ltr'>iam</span> <span class='ocrx_word' id='word_1_573' title='bbox 1789 4204 1942 4275; x_wconf 91' lang='lat' dir='ltr'>otiosum</span> <span class='ocrx_word' id='word_1_574' title='bbox 1959 4230 2044 4291; x_wconf 89' lang='lat' dir='ltr'>esse,</span> <span class='ocrx_word' id='word_1_575' title='bbox 2068 4206 2152 4299; x_wconf 90' lang='lat' dir='ltr'>quia</span> <span class='ocrx_word' id='word_1_576' title='bbox 2169 4229 2243 4274; x_wconf 90' lang='lat' dir='ltr'>nun</span> <span class='ocrx_word' id='word_1_577' title='bbox 2260 4229 2335 4275; x_wconf 92' lang='lat' dir='ltr'>cer-</span> 
     </span>
     <span class='ocr_line' id='line_1_84' title="bbox 1346 4304 2350 4397; baseline 0 -22"><span class='ocrx_word' id='word_1_578' title='bbox 1346 4307 1446 4377; x_wconf 88' lang='lat' dir='ltr'>nitur</span> <span class='ocrx_word' id='word_1_579' title='bbox 1458 4305 1584 4380; x_wconf 89' lang='lat' dir='ltr'>oculis.</span> <span class='ocrx_word' id='word_1_580' title='bbox 1634 4304 1704 4377; x_wconf 92' lang='lat' dir='ltr'>Sed</span> <span class='ocrx_word' id='word_1_581' title='bbox 1730 4306 1779 4376; x_wconf 90' lang='lat' dir='ltr'>sic</span> <span class='ocrx_word' id='word_1_582' title='bbox 1797 4307 1874 4377; x_wconf 94' lang='lat' dir='ltr'>vult</span> <span class='ocrx_word' id='word_1_583' title='bbox 1892 4310 2035 4397; x_wconf 87' lang='lat' dir='ltr'>agnosci</span> <span class='ocrx_word' id='word_1_584' title='bbox 2058 4324 2091 4381; x_wconf 89' lang='lat' dir='ltr'>et</span> <span class='ocrx_word' id='word_1_585' title='bbox 2112 4308 2179 4377; x_wconf 91' lang='lat' dir='ltr'>coli</span> <span class='ocrx_word' id='word_1_586' title='bbox 2189 4358 2204 4396; x_wconf 89' lang='lat'>,</span> <span class='ocrx_word' id='word_1_587' title='bbox 2230 4322 2270 4377; x_wconf 92' lang='lat' dir='ltr'>ut</span> <span class='ocrx_word' id='word_1_588' title='bbox 2289 4308 2350 4395; x_wconf 70' lang='lat' dir='ltr'>ab¹</span> 
     </span>
     <span class='ocr_line' id='line_1_85' title="bbox 1346 4408 2334 4503; baseline -0.001 -26"><span class='ocrx_word' id='word_1_589' title='bbox 1346 4410 1423 4500; x_wconf 84' lang='lat' dir='ltr'>ipso</span> <span class='ocrx_word' id='word_1_590' title='bbox 1440 4408 1509 4477; x_wconf 88' lang='lat' dir='ltr'>iam</span> <span class='ocrx_word' id='word_1_591' title='bbox 1527 4421 1685 4498; x_wconf 90' lang='lat' dir='ltr'>petamus</span> <span class='ocrx_word' id='word_1_592' title='bbox 1702 4409 1814 4486; x_wconf 89' lang='lat' dir='ltr'>bona,</span> <span class='ocrx_word' id='word_1_593' title='bbox 1838 4422 1873 4479; x_wconf 90' lang='lat' dir='ltr'>et</span> <span class='ocrx_word' id='word_1_594' title='bbox 1888 4411 2080 4481; x_wconf 86' lang='lat' dir='ltr'>sentiamus</span> <span class='ocrx_word' id='word_1_595' title='bbox 2095 4424 2240 4503; x_wconf 86' lang='lat' dir='ltr'>propter</span> <span class='ocrx_word' id='word_1_596' title='bbox 2254 4433 2334 4477; x_wconf 92' lang='lat' dir='ltr'>eum</span> 
     </span>
     <span class='ocr_line' id='line_1_86' title="bbox 1346 4507 2335 4604; baseline -0.003 -23"><span class='ocrx_word' id='word_1_597' title='bbox 1346 4512 1451 4581; x_wconf 92' lang='lat' dir='ltr'>nobis</span> <span class='ocrx_word' id='word_1_598' title='bbox 1467 4507 1583 4580; x_wconf 91' lang='lat' dir='ltr'>Deum</span> <span class='ocrx_word' id='word_1_599' title='bbox 1600 4510 1797 4601; x_wconf 89' lang='lat' dir='ltr'>propicium</span> <span class='ocrx_word' id='word_1_600' title='bbox 1816 4534 1909 4597; x_wconf 89' lang='lat' dir='ltr'>esse,</span> <span class='ocrx_word' id='word_1_601' title='bbox 1934 4528 2092 4604; x_wconf 90' lang='lat' dir='ltr'>petamus</span> <span class='ocrx_word' id='word_1_602' title='bbox 2108 4514 2153 4581; x_wconf 90' lang='lat' dir='ltr'>ab</span> <span class='ocrx_word' id='word_1_603' title='bbox 2172 4512 2248 4601; x_wconf 90' lang='lat' dir='ltr'>ipso</span> <span class='ocrx_word' id='word_1_604' title='bbox 2270 4532 2335 4600; x_wconf 89' lang='lat' dir='ltr'>gu-</span> 
     </span>
     <span class='ocr_line' id='line_1_87' title="bbox 1346 4611 2336 4703; baseline -0.003 -18"><span class='ocrx_word' id='word_1_605' title='bbox 1346 4613 1613 4703; x_wconf 88' lang='lat' dir='ltr'>bernationem,</span> <span class='ocrx_word' id='word_1_606' title='bbox 1640 4611 1815 4703; x_wconf 91' lang='lat' dir='ltr'>Spiritum</span> <span class='ocrx_word' id='word_1_607' title='bbox 1832 4628 2005 4696; x_wconf 89' lang='lat' dir='ltr'>sanctum,</span> <span class='ocrx_word' id='word_1_608' title='bbox 2030 4628 2064 4685; x_wconf 90' lang='lat' dir='ltr'>ct</span> <span class='ocrx_word' id='word_1_609' title='bbox 2081 4615 2336 4684; x_wconf 84' lang='lat' dir='ltr'>defensionem.</span> 
     </span>
     <span class='ocr_line' id='line_1_88' title="bbox 1347 4712 2334 4806; baseline -0.003 -20"><span class='ocrx_word' id='word_1_610' title='bbox 1347 4714 1432 4786; x_wconf 92' lang='lat' dir='ltr'>ldeo</span> <span class='ocrx_word' id='word_1_611' title='bbox 1454 4715 1624 4806; x_wconf 91' lang='lat' dir='ltr'>scriptum</span> <span class='ocrx_word' id='word_1_612' title='bbox 1647 4730 1716 4789; x_wconf 87' lang='lat' dir='ltr'>cst:</span> <span class='ocrx_word' id='word_1_613' title='bbox 1747 4712 1938 4797; x_wconf 84' lang='lat' dir='ltr'>Ascendit,</span> <span class='ocrx_word' id='word_1_614' title='bbox 1969 4718 2030 4786; x_wconf 92' lang='lat' dir='ltr'>dat</span> <span class='ocrx_word' id='word_1_615' title='bbox 2055 4718 2149 4786; x_wconf 92' lang='lat' dir='ltr'>dona</span> <span class='ocrx_word' id='word_1_616' title='bbox 2174 4712 2334 4786; x_wconf 89' lang='lat' dir='ltr'>homini-</span> 
     </span>
     <span class='ocr_line' id='line_1_89' title="bbox 1346 4813 2334 4901; baseline -0.002 -11"><span class='ocrx_word' id='word_1_617' title='bbox 1346 4820 1432 4901; x_wconf 86' lang='lat' dir='ltr'>bus,</span> <span class='ocrx_word' id='word_1_618' title='bbox 1457 4830 1493 4889; x_wconf 91' lang='lat' dir='ltr'>et</span> <span class='ocrx_word' id='word_1_619' title='bbox 1507 4818 1587 4891; x_wconf 88' lang='lat' dir='ltr'>Aet.</span> <span class='ocrx_word' id='word_1_620' title='bbox 1602 4818 1637 4889; x_wconf 75' lang='lat'>2.</span> <span class='ocrx_word' id='word_1_621' title='bbox 1660 4816 1808 4888; x_wconf 89' lang='lat' dir='ltr'>dicitur:</span> <span class='ocrx_word' id='word_1_622' title='bbox 1841 4817 1899 4887; x_wconf 90' lang='lat' dir='ltr'>Ad</span> <span class='ocrx_word' id='word_1_623' title='bbox 1921 4820 2098 4889; x_wconf 85' lang='lat' dir='ltr'>dexteram</span> <span class='ocrx_word' id='word_1_624' title='bbox 2114 4813 2183 4888; x_wconf 89' lang='lat' dir='ltr'>Dei</span> <span class='ocrx_word' id='word_1_625' title='bbox 2204 4818 2334 4889; x_wconf 79' lang='lat' dir='ltr'>exalta-</span> 
     </span>
     <span class='ocr_line' id='line_1_90' title="bbox 1347 4918 2336 5013; baseline -0.005 -19"><span class='ocrx_word' id='word_1_626' title='bbox 1347 4936 1421 5006; x_wconf 89' lang='lat' dir='ltr'>tus,</span> <span class='ocrx_word' id='word_1_627' title='bbox 1454 4918 1727 5013; x_wconf 88' lang='lat' dir='ltr'>promissionem</span> <span class='ocrx_word' id='word_1_628' title='bbox 1750 4918 1904 5012; x_wconf 86' lang='lat' dir='ltr'>Spiritus</span> <span class='ocrx_word' id='word_1_629' title='bbox 1929 4920 2087 4992; x_wconf 87' lang='lat' dir='ltr'>sanctia</span> <span class='ocrx_word' id='word_1_630' title='bbox 2119 4935 2217 5013; x_wconf 90' lang='lat' dir='ltr'>patre</span> <span class='ocrx_word' id='word_1_631' title='bbox 2242 4921 2336 4991; x_wconf 85' lang='lat' dir='ltr'>acci·</span> 
     </span>
     <span class='ocr_line' id='line_1_91' title="bbox 1346 5022 2336 5114; baseline 0 -21"><span class='ocrx_word' id='word_1_632' title='bbox 1346 5025 1468 5114; x_wconf 88' lang='lat' dir='ltr'>piens,</span> <span class='ocrx_word' id='word_1_633' title='bbox 1494 5022 1622 5093; x_wconf 84' lang='lat' dir='ltr'>effudit</span> <span class='ocrx_word' id='word_1_634' title='bbox 1646 5023 1783 5114; x_wconf 88' lang='lat' dir='ltr'>ipsum,</span> <span class='ocrx_word' id='word_1_635' title='bbox 1808 5036 1849 5093; x_wconf 93' lang='lat' dir='ltr'>ut</span> <span class='ocrx_word' id='word_1_636' title='bbox 1872 5048 1969 5094; x_wconf 89' lang='lat' dir='ltr'>nunc</span> <span class='ocrx_word' id='word_1_637' title='bbox 1993 5024 2119 5095; x_wconf 89' lang='lat' dir='ltr'>videtis</span> <span class='ocrx_word' id='word_1_638' title='bbox 2140 5038 2174 5094; x_wconf 92' lang='lat' dir='ltr'>ct</span> <span class='ocrx_word' id='word_1_639' title='bbox 2194 5023 2336 5094; x_wconf 81' lang='lat' dir='ltr'>auditis.</span> 
     </span>
     <span class='ocr_line' id='line_1_92' title="bbox 1347 5122 2335 5221; baseline -0.004 -23"><span class='ocrx_word' id='word_1_640' title='bbox 1347 5125 1435 5198; x_wconf 90' lang='lat' dir='ltr'>ltem</span> <span class='ocrx_word' id='word_1_641' title='bbox 1454 5123 1553 5197; x_wconf 90' lang='lat' dir='ltr'>loan.</span> <span class='ocrx_word' id='word_1_642' title='bbox 1566 5124 1644 5197; x_wconf 73' lang='lat'><strong>20.:</strong></span> <span class='ocrx_word' id='word_1_643' title='bbox 1678 5122 1897 5221; x_wconf 74' lang='lat' dir='ltr'>Insusllavit,</span> <span class='ocrx_word' id='word_1_644' title='bbox 1922 5140 1956 5197; x_wconf 91' lang='lat' dir='ltr'>et</span> <span class='ocrx_word' id='word_1_645' title='bbox 1971 5127 2060 5198; x_wconf 89' lang='lat' dir='ltr'>dicit</span> <span class='ocrx_word' id='word_1_646' title='bbox 2075 5126 2140 5196; x_wconf 88' lang='lat' dir='ltr'>eis:</span> <span class='ocrx_word' id='word_1_647' title='bbox 2176 5124 2335 5217; x_wconf 82' lang='lat' dir='ltr'>Accipite</span> 
     </span>
     <span class='ocr_line' id='line_1_93' title="bbox 1346 5226 2336 5322; baseline -0.003 -22"><span class='ocrx_word' id='word_1_648' title='bbox 1346 5227 1520 5321; x_wconf 91' lang='lat' dir='ltr'>Spiritum</span> <span class='ocrx_word' id='word_1_649' title='bbox 1537 5242 1709 5299; x_wconf 87' lang='lat' dir='ltr'>sanctum.</span> <span class='ocrx_word' id='word_1_650' title='bbox 1746 5226 1936 5302; x_wconf 81' lang='lat' dir='ltr'>loan.14.:</span> <span class='ocrx_word' id='word_1_651' title='bbox 1958 5228 2039 5299; x_wconf 86' lang='lat' dir='ltr'>Non</span> <span class='ocrx_word' id='word_1_652' title='bbox 2055 5230 2254 5322; x_wconf 90' lang='lat' dir='ltr'>relinquam</span> <span class='ocrx_word' id='word_1_653' title='bbox 2273 5248 2336 5297; x_wconf 89' lang='lat' dir='ltr'>vos</span> 
     </span>
     <span class='ocr_line' id='line_1_94' title="bbox 1345 5326 2335 5426; baseline -0.004 -24"><span class='ocrx_word' id='word_1_654' title='bbox 1345 5326 1545 5423; x_wconf 89' lang='lat' dir='ltr'>orphanos,</span> <span class='ocrx_word' id='word_1_655' title='bbox 1570 5329 1709 5399; x_wconf 87' lang='lat' dir='ltr'>veniam</span> <span class='ocrx_word' id='word_1_656' title='bbox 1724 5332 1770 5400; x_wconf 91' lang='lat' dir='ltr'>ad</span> <span class='ocrx_word' id='word_1_657' title='bbox 1791 5354 1866 5406; x_wconf 89' lang='lat' dir='ltr'>vos.</span> <span class='ocrx_word' id='word_1_658' title='bbox 1919 5330 1971 5403; x_wconf 92' lang='lat' dir='ltr'>lta</span> <span class='ocrx_word' id='word_1_659' title='bbox 1994 5332 2033 5401; x_wconf 92' lang='lat' dir='ltr'>in</span> <span class='ocrx_word' id='word_1_660' title='bbox 2047 5332 2254 5426; x_wconf 89' lang='lat' dir='ltr'>quotidiana</span> <span class='ocrx_word' id='word_1_661' title='bbox 2277 5331 2335 5399; x_wconf 92' lang='lat' dir='ltr'>in·</span> 
     </span>
     <span class='ocr_line' id='line_1_95' title="bbox 1345 5429 2335 5523; baseline -0.003 -19"><span class='ocrx_word' id='word_1_662' title='bbox 1345 5435 1532 5504; x_wconf 86' lang='lat' dir='ltr'>vocatione</span> <span class='ocrx_word' id='word_1_663' title='bbox 1546 5432 1813 5502; x_wconf 88' lang='lat' dir='ltr'>meminerimus</span> <span class='ocrx_word' id='word_1_664' title='bbox 1829 5456 1894 5503; x_wconf 88' lang='lat' dir='ltr'>nos</span> <span class='ocrx_word' id='word_1_665' title='bbox 1909 5456 1983 5503; x_wconf 89' lang='lat' dir='ltr'>esse</span> <span class='ocrx_word' id='word_1_666' title='bbox 1997 5458 2080 5504; x_wconf 88' lang='lat' dir='ltr'>oves</span> <span class='ocrx_word' id='word_1_667' title='bbox 2095 5429 2203 5504; x_wconf 90' lang='lat' dir='ltr'>huius</span> <span class='ocrx_word' id='word_1_668' title='bbox 2217 5446 2335 5523; x_wconf 88' lang='lat' dir='ltr'>pasto-</span> 
     </span>
     <span class='ocr_line' id='line_1_96' title="bbox 1345 5534 2335 5623; baseline -0.002 -18"><span class='ocrx_word' id='word_1_669' title='bbox 1345 5536 1414 5617; x_wconf 91' lang='lat' dir='ltr'>ris,</span> <span class='ocrx_word' id='word_1_670' title='bbox 1439 5537 1535 5609; x_wconf 89' lang='lat' dir='ltr'>etad</span> <span class='ocrx_word' id='word_1_671' title='bbox 1553 5534 1912 5623; x_wconf 83' lang='lat' dir='ltr'>cumconsugiamus,</span> <span class='ocrx_word' id='word_1_672' title='bbox 1938 5538 2131 5622; x_wconf 84' lang='lat' dir='ltr'>auxilium,</span> <span class='ocrx_word' id='word_1_673' title='bbox 2157 5536 2335 5606; x_wconf 79' lang='lat' dir='ltr'>defensio-</span> 
     </span>
     <span class='ocr_line' id='line_1_97' title="bbox 1345 5636 2334 5730; baseline -0.005 -21"><span class='ocrx_word' id='word_1_674' title='bbox 1345 5662 1427 5709; x_wconf 91' lang='lat' dir='ltr'>nem</span> <span class='ocrx_word' id='word_1_675' title='bbox 1454 5652 1489 5711; x_wconf 91' lang='lat' dir='ltr'>et</span> <span class='ocrx_word' id='word_1_676' title='bbox 1516 5638 1811 5727; x_wconf 79' lang='lat' dir='ltr'>gubernationem</span> <span class='ocrx_word' id='word_1_677' title='bbox 1834 5638 1880 5708; x_wconf 90' lang='lat' dir='ltr'>ab</span> <span class='ocrx_word' id='word_1_678' title='bbox 1902 5638 1979 5730; x_wconf 91' lang='lat' dir='ltr'>ipso</span> <span class='ocrx_word' id='word_1_679' title='bbox 1997 5653 2176 5730; x_wconf 83' lang='lat' dir='ltr'>petamus,</span> <span class='ocrx_word' id='word_1_680' title='bbox 2202 5660 2242 5705; x_wconf 90' lang='lat' dir='ltr'>ac</span> <span class='ocrx_word' id='word_1_681' title='bbox 2264 5636 2334 5705; x_wconf 91' lang='lat' dir='ltr'>nisi</span> 
     </span>
     <span class='ocr_line' id='line_1_98' title="bbox 1345 5740 2340 5832; baseline -0.003 -23"><span class='ocrx_word' id='word_1_682' title='bbox 1345 5741 1385 5811; x_wconf 89' lang='lat' dir='ltr'>in</span> <span class='ocrx_word' id='word_1_683' title='bbox 1400 5742 1462 5824; x_wconf 83' lang='lat' dir='ltr'>tali</span> <span class='ocrx_word' id='word_1_684' title='bbox 1478 5740 1703 5812; x_wconf 90' lang='lat' dir='ltr'>invocatione</span> <span class='ocrx_word' id='word_1_685' title='bbox 1719 5741 1794 5811; x_wconf 91' lang='lat' dir='ltr'>eius</span> <span class='ocrx_word' id='word_1_686' title='bbox 1816 5742 2049 5831; x_wconf 87' lang='lat' dir='ltr'>praesentiam</span> <span class='ocrx_word' id='word_1_687' title='bbox 2071 5760 2340 5832; x_wconf 89' lang='lat' dir='ltr'>cognoscemus,</span> 
     </span>
     <span class='ocr_line' id='line_1_99' title="bbox 1346 5838 2335 5935; baseline -0.005 -22"><span class='ocrx_word' id='word_1_688' title='bbox 1346 5856 1380 5915; x_wconf 90' lang='lat' dir='ltr'>et</span> <span class='ocrx_word' id='word_1_689' title='bbox 1402 5838 1467 5914; x_wconf 92' lang='lat' dir='ltr'>has</span> <span class='ocrx_word' id='word_1_690' title='bbox 1496 5842 1749 5934; x_wconf 87' lang='lat' dir='ltr'>promissiones</span> <span class='ocrx_word' id='word_1_691' title='bbox 1772 5842 1849 5912; x_wconf 90' lang='lat' dir='ltr'>eius</span> <span class='ocrx_word' id='word_1_692' title='bbox 1872 5866 1974 5913; x_wconf 86' lang='lat' dir='ltr'>veras</span> <span class='ocrx_word' id='word_1_693' title='bbox 2000 5867 2075 5914; x_wconf 88' lang='lat' dir='ltr'>esse</span> <span class='ocrx_word' id='word_1_694' title='bbox 2103 5842 2335 5935; x_wconf 85' lang='lat' dir='ltr'>experiemur,</span> 
     </span>
     <span class='ocr_line' id='line_1_100' title="bbox 1346 5942 2193 6039; baseline 0 -24"><span class='ocrx_word' id='word_1_695' title='bbox 1346 5970 1421 6019; x_wconf 89' lang='lat' dir='ltr'>non</span> <span class='ocrx_word' id='word_1_696' title='bbox 1436 5947 1683 6038; x_wconf 86' lang='lat' dir='ltr'>intelligentur</span> <span class='ocrx_word' id='word_1_697' title='bbox 1698 5942 1765 6017; x_wconf 90' lang='lat' dir='ltr'>hae</span> <span class='ocrx_word' id='word_1_698' title='bbox 1781 5943 1969 6017; x_wconf 87' lang='lat' dir='ltr'>conciones</span> <span class='ocrx_word' id='word_1_699' title='bbox 1984 5946 2029 6017; x_wconf 87' lang='lat' dir='ltr'>de</span> <span class='ocrx_word' id='word_1_700' title='bbox 2043 5960 2193 6039; x_wconf 86' lang='lat' dir='ltr'>pastore.</span> 
     </span>
    </p>
   </div>
   <div class='ocr_carea' id='block_1_16' title="bbox 0 0 2918 6950">
    <p class='ocr_par' dir='ltr' id='par_1_19' title="bbox 0 0 2918 6950">
     <span class='ocr_line' id='line_1_101' title="bbox 0 0 2918 6950; baseline 0 0"><span class='ocrx_word' id='word_1_701' title='bbox 0 0 2918 6950; x_wconf 95' lang='lat' dir='ltr'> </span> 
     </span>
    </p>
   </div>
  </div>
 </body>
</html>
