<?xml version="1.0" encoding="UTF-8"?>
<!DOCTYPE html PUBLIC "-//W3C//DTD XHTML 1.0 Transitional//EN"
    "http://www.w3.org/TR/xhtml1/DTD/xhtml1-transitional.dtd">
<html xmlns="http://www.w3.org/1999/xhtml" xml:lang="en" lang="en">
 <head>
  <title>
</title>
<meta http-equiv="Content-Type" content="text/html;charset=utf-8" />
  <meta name='ocr-system' content='tesseract 3.04.00' />
  <meta name='ocr-capabilities' content='ocr_page ocr_carea ocr_par ocr_line ocrx_word'/>
</head>
<body>
  <div class='ocr_page' id='page_1' title='image "./philippimelanth08bindgoog_0092.png"; bbox 0 0 5825 6950; ppageno 0'>
   <div class='ocr_carea' id='block_1_1' title="bbox 335 688 411 768">
    <p class='ocr_par' dir='ltr' id='par_1_1' title="bbox 335 688 411 768">
     <span class='ocr_line' id='line_1_1' title="bbox 335 688 411 768; baseline -0.105 1"><span class='ocrx_word' id='word_1_1' title='bbox 335 688 411 768; x_wconf 77' lang='lat'>15¹!</span> 
     </span>
    </p>
   </div>
   <div class='ocr_carea' id='block_1_2' title="bbox 731 674 2033 762">
    <p class='ocr_par' dir='ltr' id='par_1_2' title="bbox 731 674 2033 762">
     <span class='ocr_line' id='line_1_2' title="bbox 731 674 2033 762; baseline -0.012 -3"><span class='ocrx_word' id='word_1_2' title='bbox 731 683 816 762; x_wconf 83' lang='lat' dir='ltr'>xlt.</span> <span class='ocrx_word' id='word_1_3' title='bbox 868 677 1170 760; x_wconf 74' lang='lat' dir='ltr'>saturano</span> <span class='ocrx_word' id='word_1_4' title='bbox 1198 674 1701 760; x_wconf 74' lang='lat' dir='ltr'>tttttvttto.1oattttts.</span> <span class='ocrx_word' id='word_1_5' title='bbox 1759 675 1867 756; x_wconf 80' lang='lat' dir='ltr'>CAP.</span> <span class='ocrx_word' id='word_1_6' title='bbox 1894 679 1983 760; x_wconf 68' lang='lat' dir='ltr'>Vll,</span> <span class='ocrx_word' id='word_1_7' title='bbox 2026 727 2033 744; x_wconf 81' lang='lat'>.</span> 
     </span>
    </p>
   </div>
   <div class='ocr_carea' id='block_1_3' title="bbox 2302 685 2375 764">
    <p class='ocr_par' dir='ltr' id='par_1_3' title="bbox 2302 685 2375 764">
     <span class='ocr_line' id='line_1_3' title="bbox 2302 685 2375 764; baseline 0.027 -3"><span class='ocrx_word' id='word_1_8' title='bbox 2302 685 2375 764; x_wconf 76' lang='lat' dir='ltr'>tot</span> 
     </span>
    </p>
   </div>
   <div class='ocr_carea' id='block_1_4' title="bbox 340 854 2370 952">
    <p class='ocr_par' dir='ltr' id='par_1_4' title="bbox 340 854 2370 952">
     <span class='ocr_line' id='line_1_4' title="bbox 340 854 2370 952; baseline 0 -18"><span class='ocrx_word' id='word_1_9' title='bbox 340 865 433 934; x_wconf 88' lang='lat' dir='ltr'>inse</span> <span class='ocrx_word' id='word_1_10' title='bbox 455 856 677 930; x_wconf 79' lang='lat' dir='ltr'>iniusticient</span> <span class='ocrx_word' id='word_1_11' title='bbox 699 855 806 943; x_wconf 67' lang='lat' dir='ltr'>esse,</span> <span class='ocrx_word' id='word_1_12' title='bbox 831 870 870 928; x_wconf 91' lang='lat' dir='ltr'>et</span> <span class='ocrx_word' id='word_1_13' title='bbox 888 879 1013 929; x_wconf 88' lang='lat' dir='ltr'>verum</span> <span class='ocrx_word' id='word_1_14' title='bbox 1043 869 1095 928; x_wconf 92' lang='lat' dir='ltr'>est</span> <span class='ocrx_word' id='word_1_15' title='bbox 1116 857 1163 927; x_wconf 91' lang='lat' dir='ltr'>de</span> <span class='ocrx_word' id='word_1_16' title='bbox 1182 854 1330 930; x_wconf 77' lang='lat' dir='ltr'>materis</span> <span class='ocrx_word' id='word_1_17' title='bbox 1376 866 1433 926; x_wconf 86' lang='lat' dir='ltr'>tae</span> <span class='ocrx_word' id='word_1_18' title='bbox 1446 865 1590 942; x_wconf 68' lang='lat' dir='ltr'>argutae</span> <span class='ocrx_word' id='word_1_19' title='bbox 1611 854 1902 952; x_wconf 72' lang='lat' dir='ltr'><strong>consequentiae,</strong></span> <span class='ocrx_word' id='word_1_20' title='bbox 1937 875 2025 950; x_wconf 88' lang='lat' dir='ltr'>quas</span> <span class='ocrx_word' id='word_1_21' title='bbox 2046 865 2221 952; x_wconf 86' lang='lat' dir='ltr'>quantum</span> <span class='ocrx_word' id='word_1_22' title='bbox 2247 871 2370 952; x_wconf 89' lang='lat' dir='ltr'>potero</span> 
     </span>
    </p>
   </div>
   <div class='ocr_carea' id='block_1_5' title="bbox 339 955 1327 1260">
    <p class='ocr_par' dir='ltr' id='par_1_5' title="bbox 339 955 1327 1260">
     <span class='ocr_line' id='line_1_5' title="bbox 343 955 1327 1053; baseline -0.008 -17"><span class='ocrx_word' id='word_1_23' title='bbox 343 960 548 1036; x_wconf 89' lang='lat' dir='ltr'>bominibus</span> <span class='ocrx_word' id='word_1_24' title='bbox 561 983 640 1031; x_wconf 89' lang='lat' dir='ltr'>uon</span> <span class='ocrx_word' id='word_1_25' title='bbox 662 982 766 1053; x_wconf 90' lang='lat' dir='ltr'>posse</span> <span class='ocrx_word' id='word_1_26' title='bbox 788 959 876 1028; x_wconf 87' lang='lat' dir='ltr'>dici:</span> <span class='ocrx_word' id='word_1_27' title='bbox 903 971 1021 1050; x_wconf 70' lang='lat' dir='ltr'>tamen</span> <span class='ocrx_word' id='word_1_28' title='bbox 1042 961 1088 1029; x_wconf 91' lang='lat' dir='ltr'>de</span> <span class='ocrx_word' id='word_1_29' title='bbox 1103 955 1246 1031; x_wconf 82' lang='lat' dir='ltr'>Christo</span> <span class='ocrx_word' id='word_1_30' title='bbox 1263 981 1327 1030; x_wconf 64' lang='lat' dir='ltr'>nea</span> 
     </span>
     <span class='ocr_line' id='line_1_6' title="bbox 339 1057 1326 1152; baseline -0.006 -14"><span class='ocrx_word' id='word_1_31' title='bbox 339 1063 479 1138; x_wconf 79' lang='lat' dir='ltr'>cessaria</span> <span class='ocrx_word' id='word_1_32' title='bbox 501 1057 594 1132; x_wconf 86' lang='lat' dir='ltr'>baec</span> <span class='ocrx_word' id='word_1_33' title='bbox 605 1062 770 1133; x_wconf 84' lang='lat' dir='ltr'>doctrina</span> <span class='ocrx_word' id='word_1_34' title='bbox 794 1074 865 1145; x_wconf 88' lang='lat' dir='ltr'>est,</span> <span class='ocrx_word' id='word_1_35' title='bbox 895 1062 958 1152; x_wconf 91' lang='lat' dir='ltr'>qni</span> <span class='ocrx_word' id='word_1_36' title='bbox 981 1083 1019 1131; x_wconf 90' lang='lat' dir='ltr'>se</span> <span class='ocrx_word' id='word_1_37' title='bbox 1039 1062 1172 1132; x_wconf 86' lang='lat' dir='ltr'>talibus</span> <span class='ocrx_word' id='word_1_38' title='bbox 1193 1063 1326 1132; x_wconf 83' lang='lat' dir='ltr'>descri-</span> 
     </span>
     <span class='ocr_line' id='line_1_7' title="bbox 340 1158 1181 1260; baseline 0 -22"><span class='ocrx_word' id='word_1_39' title='bbox 340 1167 518 1260; x_wconf 86' lang='lat' dir='ltr'>ptionibus</span> <span class='ocrx_word' id='word_1_40' title='bbox 530 1165 706 1235; x_wconf 88' lang='lat' dir='ltr'>disceruit</span> <span class='ocrx_word' id='word_1_41' title='bbox 718 1164 765 1234; x_wconf 86' lang='lat' dir='ltr'>ab</span> <span class='ocrx_word' id='word_1_42' title='bbox 779 1163 949 1234; x_wconf 88' lang='lat' dir='ltr'>omnibus</span> <span class='ocrx_word' id='word_1_43' title='bbox 962 1158 1181 1238; x_wconf 88' lang='lat' dir='ltr'>hominibus.</span> 
     </span>
    </p>
   </div>
   <div class='ocr_carea' id='block_1_6' title="bbox 337 1291 1325 2188">
    <p class='ocr_par' dir='ltr' id='par_1_6' title="bbox 337 1291 1325 2188">
     <span class='ocr_line' id='line_1_8' title="bbox 426 1291 1325 1390; baseline -0.007 -18"><span class='ocrx_word' id='word_1_44' title='bbox 426 1299 640 1390; x_wconf 76' lang='lat' dir='ltr'>Diligenter</span> <span class='ocrx_word' id='word_1_45' title='bbox 655 1312 772 1372; x_wconf 89' lang='lat' dir='ltr'>antem</span> <span class='ocrx_word' id='word_1_46' title='bbox 788 1297 1044 1368; x_wconf 89' lang='lat' dir='ltr'>consideranda</span> <span class='ocrx_word' id='word_1_47' title='bbox 1060 1312 1111 1367; x_wconf 89' lang='lat' dir='ltr'>est</span> <span class='ocrx_word' id='word_1_48' title='bbox 1129 1291 1325 1381; x_wconf 70' lang='lat' dir='ltr'>antithesis,</span> 
     </span>
     <span class='ocr_line' id='line_1_9' title="bbox 341 1397 1324 1495; baseline 0 -23"><span class='ocrx_word' id='word_1_49' title='bbox 341 1399 407 1495; x_wconf 71' lang='lat' dir='ltr'>Ego</span> <span class='ocrx_word' id='word_1_50' title='bbox 420 1425 503 1472; x_wconf 92' lang='lat' dir='ltr'>snm</span> <span class='ocrx_word' id='word_1_51' title='bbox 519 1403 655 1473; x_wconf 84' lang='lat' dir='ltr'>iustus:</span> <span class='ocrx_word' id='word_1_52' title='bbox 679 1399 794 1472; x_wconf 85' lang='lat' dir='ltr'>Nemo</span> <span class='ocrx_word' id='word_1_53' title='bbox 810 1413 965 1470; x_wconf 87' lang='lat' dir='ltr'>vestrum</span> <span class='ocrx_word' id='word_1_54' title='bbox 980 1401 1064 1472; x_wconf 85' lang='lat' dir='ltr'>iacit</span> <span class='ocrx_word' id='word_1_55' title='bbox 1085 1401 1196 1490; x_wconf 82' lang='lat' dir='ltr'>legem</span> <span class='ocrx_word' id='word_1_56' title='bbox 1216 1397 1324 1472; x_wconf 87' lang='lat' dir='ltr'>Mosi.</span> 
     </span>
     <span class='ocr_line' id='line_1_10' title="bbox 342 1497 1323 1596; baseline -0.006 -20"><span class='ocrx_word' id='word_1_57' title='bbox 342 1505 407 1583; x_wconf 76' lang='lat' dir='ltr'>liec</span> <span class='ocrx_word' id='word_1_58' title='bbox 417 1505 616 1596; x_wconf 71' lang='lat' dir='ltr'><strong>disputabo</strong></span> <span class='ocrx_word' id='word_1_59' title='bbox 636 1503 803 1576; x_wconf 85' lang='lat' dir='ltr'>subtilius</span> <span class='ocrx_word' id='word_1_60' title='bbox 821 1505 871 1572; x_wconf 91' lang='lat' dir='ltr'>de</span> <span class='ocrx_word' id='word_1_61' title='bbox 892 1497 959 1572; x_wconf 90' lang='lat' dir='ltr'>hac</span> <span class='ocrx_word' id='word_1_62' title='bbox 982 1501 1177 1572; x_wconf 87' lang='lat' dir='ltr'>universali</span> <span class='ocrx_word' id='word_1_63' title='bbox 1193 1525 1323 1594; x_wconf 90' lang='lat' dir='ltr'>propo-</span> 
     </span>
     <span class='ocr_line' id='line_1_11' title="bbox 350 1600 1321 1693; baseline -0.01 -13"><span class='ocrx_word' id='word_1_64' title='bbox 350 1609 475 1692; x_wconf 86' lang='lat' dir='ltr'>sitione,</span> <span class='ocrx_word' id='word_1_65' title='bbox 500 1605 714 1678; x_wconf 87' lang='lat' dir='ltr'>etsiverum</span> <span class='ocrx_word' id='word_1_66' title='bbox 735 1617 806 1688; x_wconf 90' lang='lat' dir='ltr'>est,</span> <span class='ocrx_word' id='word_1_67' title='bbox 842 1626 966 1675; x_wconf 91' lang='lat' dir='ltr'>omnes</span> <span class='ocrx_word' id='word_1_68' title='bbox 983 1616 1122 1693; x_wconf 90' lang='lat' dir='ltr'>praeter</span> <span class='ocrx_word' id='word_1_69' title='bbox 1140 1600 1321 1676; x_wconf 78' lang='lat' dir='ltr'>Christum</span> 
     </span>
     <span class='ocr_line' id='line_1_12' title="bbox 350 1699 1323 1800; baseline -0.007 -21"><span class='ocrx_word' id='word_1_70' title='bbox 350 1705 640 1800; x_wconf 70' lang='lat' dir='ltr'>haberepeccata‚</span> <span class='ocrx_word' id='word_1_71' title='bbox 665 1707 727 1782; x_wconf 82' lang='lat' dir='ltr'>sed</span> <span class='ocrx_word' id='word_1_72' title='bbox 748 1719 868 1778; x_wconf 88' lang='lat' dir='ltr'>tamen</span> <span class='ocrx_word' id='word_1_73' title='bbox 890 1699 949 1775; x_wconf 88' lang='lat' dir='ltr'>bic</span> <span class='ocrx_word' id='word_1_74' title='bbox 970 1705 1010 1775; x_wconf 83' lang='lat' dir='ltr'>fit</span> <span class='ocrx_word' id='word_1_75' title='bbox 1031 1706 1173 1777; x_wconf 87' lang='lat' dir='ltr'>collatio</span> <span class='ocrx_word' id='word_1_76' title='bbox 1187 1699 1323 1775; x_wconf 88' lang='lat' dir='ltr'>Christi</span> 
     </span>
     <span class='ocr_line' id='line_1_13' title="bbox 347 1806 1321 1899; baseline -0.005 -15"><span class='ocrx_word' id='word_1_77' title='bbox 347 1807 559 1884; x_wconf 85' lang='lat' dir='ltr'>ctbostium:</span> <span class='ocrx_word' id='word_1_78' title='bbox 593 1807 706 1879; x_wconf 85' lang='lat' dir='ltr'>Nemo</span> <span class='ocrx_word' id='word_1_79' title='bbox 723 1832 764 1878; x_wconf 82' lang='lat' dir='ltr'>ex</span> <span class='ocrx_word' id='word_1_80' title='bbox 782 1807 901 1892; x_wconf 87' lang='lat' dir='ltr'>vobis,</span> <span class='ocrx_word' id='word_1_81' title='bbox 925 1806 1065 1899; x_wconf 87' lang='lat' dir='ltr'>inquit,</span> <span class='ocrx_word' id='word_1_82' title='bbox 1091 1807 1175 1876; x_wconf 86' lang='lat' dir='ltr'>iacit</span> <span class='ocrx_word' id='word_1_83' title='bbox 1195 1807 1321 1894; x_wconf 78' lang='lat' dir='ltr'>legem.</span> 
     </span>
     <span class='ocr_line' id='line_1_14' title="bbox 339 1903 1320 1997; baseline -0.008 -13"><span class='ocrx_word' id='word_1_84' title='bbox 339 1909 379 1984; x_wconf 74' lang='lat' dir='ltr'>Bt</span> <span class='ocrx_word' id='word_1_85' title='bbox 393 1915 546 1983; x_wconf 89' lang='lat' dir='ltr'>damnat</span> <span class='ocrx_word' id='word_1_86' title='bbox 563 1903 653 1980; x_wconf 89' lang='lat' dir='ltr'>haec</span> <span class='ocrx_word' id='word_1_87' title='bbox 673 1933 741 1980; x_wconf 82' lang='lat' dir='ltr'>vox</span> <span class='ocrx_word' id='word_1_88' title='bbox 765 1931 889 1978; x_wconf 90' lang='lat' dir='ltr'>omues</span> <span class='ocrx_word' id='word_1_89' title='bbox 910 1909 1044 1988; x_wconf 83' lang='lat' dir='ltr'>cultus,</span> <span class='ocrx_word' id='word_1_90' title='bbox 1084 1908 1320 1997; x_wconf 83' lang='lat' dir='ltr'>disciplinam,</span> 
     </span>
     <span class='ocr_line' id='line_1_15' title="bbox 337 2005 1321 2091; baseline -0.005 -5"><span class='ocrx_word' id='word_1_91' title='bbox 337 2013 490 2086; x_wconf 78' lang='lat' dir='ltr'>exercitia</span> <span class='ocrx_word' id='word_1_92' title='bbox 524 2011 672 2082; x_wconf 90' lang='lat' dir='ltr'>virtutis</span> <span class='ocrx_word' id='word_1_93' title='bbox 697 2013 736 2082; x_wconf 92' lang='lat' dir='ltr'>iu</span> <span class='ocrx_word' id='word_1_94' title='bbox 768 2005 931 2080; x_wconf 74' lang='lat' dir='ltr'>hostibus</span> <span class='ocrx_word' id='word_1_95' title='bbox 960 2005 1115 2091; x_wconf 85' lang='lat' dir='ltr'>Christi,</span> <span class='ocrx_word' id='word_1_96' title='bbox 1165 2008 1255 2081; x_wconf 90' lang='lat' dir='ltr'>sicut</span> <span class='ocrx_word' id='word_1_97' title='bbox 1285 2022 1321 2081; x_wconf 90' lang='lat' dir='ltr'>et</span> 
     </span>
     <span class='ocr_line' id='line_1_16' title="bbox 337 2107 1317 2188; baseline -0.01 0"><span class='ocrx_word' id='word_1_98' title='bbox 337 2115 454 2188; x_wconf 74' lang='lat' dir='ltr'>Psalm-</span> <span class='ocrx_word' id='word_1_99' title='bbox 474 2107 539 2188; x_wconf 78' lang='lat'>16.</span> <span class='ocrx_word' id='word_1_100' title='bbox 554 2113 703 2184; x_wconf 90' lang='lat' dir='ltr'>dicitur:</span> <span class='ocrx_word' id='word_1_101' title='bbox 728 2109 810 2184; x_wconf 91' lang='lat' dir='ltr'>Non</span> <span class='ocrx_word' id='word_1_102' title='bbox 826 2134 963 2182; x_wconf 87' lang='lat' dir='ltr'>sumam</span> <span class='ocrx_word' id='word_1_103' title='bbox 980 2113 1125 2182; x_wconf 87' lang='lat' dir='ltr'>nomina</span> <span class='ocrx_word' id='word_1_104' title='bbox 1140 2133 1262 2184; x_wconf 90' lang='lat' dir='ltr'>eorum</span> <span class='ocrx_word' id='word_1_105' title='bbox 1280 2111 1317 2179; x_wconf 94' lang='lat' dir='ltr'>in</span> 
     </span>
    </p>
   </div>
   <div class='ocr_carea' id='block_1_7' title="bbox 338 2211 1399 2305">
    <p class='ocr_par' dir='ltr' id='par_1_7' title="bbox 338 2211 1399 2305">
     <span class='ocr_line' id='line_1_17' title="bbox 338 2211 1399 2305; baseline -0.01 -15"><span class='ocrx_word' id='word_1_106' title='bbox 338 2219 418 2290; x_wconf 86' lang='lat' dir='ltr'>lsbia</span> <span class='ocrx_word' id='word_1_107' title='bbox 438 2240 534 2288; x_wconf 89' lang='lat' dir='ltr'>mea.</span> <span class='ocrx_word' id='word_1_108' title='bbox 590 2211 694 2286; x_wconf 86' lang='lat' dir='ltr'>Item:</span> <span class='ocrx_word' id='word_1_109' title='bbox 735 2211 818 2284; x_wconf 78' lang='lat' dir='ltr'>Fiat</span> <span class='ocrx_word' id='word_1_110' title='bbox 841 2214 955 2286; x_wconf 90' lang='lat' dir='ltr'>oratio</span> <span class='ocrx_word' id='word_1_111' title='bbox 979 2236 1102 2284; x_wconf 92' lang='lat' dir='ltr'>eorum</span> <span class='ocrx_word' id='word_1_112' title='bbox 1127 2225 1319 2305; x_wconf 85' lang='lat' dir='ltr'>peccatum,</span> <span class='ocrx_word' id='word_1_113' title='bbox 1390 2281 1399 2298; x_wconf 70' lang='lat'>‚</span> 
     </span>
    </p>
   </div>
   <div class='ocr_carea' id='block_1_8' title="bbox 339 2311 1320 3103">
    <p class='ocr_par' dir='ltr' id='par_1_8' title="bbox 339 2311 1320 3103">
     <span class='ocr_line' id='line_1_18' title="bbox 339 2311 1319 2414; baseline -0.012 -20"><span class='ocrx_word' id='word_1_114' title='bbox 339 2319 453 2394; x_wconf 70' lang='lat' dir='ltr'>tcum.</span> <span class='ocrx_word' id='word_1_115' title='bbox 471 2317 563 2392; x_wconf 80' lang='lat'><strong>109.</strong></span> <span class='ocrx_word' id='word_1_116' title='bbox 588 2313 784 2386; x_wconf 89' lang='lat' dir='ltr'>Damnatae</span> <span class='ocrx_word' id='word_1_117' title='bbox 798 2331 882 2387; x_wconf 89' lang='lat' dir='ltr'>sunt</span> <span class='ocrx_word' id='word_1_118' title='bbox 895 2339 1019 2385; x_wconf 90' lang='lat' dir='ltr'>omnes</span> <span class='ocrx_word' id='word_1_119' title='bbox 1041 2328 1171 2400; x_wconf 89' lang='lat' dir='ltr'>sectae,</span> <span class='ocrx_word' id='word_1_120' title='bbox 1196 2311 1319 2414; x_wconf 82' lang='lat' dir='ltr'>ludai-</span> 
     </span>
     <span class='ocr_line' id='line_1_19' title="bbox 346 2415 1320 2506; baseline -0.01 -12"><span class='ocrx_word' id='word_1_121' title='bbox 346 2447 394 2506; x_wconf 87' lang='lat' dir='ltr'>cs,</span> <span class='ocrx_word' id='word_1_122' title='bbox 409 2415 668 2504; x_wconf 83' lang='lat' dir='ltr'>Mshoru&#39;etica,</span> <span class='ocrx_word' id='word_1_123' title='bbox 690 2415 886 2499; x_wconf 79' lang='lat' dir='ltr'>Haeretici,</span> <span class='ocrx_word' id='word_1_124' title='bbox 912 2417 1114 2487; x_wconf 82' lang='lat' dir='ltr'>defensores</span> <span class='ocrx_word' id='word_1_125' title='bbox 1128 2417 1320 2502; x_wconf 92' lang='lat' dir='ltr'>idolorum,</span> 
     </span>
     <span class='ocr_line' id='line_1_20' title="bbox 353 2515 1318 2616; baseline -0.011 -21"><span class='ocrx_word' id='word_1_126' title='bbox 353 2524 624 2616; x_wconf 82' lang='lat' dir='ltr'>deniqoeomnes</span> <span class='ocrx_word' id='word_1_127' title='bbox 647 2532 844 2611; x_wconf 78' lang='lat' dir='ltr'>pugnantes</span> <span class='ocrx_word' id='word_1_128' title='bbox 863 2544 944 2589; x_wconf 91' lang='lat' dir='ltr'>cum</span> <span class='ocrx_word' id='word_1_129' title='bbox 961 2515 1178 2608; x_wconf 82' lang='lat' dir='ltr'>Evangelio,</span> <span class='ocrx_word' id='word_1_130' title='bbox 1203 2532 1236 2588; x_wconf 90' lang='lat' dir='ltr'>et</span> <span class='ocrx_word' id='word_1_131' title='bbox 1253 2518 1318 2588; x_wconf 91' lang='lat' dir='ltr'>tri-</span> 
     </span>
     <span class='ocr_line' id='line_1_21' title="bbox 349 2599 1317 2708; baseline -0.011 -10"><span class='ocrx_word' id='word_1_132' title='bbox 349 2599 691 2698; x_wconf 63' lang='lat' dir='ltr'>buiturbciecrimen</span> <span class='ocrx_word' id='word_1_133' title='bbox 706 2621 891 2690; x_wconf 87' lang='lat' dir='ltr'>omnibus:</span> <span class='ocrx_word' id='word_1_134' title='bbox 927 2619 1108 2708; x_wconf 73' lang='lat' dir='ltr'>Quaeritis</span> <span class='ocrx_word' id='word_1_135' title='bbox 1126 2643 1182 2688; x_wconf 90' lang='lat' dir='ltr'>me</span> <span class='ocrx_word' id='word_1_136' title='bbox 1207 2620 1317 2692; x_wconf 91' lang='lat' dir='ltr'>iuter·</span> 
     </span>
     <span class='ocr_line' id='line_1_22' title="bbox 345 2717 1318 2810; baseline -0.007 -13"><span class='ocrx_word' id='word_1_137' title='bbox 345 2727 448 2810; x_wconf 82' lang='lat' dir='ltr'>icere,</span> <span class='ocrx_word' id='word_1_138' title='bbox 469 2725 512 2794; x_wconf 83' lang='lat' dir='ltr'>id</span> <span class='ocrx_word' id='word_1_139' title='bbox 530 2737 605 2805; x_wconf 87' lang='lat' dir='ltr'>est,</span> <span class='ocrx_word' id='word_1_140' title='bbox 631 2747 753 2792; x_wconf 91' lang='lat' dir='ltr'>omnes</span> <span class='ocrx_word' id='word_1_141' title='bbox 768 2727 894 2792; x_wconf 79' lang='lat' dir='ltr'>ardent</span> <span class='ocrx_word' id='word_1_142' title='bbox 909 2723 992 2792; x_wconf 91' lang='lat' dir='ltr'>odio</span> <span class='ocrx_word' id='word_1_143' title='bbox 1008 2717 1142 2792; x_wconf 89' lang='lat' dir='ltr'>Christi</span> <span class='ocrx_word' id='word_1_144' title='bbox 1159 2736 1193 2792; x_wconf 89' lang='lat' dir='ltr'>et</span> <span class='ocrx_word' id='word_1_145' title='bbox 1205 2745 1318 2790; x_wconf 88' lang='lat' dir='ltr'>mem·</span> 
     </span>
     <span class='ocr_line' id='line_1_23' title="bbox 341 2824 1318 2914; baseline -0.01 -14"><span class='ocrx_word' id='word_1_146' title='bbox 341 2831 474 2900; x_wconf 89' lang='lat' dir='ltr'>brorum</span> <span class='ocrx_word' id='word_1_147' title='bbox 491 2825 590 2911; x_wconf 85' lang='lat' dir='ltr'>eius,</span> <span class='ocrx_word' id='word_1_148' title='bbox 616 2837 652 2896; x_wconf 92' lang='lat' dir='ltr'>et</span> <span class='ocrx_word' id='word_1_149' title='bbox 672 2825 820 2914; x_wconf 90' lang='lat' dir='ltr'>cupiunt</span> <span class='ocrx_word' id='word_1_150' title='bbox 843 2825 981 2912; x_wconf 87' lang='lat' dir='ltr'>explere</span> <span class='ocrx_word' id='word_1_151' title='bbox 1005 2824 1087 2892; x_wconf 91' lang='lat' dir='ltr'>odia</span> <span class='ocrx_word' id='word_1_152' title='bbox 1110 2827 1215 2892; x_wconf 89' lang='lat' dir='ltr'>caede</span> <span class='ocrx_word' id='word_1_153' title='bbox 1236 2846 1318 2892; x_wconf 90' lang='lat' dir='ltr'>san-</span> 
     </span>
     <span class='ocr_line' id='line_1_24' title="bbox 342 2919 1317 3018; baseline -0.008 -16"><span class='ocrx_word' id='word_1_154' title='bbox 342 2945 478 3004; x_wconf 87' lang='lat' dir='ltr'>ctorum.</span> <span class='ocrx_word' id='word_1_155' title='bbox 531 2927 688 2998; x_wconf 86' lang='lat' dir='ltr'>Miretur</span> <span class='ocrx_word' id='word_1_156' title='bbox 701 2925 858 2995; x_wconf 74' lang='lat' dir='ltr'>fortassis</span> <span class='ocrx_word' id='word_1_157' title='bbox 874 2925 1003 3018; x_wconf 89' lang='lat' dir='ltr'>aliquis</span> <span class='ocrx_word' id='word_1_158' title='bbox 1018 2919 1086 2994; x_wconf 91' lang='lat' dir='ltr'>hoc</span> <span class='ocrx_word' id='word_1_159' title='bbox 1101 2926 1257 3010; x_wconf 87' lang='lat' dir='ltr'>dictum,</span> <span class='ocrx_word' id='word_1_160' title='bbox 1284 2937 1317 2994; x_wconf 92' lang='lat' dir='ltr'>et</span> 
     </span>
     <span class='ocr_line' id='line_1_25' title="bbox 342 3021 1318 3103; baseline -0.007 -1"><span class='ocrx_word' id='word_1_161' title='bbox 342 3033 503 3103; x_wconf 77' lang='lat' dir='ltr'>existimet</span> <span class='ocrx_word' id='word_1_162' title='bbox 524 3053 600 3100; x_wconf 91' lang='lat' dir='ltr'>uon</span> <span class='ocrx_word' id='word_1_163' title='bbox 622 3039 756 3102; x_wconf 90' lang='lat' dir='ltr'>tantam</span> <span class='ocrx_word' id='word_1_164' title='bbox 779 3049 853 3096; x_wconf 89' lang='lat' dir='ltr'>esse</span> <span class='ocrx_word' id='word_1_165' title='bbox 875 3026 1119 3098; x_wconf 84' lang='lat' dir='ltr'>crudelitatem</span> <span class='ocrx_word' id='word_1_166' title='bbox 1141 3029 1179 3096; x_wconf 95' lang='lat' dir='ltr'>in</span> <span class='ocrx_word' id='word_1_167' title='bbox 1198 3021 1318 3096; x_wconf 90' lang='lat' dir='ltr'>bomi-</span> 
     </span>
    </p>
   </div>
   <div class='ocr_carea' id='block_1_9' title="bbox 341 3136 443 3209">
    <p class='ocr_par' dir='ltr' id='par_1_9' title="bbox 341 3136 443 3209">
     <span class='ocr_line' id='line_1_26' title="bbox 341 3136 443 3209; baseline 0.049 -5"><span class='ocrx_word' id='word_1_168' title='bbox 341 3136 443 3209; x_wconf 81' lang='lat' dir='ltr'>nitus.</span> 
     </span>
    </p>
   </div>
   <div class='ocr_carea' id='block_1_10' title="bbox 334 3261 1318 4171">
    <p class='ocr_par' dir='ltr' id='par_1_10' title="bbox 334 3261 1318 4171">
     <span class='ocr_line' id='line_1_27' title="bbox 425 3261 1317 3347; baseline -0.015 -5"><span class='ocrx_word' id='word_1_169' title='bbox 425 3269 500 3342; x_wconf 84' lang='lat' dir='ltr'>Sed</span> <span class='ocrx_word' id='word_1_170' title='bbox 525 3261 687 3338; x_wconf 88' lang='lat' dir='ltr'>Christus</span> <span class='ocrx_word' id='word_1_171' title='bbox 709 3267 787 3339; x_wconf 89' lang='lat' dir='ltr'>vult</span> <span class='ocrx_word' id='word_1_172' title='bbox 813 3288 880 3336; x_wconf 89' lang='lat' dir='ltr'>nos</span> <span class='ocrx_word' id='word_1_173' title='bbox 911 3265 1206 3336; x_wconf 79' lang='lat' dir='ltr'>commonefactus</span> <span class='ocrx_word' id='word_1_174' title='bbox 1230 3285 1317 3347; x_wconf 89' lang='lat' dir='ltr'>esse,</span> 
     </span>
     <span class='ocr_line' id='line_1_28' title="bbox 342 3361 1318 3462; baseline -0.014 -16"><span class='ocrx_word' id='word_1_175' title='bbox 342 3375 406 3446; x_wconf 82' lang='lat' dir='ltr'>mts</span> <span class='ocrx_word' id='word_1_176' title='bbox 424 3393 495 3440; x_wconf 91' lang='lat' dir='ltr'>nos</span> <span class='ocrx_word' id='word_1_177' title='bbox 517 3371 626 3452; x_wconf 89' lang='lat' dir='ltr'>scire,</span> <span class='ocrx_word' id='word_1_178' title='bbox 664 3393 771 3462; x_wconf 83' lang='lat' dir='ltr'>quem</span> <span class='ocrx_word' id='word_1_179' title='bbox 801 3391 945 3438; x_wconf 88' lang='lat' dir='ltr'>saevum</span> <span class='ocrx_word' id='word_1_180' title='bbox 969 3361 1105 3438; x_wconf 89' lang='lat' dir='ltr'>hostem</span> <span class='ocrx_word' id='word_1_181' title='bbox 1127 3362 1318 3436; x_wconf 87' lang='lat' dir='ltr'>babeamus</span> 
     </span>
     <span class='ocr_line' id='line_1_29' title="bbox 340 3468 1317 3569; baseline -0.017 -20"><span class='ocrx_word' id='word_1_182' title='bbox 340 3474 532 3558; x_wconf 82' lang='lat' dir='ltr'>diabolum,</span> <span class='ocrx_word' id='word_1_183' title='bbox 556 3488 596 3542; x_wconf 90' lang='lat' dir='ltr'>ut</span> <span class='ocrx_word' id='word_1_184' title='bbox 612 3468 722 3543; x_wconf 88' lang='lat' dir='ltr'>simus</span> <span class='ocrx_word' id='word_1_185' title='bbox 738 3471 981 3569; x_wconf 84' lang='lat' dir='ltr'>vigilantiores</span> <span class='ocrx_word' id='word_1_186' title='bbox 1001 3470 1040 3539; x_wconf 92' lang='lat' dir='ltr'>in</span> <span class='ocrx_word' id='word_1_187' title='bbox 1062 3469 1230 3539; x_wconf 87' lang='lat' dir='ltr'>omnibus</span> <span class='ocrx_word' id='word_1_188' title='bbox 1254 3491 1317 3534; x_wconf 90' lang='lat' dir='ltr'>ne-</span> 
     </span>
     <span class='ocr_line' id='line_1_30' title="bbox 338 3564 1317 3669; baseline -0.011 -21"><span class='ocrx_word' id='word_1_189' title='bbox 338 3580 450 3669; x_wconf 68' lang='lat' dir='ltr'>gotiis,</span> <span class='ocrx_word' id='word_1_190' title='bbox 475 3597 567 3667; x_wconf 85' lang='lat' dir='ltr'>quae</span> <span class='ocrx_word' id='word_1_191' title='bbox 583 3572 688 3641; x_wconf 91' lang='lat' dir='ltr'>nobis</span> <span class='ocrx_word' id='word_1_192' title='bbox 702 3573 822 3643; x_wconf 77' lang='lat' dir='ltr'>fertura</span> <span class='ocrx_word' id='word_1_193' title='bbox 837 3587 921 3645; x_wconf 91' lang='lat' dir='ltr'>sunt</span> <span class='ocrx_word' id='word_1_194' title='bbox 940 3596 1021 3642; x_wconf 93' lang='lat' dir='ltr'>cum</span> <span class='ocrx_word' id='word_1_195' title='bbox 1039 3568 1226 3657; x_wconf 67' lang='lat' dir='ltr'>Evangelii</span> <span class='ocrx_word' id='word_1_196' title='bbox 1250 3564 1317 3637; x_wconf 91' lang='lat' dir='ltr'>bo-</span> 
     </span>
     <span class='ocr_line' id='line_1_31' title="bbox 338 3666 1317 3763; baseline -0.01 -12"><span class='ocrx_word' id='word_1_197' title='bbox 338 3684 459 3763; x_wconf 84' lang='lat' dir='ltr'>stibus,</span> <span class='ocrx_word' id='word_1_198' title='bbox 481 3689 516 3748; x_wconf 87' lang='lat' dir='ltr'>et</span> <span class='ocrx_word' id='word_1_199' title='bbox 533 3676 684 3745; x_wconf 88' lang='lat' dir='ltr'>sciamus</span> <span class='ocrx_word' id='word_1_200' title='bbox 698 3698 759 3745; x_wconf 91' lang='lat' dir='ltr'>eos</span> <span class='ocrx_word' id='word_1_201' title='bbox 780 3699 856 3743; x_wconf 91' lang='lat' dir='ltr'>non</span> <span class='ocrx_word' id='word_1_202' title='bbox 878 3675 1063 3745; x_wconf 89' lang='lat' dir='ltr'>consulere</span> <span class='ocrx_word' id='word_1_203' title='bbox 1083 3672 1228 3743; x_wconf 83' lang='lat' dir='ltr'>utilitati</span> <span class='ocrx_word' id='word_1_204' title='bbox 1246 3666 1317 3741; x_wconf 88' lang='lat' dir='ltr'>Ec·</span> 
     </span>
     <span class='ocr_line' id='line_1_32' title="bbox 338 3770 1315 3867; baseline -0.011 -14"><span class='ocrx_word' id='word_1_205' title='bbox 338 3783 470 3865; x_wconf 74' lang='lat' dir='ltr'>clerice,</span> <span class='ocrx_word' id='word_1_206' title='bbox 495 3777 605 3848; x_wconf 90' lang='lat' dir='ltr'>etiam</span> <span class='ocrx_word' id='word_1_207' title='bbox 621 3798 700 3845; x_wconf 91' lang='lat' dir='ltr'>cum</span> <span class='ocrx_word' id='word_1_208' title='bbox 718 3770 785 3847; x_wconf 92' lang='lat' dir='ltr'>hoc</span> <span class='ocrx_word' id='word_1_209' title='bbox 802 3776 985 3849; x_wconf 87' lang='lat' dir='ltr'>simulant.</span> <span class='ocrx_word' id='word_1_210' title='bbox 1022 3772 1214 3867; x_wconf 88' lang='lat' dir='ltr'>Postquam</span> <span class='ocrx_word' id='word_1_211' title='bbox 1232 3796 1315 3842; x_wconf 91' lang='lat' dir='ltr'>vero</span> 
     </span>
     <span class='ocr_line' id='line_1_33' title="bbox 336 3872 1318 3967; baseline -0.012 -10"><span class='ocrx_word' id='word_1_212' title='bbox 336 3880 490 3957; x_wconf 84' lang='lat' dir='ltr'>Christus</span> <span class='ocrx_word' id='word_1_213' title='bbox 503 3902 564 3950; x_wconf 89' lang='lat' dir='ltr'>eos</span> <span class='ocrx_word' id='word_1_214' title='bbox 578 3877 694 3965; x_wconf 73' lang='lat' dir='ltr'>argerit</span> <span class='ocrx_word' id='word_1_215' title='bbox 715 3872 923 3963; x_wconf 89' lang='lat' dir='ltr'>homicidii,</span> <span class='ocrx_word' id='word_1_216' title='bbox 948 3876 1018 3967; x_wconf 88' lang='lat' dir='ltr'>ipsi</span> <span class='ocrx_word' id='word_1_217' title='bbox 1036 3879 1175 3947; x_wconf 89' lang='lat' dir='ltr'>addunt</span> <span class='ocrx_word' id='word_1_218' title='bbox 1194 3897 1318 3965; x_wconf 75' lang='lat' dir='ltr'>pccca-</span> 
     </span>
     <span class='ocr_line' id='line_1_34' title="bbox 334 3973 1316 4069; baseline -0.013 -12"><span class='ocrx_word' id='word_1_219' title='bbox 334 4002 403 4057; x_wconf 92' lang='lat' dir='ltr'>tum</span> <span class='ocrx_word' id='word_1_220' title='bbox 431 3983 566 4065; x_wconf 86' lang='lat' dir='ltr'>maius,</span> <span class='ocrx_word' id='word_1_221' title='bbox 608 3979 742 4051; x_wconf 88' lang='lat' dir='ltr'>scilicet</span> <span class='ocrx_word' id='word_1_222' title='bbox 772 3973 1048 4069; x_wconf 81' lang='lat' dir='ltr'>blasphemiam,</span> <span class='ocrx_word' id='word_1_223' title='bbox 1088 4002 1168 4049; x_wconf 91' lang='lat' dir='ltr'>cum</span> <span class='ocrx_word' id='word_1_224' title='bbox 1199 3978 1316 4045; x_wconf 88' lang='lat' dir='ltr'>aiunt:</span> 
     </span>
     <span class='ocr_line' id='line_1_35' title="bbox 334 4074 1318 4171; baseline -0.008 -13"><span class='ocrx_word' id='word_1_225' title='bbox 334 4086 566 4157; x_wconf 81' lang='lat' dir='ltr'>Daemonium</span> <span class='ocrx_word' id='word_1_226' title='bbox 587 4074 715 4165; x_wconf 89' lang='lat' dir='ltr'>habes,</span> <span class='ocrx_word' id='word_1_227' title='bbox 747 4075 833 4153; x_wconf 89' lang='lat' dir='ltr'>hacc</span> <span class='ocrx_word' id='word_1_228' title='bbox 853 4075 1071 4171; x_wconf 90' lang='lat' dir='ltr'>blasphemia</span> <span class='ocrx_word' id='word_1_229' title='bbox 1097 4078 1231 4150; x_wconf 90' lang='lat' dir='ltr'>indicio</span> <span class='ocrx_word' id='word_1_230' title='bbox 1256 4093 1318 4164; x_wconf 89' lang='lat' dir='ltr'>est,</span> 
     </span>
    </p>
   </div>
   <div class='ocr_carea' id='block_1_11' title="bbox 334 4186 720 4283">
    <p class='ocr_par' dir='ltr' id='par_1_11' title="bbox 334 4186 720 4283">
     <span class='ocr_line' id='line_1_36' title="bbox 334 4186 720 4283; baseline -0.023 -23"><span class='ocrx_word' id='word_1_231' title='bbox 334 4212 399 4283; x_wconf 83' lang='lat' dir='ltr'>quo</span> <span class='ocrx_word' id='word_1_232' title='bbox 414 4186 544 4279; x_wconf 88' lang='lat' dir='ltr'>spiritu</span> <span class='ocrx_word' id='word_1_233' title='bbox 556 4198 720 4275; x_wconf 78' lang='lat' dir='ltr'>agantur.</span> 
     </span>
    </p>
   </div>
   <div class='ocr_carea' id='block_1_12' title="bbox 460 4359 1188 4443">
    <p class='ocr_par' dir='ltr' id='par_1_12' title="bbox 460 4359 1188 4443">
     <span class='ocr_line' id='line_1_37' title="bbox 460 4359 1188 4443; baseline -0.004 1"><span class='ocrx_word' id='word_1_234' title='bbox 460 4368 514 4443; x_wconf 82' lang='lat' dir='ltr'>In</span> <span class='ocrx_word' id='word_1_235' title='bbox 535 4364 695 4441; x_wconf 80' lang='lat' dir='ltr'>sabbato</span> <span class='ocrx_word' id='word_1_236' title='bbox 714 4359 974 4439; x_wconf 79' lang='lat' dir='ltr'>circumciditis</span> <span class='ocrx_word' id='word_1_237' title='bbox 990 4360 1188 4441; x_wconf 79' lang='lat' dir='ltr'>hominem.</span> 
     </span>
    </p>
   </div>
   <div class='ocr_carea' id='block_1_13' title="bbox 323 4517 1319 5333">
    <p class='ocr_par' dir='ltr' id='par_1_13' title="bbox 323 4517 1319 5333">
     <span class='ocr_line' id='line_1_38' title="bbox 426 4517 1319 4611; baseline -0.009 -14"><span class='ocrx_word' id='word_1_238' title='bbox 426 4520 547 4597; x_wconf 82' lang='lat' dir='ltr'>Mults</span> <span class='ocrx_word' id='word_1_239' title='bbox 585 4517 791 4611; x_wconf 73' lang='lat' dir='ltr'>gravissima</span> <span class='ocrx_word' id='word_1_240' title='bbox 829 4530 1034 4609; x_wconf 74' lang='lat' dir='ltr'>argumenta</span> <span class='ocrx_word' id='word_1_241' title='bbox 1071 4518 1319 4610; x_wconf 92' lang='lat' dir='ltr'>complectitur</span> 
     </span>
     <span class='ocr_line' id='line_1_39' title="bbox 327 4615 1316 4717; baseline -0.014 -14"><span class='ocrx_word' id='word_1_242' title='bbox 327 4632 500 4710; x_wconf 84' lang='lat' dir='ltr'>loannes,</span> <span class='ocrx_word' id='word_1_243' title='bbox 525 4646 615 4717; x_wconf 88' lang='lat' dir='ltr'>quae</span> <span class='ocrx_word' id='word_1_244' title='bbox 629 4633 903 4692; x_wconf 89' lang='lat' dir='ltr'>cousentaneum</span> <span class='ocrx_word' id='word_1_245' title='bbox 930 4633 984 4691; x_wconf 89' lang='lat' dir='ltr'>est</span> <span class='ocrx_word' id='word_1_246' title='bbox 1000 4643 1020 4689; x_wconf 89' lang='lat' dir='ltr'>a</span> <span class='ocrx_word' id='word_1_247' title='bbox 1035 4615 1179 4690; x_wconf 86' lang='lat' dir='ltr'>Christo</span> <span class='ocrx_word' id='word_1_248' title='bbox 1195 4620 1316 4709; x_wconf 86' lang='lat' dir='ltr'>copio-</span> 
     </span>
     <span class='ocr_line' id='line_1_40' title="bbox 324 4718 1317 4818; baseline -0.015 -12"><span class='ocrx_word' id='word_1_249' title='bbox 324 4738 398 4807; x_wconf 82' lang='lat' dir='ltr'>sius</span> <span class='ocrx_word' id='word_1_250' title='bbox 418 4727 592 4818; x_wconf 80' lang='lat' dir='ltr'>explicsts</span> <span class='ocrx_word' id='word_1_251' title='bbox 615 4744 700 4793; x_wconf 87' lang='lat' dir='ltr'>esse.</span> <span class='ocrx_word' id='word_1_252' title='bbox 756 4720 834 4791; x_wconf 86' lang='lat' dir='ltr'>Etsi</span> <span class='ocrx_word' id='word_1_253' title='bbox 856 4736 973 4791; x_wconf 88' lang='lat' dir='ltr'>sutem</span> <span class='ocrx_word' id='word_1_254' title='bbox 995 4742 1191 4812; x_wconf 86' lang='lat' dir='ltr'>sopracsp.</span> <span class='ocrx_word' id='word_1_255' title='bbox 1207 4718 1244 4792; x_wconf 84' lang='lat'>6.</span> <span class='ocrx_word' id='word_1_256' title='bbox 1260 4744 1317 4791; x_wconf 89' lang='lat' dir='ltr'>re-</span> 
     </span>
     <span class='ocr_line' id='line_1_41' title="bbox 324 4823 1317 4907; baseline -0.017 1"><span class='ocrx_word' id='word_1_257' title='bbox 324 4838 462 4907; x_wconf 78' lang='lat' dir='ltr'>futatur</span> <span class='ocrx_word' id='word_1_258' title='bbox 476 4829 599 4899; x_wconf 85' lang='lat' dir='ltr'>eadem</span> <span class='ocrx_word' id='word_1_259' title='bbox 613 4823 812 4906; x_wconf 87' lang='lat' dir='ltr'>calumnia,</span> <span class='ocrx_word' id='word_1_260' title='bbox 838 4835 956 4891; x_wconf 87' lang='lat' dir='ltr'>tamen</span> <span class='ocrx_word' id='word_1_261' title='bbox 971 4823 1104 4893; x_wconf 87' lang='lat' dir='ltr'>solutio</span> <span class='ocrx_word' id='word_1_262' title='bbox 1119 4846 1161 4892; x_wconf 82' lang='lat' dir='ltr'>ex</span> <span class='ocrx_word' id='word_1_263' title='bbox 1177 4824 1317 4893; x_wconf 87' lang='lat' dir='ltr'>abstru-</span> 
     </span>
     <span class='ocr_line' id='line_1_42' title="bbox 324 4920 1319 5010; baseline -0.016 0"><span class='ocrx_word' id='word_1_264' title='bbox 324 4941 417 5010; x_wconf 89' lang='lat' dir='ltr'>siore</span> <span class='ocrx_word' id='word_1_265' title='bbox 440 4930 608 5003; x_wconf 86' lang='lat' dir='ltr'>doctrina</span> <span class='ocrx_word' id='word_1_266' title='bbox 629 4926 676 4995; x_wconf 91' lang='lat' dir='ltr'>de</span> <span class='ocrx_word' id='word_1_267' title='bbox 696 4924 894 5007; x_wconf 83' lang='lat' dir='ltr'>creatione,</span> <span class='ocrx_word' id='word_1_268' title='bbox 933 4936 969 4995; x_wconf 94' lang='lat' dir='ltr'>et</span> <span class='ocrx_word' id='word_1_269' title='bbox 990 4926 1035 4993; x_wconf 92' lang='lat' dir='ltr'>de</span> <span class='ocrx_word' id='word_1_270' title='bbox 1057 4924 1238 4994; x_wconf 89' lang='lat' dir='ltr'>continuis</span> <span class='ocrx_word' id='word_1_271' title='bbox 1252 4920 1319 4994; x_wconf 84' lang='lat' dir='ltr'>Dei</span> 
     </span>
     <span class='ocr_line' id='line_1_43' title="bbox 323 5025 1318 5131; baseline -0.016 -20"><span class='ocrx_word' id='word_1_272' title='bbox 323 5038 495 5131; x_wconf 88' lang='lat' dir='ltr'>operibus</span> <span class='ocrx_word' id='word_1_273' title='bbox 510 5042 626 5101; x_wconf 88' lang='lat' dir='ltr'>sumta</span> <span class='ocrx_word' id='word_1_274' title='bbox 650 5038 721 5109; x_wconf 86' lang='lat' dir='ltr'>est,</span> <span class='ocrx_word' id='word_1_275' title='bbox 752 5025 919 5096; x_wconf 83' lang='lat' dir='ltr'>videlicet</span> <span class='ocrx_word' id='word_1_276' title='bbox 937 5046 959 5095; x_wconf 87' lang='lat' dir='ltr'>a</span> <span class='ocrx_word' id='word_1_277' title='bbox 982 5025 1211 5096; x_wconf 89' lang='lat' dir='ltr'>distinctione</span> <span class='ocrx_word' id='word_1_278' title='bbox 1232 5049 1318 5115; x_wconf 91' lang='lat' dir='ltr'>ope-</span> 
     </span>
     <span class='ocr_line' id='line_1_44' title="bbox 325 5122 1318 5216; baseline -0.016 -3"><span class='ocrx_word' id='word_1_279' title='bbox 325 5164 403 5213; x_wconf 90' lang='lat' dir='ltr'>rom</span> <span class='ocrx_word' id='word_1_280' title='bbox 429 5134 500 5209; x_wconf 87' lang='lat' dir='ltr'>Dei</span> <span class='ocrx_word' id='word_1_281' title='bbox 528 5144 565 5202; x_wconf 92' lang='lat' dir='ltr'>et</span> <span class='ocrx_word' id='word_1_282' title='bbox 593 5124 847 5199; x_wconf 83' lang='lat' dir='ltr'>bumanorum.</span> <span class='ocrx_word' id='word_1_283' title='bbox 913 5123 1111 5198; x_wconf 79' lang='lat' dir='ltr'>Sabbatum</span> <span class='ocrx_word' id='word_1_284' title='bbox 1152 5122 1318 5216; x_wconf 89' lang='lat' dir='ltr'>probibet</span> 
     </span>
     <span class='ocr_line' id='line_1_45' title="bbox 327 5227 1317 5333; baseline -0.016 -20"><span class='ocrx_word' id='word_1_285' title='bbox 327 5264 434 5333; x_wconf 78' lang='lat' dir='ltr'>opera</span> <span class='ocrx_word' id='word_1_286' title='bbox 461 5232 652 5307; x_wconf 89' lang='lat' dir='ltr'>hominnm</span> <span class='ocrx_word' id='word_1_287' title='bbox 681 5227 912 5328; x_wconf 86' lang='lat' dir='ltr'>impedientia</span> <span class='ocrx_word' id='word_1_288' title='bbox 941 5228 1202 5313; x_wconf 86' lang='lat' dir='ltr'>ministerium,</span> <span class='ocrx_word' id='word_1_289' title='bbox 1242 5252 1317 5299; x_wconf 90' lang='lat' dir='ltr'>non</span> 
     </span>
    </p>
   </div>
   <div class='ocr_carea' id='block_1_14' title="bbox 323 5326 1318 5949">
    <p class='ocr_par' dir='ltr' id='par_1_14' title="bbox 323 5326 1318 5949">
     <span class='ocr_line' id='line_1_46' title="bbox 325 5326 1318 5437; baseline -0.016 -23"><span class='ocrx_word' id='word_1_290' title='bbox 325 5338 496 5437; x_wconf 85' lang='lat' dir='ltr'>probibet</span> <span class='ocrx_word' id='word_1_291' title='bbox 508 5332 578 5407; x_wconf 86' lang='lat' dir='ltr'>Dei</span> <span class='ocrx_word' id='word_1_292' title='bbox 595 5352 726 5426; x_wconf 25' lang='lat' dir='ltr'>operat!</span> <span class='ocrx_word' id='word_1_293' title='bbox 753 5326 859 5399; x_wconf 81' lang='lat' dir='ltr'>Pater</span> <span class='ocrx_word' id='word_1_294' title='bbox 878 5350 993 5422; x_wconf 77' lang='lat' dir='ltr'>nsque</span> <span class='ocrx_word' id='word_1_295' title='bbox 1018 5331 1125 5399; x_wconf 87' lang='lat' dir='ltr'>modo</span> <span class='ocrx_word' id='word_1_296' title='bbox 1140 5343 1318 5420; x_wconf 83' lang='lat' dir='ltr'>operatur,</span> 
     </span>
     <span class='ocr_line' id='line_1_47' title="bbox 326 5426 1318 5533; baseline -0.012 -20"><span class='ocrx_word' id='word_1_297' title='bbox 326 5462 361 5518; x_wconf 88' lang='lat' dir='ltr'>et</span> <span class='ocrx_word' id='word_1_298' title='bbox 373 5468 440 5533; x_wconf 70' lang='lat' dir='ltr'>ego</span> <span class='ocrx_word' id='word_1_299' title='bbox 456 5457 600 5532; x_wconf 85' lang='lat' dir='ltr'>operor.</span> <span class='ocrx_word' id='word_1_300' title='bbox 650 5426 747 5520; x_wconf 64' lang='lat' dir='ltr'>Ergo</span> <span class='ocrx_word' id='word_1_301' title='bbox 762 5430 818 5501; x_wconf 83' lang='lat' dir='ltr'>lex</span> <span class='ocrx_word' id='word_1_302' title='bbox 833 5432 879 5501; x_wconf 86' lang='lat' dir='ltr'>de</span> <span class='ocrx_word' id='word_1_303' title='bbox 899 5428 1047 5503; x_wconf 86' lang='lat' dir='ltr'>sabbato</span> <span class='ocrx_word' id='word_1_304' title='bbox 1069 5454 1145 5501; x_wconf 90' lang='lat' dir='ltr'>uon</span> <span class='ocrx_word' id='word_1_305' title='bbox 1166 5430 1318 5521; x_wconf 89' lang='lat' dir='ltr'>impedit</span> 
     </span>
     <span class='ocr_line' id='line_1_48' title="bbox 327 5532 1317 5627; baseline -0.015 -12"><span class='ocrx_word' id='word_1_306' title='bbox 327 5542 410 5619; x_wconf 82' lang='lat' dir='ltr'>haee</span> <span class='ocrx_word' id='word_1_307' title='bbox 435 5563 516 5613; x_wconf 90' lang='lat' dir='ltr'>mea</span> <span class='ocrx_word' id='word_1_308' title='bbox 531 5557 639 5627; x_wconf 82' lang='lat' dir='ltr'>opere</span> <span class='ocrx_word' id='word_1_309' title='bbox 656 5532 803 5616; x_wconf 86' lang='lat' dir='ltr'>divina,</span> <span class='ocrx_word' id='word_1_310' title='bbox 828 5532 1068 5615; x_wconf 88' lang='lat' dir='ltr'>sanationem,</span> <span class='ocrx_word' id='word_1_311' title='bbox 1093 5547 1128 5603; x_wconf 89' lang='lat' dir='ltr'>et</span> <span class='ocrx_word' id='word_1_312' title='bbox 1150 5532 1317 5603; x_wconf 90' lang='lat' dir='ltr'>donatio·</span> 
     </span>
     <span class='ocr_line' id='line_1_49' title="bbox 328 5630 1316 5723; baseline -0.014 -5"><span class='ocrx_word' id='word_1_313' title='bbox 328 5672 405 5720; x_wconf 85' lang='lat' dir='ltr'>nem</span> <span class='ocrx_word' id='word_1_314' title='bbox 421 5645 519 5717; x_wconf 81' lang='lat' dir='ltr'>vitae</span> <span class='ocrx_word' id='word_1_315' title='bbox 545 5650 729 5714; x_wconf 84' lang='lat' dir='ltr'>aeternae,</span> <span class='ocrx_word' id='word_1_316' title='bbox 761 5634 812 5703; x_wconf 90' lang='lat' dir='ltr'>sic</span> <span class='ocrx_word' id='word_1_317' title='bbox 835 5654 943 5723; x_wconf 82' lang='lat' dir='ltr'>sopra</span> <span class='ocrx_word' id='word_1_318' title='bbox 967 5634 1160 5723; x_wconf 83' lang='lat' dir='ltr'>respondit.</span> <span class='ocrx_word' id='word_1_319' title='bbox 1210 5630 1316 5704; x_wconf 83' lang='lat' dir='ltr'>Nunc</span> 
     </span>
     <span class='ocr_line' id='line_1_50' title="bbox 327 5734 1316 5821; baseline -0.022 3"><span class='ocrx_word' id='word_1_320' title='bbox 327 5774 365 5821; x_wconf 82' lang='lat' dir='ltr'>ex</span> <span class='ocrx_word' id='word_1_321' title='bbox 377 5750 452 5821; x_wconf 88' lang='lat' dir='ltr'>alio</span> <span class='ocrx_word' id='word_1_322' title='bbox 464 5747 569 5817; x_wconf 81' lang='lat' dir='ltr'>fonte</span> <span class='ocrx_word' id='word_1_323' title='bbox 579 5736 733 5809; x_wconf 83' lang='lat' dir='ltr'>sumitur</span> <span class='ocrx_word' id='word_1_324' title='bbox 745 5734 934 5820; x_wconf 82' lang='lat' dir='ltr'>refutatio,</span> <span class='ocrx_word' id='word_1_325' title='bbox 954 5734 1123 5806; x_wconf 80' lang='lat' dir='ltr'>videlicet</span> <span class='ocrx_word' id='word_1_326' title='bbox 1137 5735 1184 5804; x_wconf 86' lang='lat' dir='ltr'>als</span> <span class='ocrx_word' id='word_1_327' title='bbox 1197 5756 1316 5805; x_wconf 81' lang='lat' dir='ltr'>exem·</span> 
     </span>
     <span class='ocr_line' id='line_1_51' title="bbox 323 5830 1316 5949; baseline -0.012 -33"><span class='ocrx_word' id='word_1_328' title='bbox 323 5854 383 5948; x_wconf 64' lang='lat' dir='ltr'>pta</span> <span class='ocrx_word' id='word_1_329' title='bbox 394 5863 545 5949; x_wconf 60' lang='lat' dir='ltr'>prtum</span> <span class='ocrx_word' id='word_1_330' title='bbox 565 5852 605 5912; x_wconf 91' lang='lat' dir='ltr'>et</span> <span class='ocrx_word' id='word_1_331' title='bbox 624 5835 913 5910; x_wconf 83' lang='lat' dir='ltr'>circumcisionis.</span> <span class='ocrx_word' id='word_1_332' title='bbox 963 5830 1058 5907; x_wconf 84' lang='lat' dir='ltr'>Sunt</span> <span class='ocrx_word' id='word_1_333' title='bbox 1078 5851 1197 5910; x_wconf 85' lang='lat' dir='ltr'>autem</span> <span class='ocrx_word' id='word_1_334' title='bbox 1220 5836 1316 5907; x_wconf 88' lang='lat' dir='ltr'>mul·</span> 
     </span>
    </p>
   </div>
   <div class='ocr_carea' id='block_1_15' title="bbox 1365 957 2428 3795">
    <p class='ocr_par' dir='ltr' id='par_1_15' title="bbox 1376 957 1930 1048">
     <span class='ocr_line' id='line_1_52' title="bbox 1376 957 1930 1048; baseline 0.002 -21"><span class='ocrx_word' id='word_1_335' title='bbox 1376 957 1571 1048; x_wconf 80' lang='lat' dir='ltr'>explicabo.</span> <span class='ocrx_word' id='word_1_336' title='bbox 1928 1029 1930 1036; x_wconf 83' lang='grc'>,</span> 
     </span>
    </p>

    <p class='ocr_par' dir='ltr' id='par_1_16' title="bbox 1368 1051 2395 2577">
     <span class='ocr_line' id='line_1_53' title="bbox 1480 1051 2368 1164; baseline -0.001 -38"><span class='ocrx_word' id='word_1_337' title='bbox 1480 1055 1598 1126; x_wconf 89' lang='lat' dir='ltr'>Prima</span> <span class='ocrx_word' id='word_1_338' title='bbox 1621 1051 1707 1126; x_wconf 89' lang='lat' dir='ltr'>haec</span> <span class='ocrx_word' id='word_1_339' title='bbox 1736 1071 1805 1130; x_wconf 84' lang='lat' dir='ltr'>est:</span> <span class='ocrx_word' id='word_1_340' title='bbox 1845 1055 2078 1132; x_wconf 89' lang='lat' dir='ltr'>Circumcisio</span> <span class='ocrx_word' id='word_1_341' title='bbox 2106 1073 2157 1132; x_wconf 90' lang='lat' dir='ltr'>est</span> <span class='ocrx_word' id='word_1_342' title='bbox 2185 1085 2275 1154; x_wconf 91' lang='lat' dir='ltr'>opus</span> <span class='ocrx_word' id='word_1_343' title='bbox 2302 1087 2368 1164; x_wconf 86' lang='lat' dir='ltr'>pa.</span> 
     </span>
     <span class='ocr_line' id='line_1_54' title="bbox 1375 1163 2395 1256; baseline 0.008 -26"><span class='ocrx_word' id='word_1_344' title='bbox 1375 1171 1491 1244; x_wconf 89' lang='lat' dir='ltr'>trum,</span> <span class='ocrx_word' id='word_1_345' title='bbox 1523 1171 1696 1230; x_wconf 85' lang='lat' dir='ltr'>ettamen</span> <span class='ocrx_word' id='word_1_346' title='bbox 1724 1175 1902 1242; x_wconf 85' lang='lat' dir='ltr'>servatur,</span> <span class='ocrx_word' id='word_1_347' title='bbox 1943 1185 2018 1233; x_wconf 92' lang='lat' dir='ltr'>non</span> <span class='ocrx_word' id='word_1_348' title='bbox 2042 1163 2205 1236; x_wconf 89' lang='lat' dir='ltr'>obstante</span> <span class='ocrx_word' id='word_1_349' title='bbox 2226 1163 2301 1256; x_wconf 74' lang='lat' dir='ltr'>lege</span> <span class='ocrx_word' id='word_1_350' title='bbox 2320 1167 2395 1238; x_wconf 87' lang='lat' dir='ltr'>de.</span> 
     </span>
     <span class='ocr_line' id='line_1_55' title="bbox 1375 1260 2365 1356; baseline 0.007 -25"><span class='ocrx_word' id='word_1_351' title='bbox 1375 1263 1542 1342; x_wconf 88' lang='lat' dir='ltr'>sabbato,</span> <span class='ocrx_word' id='word_1_352' title='bbox 1568 1281 1652 1348; x_wconf 78' lang='lat' dir='ltr'>ergo</span> <span class='ocrx_word' id='word_1_353' title='bbox 1668 1260 1723 1332; x_wconf 84' lang='lat' dir='ltr'>lex</span> <span class='ocrx_word' id='word_1_354' title='bbox 1742 1266 1787 1333; x_wconf 93' lang='lat' dir='ltr'>de</span> <span class='ocrx_word' id='word_1_355' title='bbox 1810 1265 1956 1335; x_wconf 89' lang='lat' dir='ltr'>sabbato</span> <span class='ocrx_word' id='word_1_356' title='bbox 1976 1289 2051 1336; x_wconf 92' lang='lat' dir='ltr'>non</span> <span class='ocrx_word' id='word_1_357' title='bbox 2076 1289 2222 1356; x_wconf 88' lang='lat' dir='ltr'>prorsus</span> <span class='ocrx_word' id='word_1_358' title='bbox 2242 1269 2365 1340; x_wconf 85' lang='lat' dir='ltr'>omnia</span> 
     </span>
     <span class='ocr_line' id='line_1_56' title="bbox 1374 1357 2362 1461; baseline 0.006 -29"><span class='ocrx_word' id='word_1_359' title='bbox 1374 1387 1481 1454; x_wconf 90' lang='lat' dir='ltr'>opera</span> <span class='ocrx_word' id='word_1_360' title='bbox 1505 1357 1682 1454; x_wconf 91' lang='lat' dir='ltr'>prohibet.</span> <span class='ocrx_word' id='word_1_361' title='bbox 1733 1362 1896 1438; x_wconf 89' lang='lat' dir='ltr'>Secunda</span> <span class='ocrx_word' id='word_1_362' title='bbox 1920 1369 2191 1461; x_wconf 87' lang='lat' dir='ltr'>consequentia,</span> <span class='ocrx_word' id='word_1_363' title='bbox 2218 1381 2362 1460; x_wconf 89' lang='lat' dir='ltr'>patrum</span> 
     </span>
     <span class='ocr_line' id='line_1_57' title="bbox 1372 1464 2363 1560; baseline 0.004 -24"><span class='ocrx_word' id='word_1_364' title='bbox 1372 1488 1463 1556; x_wconf 90' lang='lat' dir='ltr'>opus</span> <span class='ocrx_word' id='word_1_365' title='bbox 1477 1465 1673 1536; x_wconf 81' lang='lat' dir='ltr'>autefertur</span> <span class='ocrx_word' id='word_1_366' title='bbox 1685 1464 1751 1553; x_wconf 77' lang='lat' dir='ltr'>legi</span> <span class='ocrx_word' id='word_1_367' title='bbox 1767 1469 1811 1536; x_wconf 93' lang='lat' dir='ltr'>de</span> <span class='ocrx_word' id='word_1_368' title='bbox 1826 1466 1991 1550; x_wconf 87' lang='lat' dir='ltr'>sabbato,</span> <span class='ocrx_word' id='word_1_369' title='bbox 2017 1491 2099 1558; x_wconf 70' lang='lat' dir='ltr'>ergo</span> <span class='ocrx_word' id='word_1_370' title='bbox 2122 1471 2236 1540; x_wconf 86' lang='lat' dir='ltr'>multo</span> <span class='ocrx_word' id='word_1_371' title='bbox 2252 1472 2363 1560; x_wconf 74' lang='lat' dir='ltr'>magis</span> 
     </span>
     <span class='ocr_line' id='line_1_58' title="bbox 1373 1565 2362 1666; baseline 0.01 -32"><span class='ocrx_word' id='word_1_372' title='bbox 1373 1589 1491 1636; x_wconf 90' lang='lat' dir='ltr'>meum</span> <span class='ocrx_word' id='word_1_373' title='bbox 1508 1591 1597 1658; x_wconf 91' lang='lat' dir='ltr'>opus</span> <span class='ocrx_word' id='word_1_374' title='bbox 1611 1565 1878 1639; x_wconf 77' lang='lat' dir='ltr'>anteferendum</span> <span class='ocrx_word' id='word_1_375' title='bbox 1895 1583 1966 1656; x_wconf 88' lang='lat' dir='ltr'>est,</span> <span class='ocrx_word' id='word_1_376' title='bbox 1992 1573 2075 1662; x_wconf 89' lang='lat' dir='ltr'>quia</span> <span class='ocrx_word' id='word_1_377' title='bbox 2092 1569 2241 1642; x_wconf 87' lang='lat' dir='ltr'>Messias</span> <span class='ocrx_word' id='word_1_378' title='bbox 2257 1595 2362 1666; x_wconf 85' lang='lat' dir='ltr'>prae—</span> 
     </span>
     <span class='ocr_line' id='line_1_59' title="bbox 1371 1667 2365 1766; baseline 0.006 -26"><span class='ocrx_word' id='word_1_379' title='bbox 1371 1669 1524 1740; x_wconf 86' lang='lat' dir='ltr'>stantior</span> <span class='ocrx_word' id='word_1_380' title='bbox 1546 1681 1598 1740; x_wconf 86' lang='lat' dir='ltr'>est</span> <span class='ocrx_word' id='word_1_381' title='bbox 1622 1669 1800 1757; x_wconf 91' lang='lat' dir='ltr'>patribus,</span> <span class='ocrx_word' id='word_1_382' title='bbox 1827 1683 1971 1763; x_wconf 91' lang='lat' dir='ltr'>etopus</span> <span class='ocrx_word' id='word_1_383' title='bbox 1993 1671 2163 1754; x_wconf 80' lang='lat' dir='ltr'>Messias,</span> <span class='ocrx_word' id='word_1_384' title='bbox 2190 1675 2286 1766; x_wconf 91' lang='lat' dir='ltr'>quod</span> <span class='ocrx_word' id='word_1_385' title='bbox 2310 1667 2365 1748; x_wconf 80' lang='lat' dir='ltr'>est&#39;</span> 
     </span>
     <span class='ocr_line' id='line_1_60' title="bbox 1372 1769 2360 1856; baseline 0.006 -17"><span class='ocrx_word' id='word_1_386' title='bbox 1372 1793 1447 1841; x_wconf 94' lang='lat' dir='ltr'>non</span> <span class='ocrx_word' id='word_1_387' title='bbox 1462 1769 1577 1842; x_wconf 90' lang='lat' dir='ltr'>solum</span> <span class='ocrx_word' id='word_1_388' title='bbox 1593 1769 1742 1856; x_wconf 90' lang='lat' dir='ltr'>sanatio,</span> <span class='ocrx_word' id='word_1_389' title='bbox 1769 1775 1828 1842; x_wconf 90' lang='lat' dir='ltr'>sed</span> <span class='ocrx_word' id='word_1_390' title='bbox 1847 1772 1953 1843; x_wconf 91' lang='lat' dir='ltr'>simul</span> <span class='ocrx_word' id='word_1_391' title='bbox 1973 1775 2120 1844; x_wconf 90' lang='lat' dir='ltr'>donatio</span> <span class='ocrx_word' id='word_1_392' title='bbox 2136 1775 2230 1846; x_wconf 87' lang='lat' dir='ltr'>vitae</span> <span class='ocrx_word' id='word_1_393' title='bbox 2246 1791 2360 1848; x_wconf 88' lang='lat' dir='ltr'>aeter-</span> 
     </span>
     <span class='ocr_line' id='line_1_61' title="bbox 1370 1873 2360 1967; baseline 0.007 -25"><span class='ocrx_word' id='word_1_394' title='bbox 1370 1895 1436 1942; x_wconf 87' lang='lat' dir='ltr'>nae</span> <span class='ocrx_word' id='word_1_395' title='bbox 1459 1885 1512 1944; x_wconf 86' lang='lat' dir='ltr'>est</span> <span class='ocrx_word' id='word_1_396' title='bbox 1531 1873 1782 1964; x_wconf 86' lang='lat' dir='ltr'>praestantius,</span> <span class='ocrx_word' id='word_1_397' title='bbox 1817 1877 2175 1967; x_wconf 76' lang='lat' dir='ltr'>quamcircumcisio.</span> <span class='ocrx_word' id='word_1_398' title='bbox 2236 1876 2360 1949; x_wconf 81' lang='lat' dir='ltr'>Tertia</span> 
     </span>
     <span class='ocr_line' id='line_1_62' title="bbox 1370 1969 2360 2069; baseline 0.004 -25"><span class='ocrx_word' id='word_1_399' title='bbox 1370 1969 1457 2044; x_wconf 88' lang='lat' dir='ltr'>haec</span> <span class='ocrx_word' id='word_1_400' title='bbox 1472 1987 1539 2045; x_wconf 88' lang='lat' dir='ltr'>est:</span> <span class='ocrx_word' id='word_1_401' title='bbox 1564 1973 1638 2044; x_wconf 82' lang='lat' dir='ltr'>Les</span> <span class='ocrx_word' id='word_1_402' title='bbox 1655 1973 1728 2064; x_wconf 87' lang='lat' dir='ltr'>ipsa</span> <span class='ocrx_word' id='word_1_403' title='bbox 1743 1977 1836 2066; x_wconf 80' lang='lat' dir='ltr'>cogit</span> <span class='ocrx_word' id='word_1_404' title='bbox 1848 1979 2020 2069; x_wconf 85' lang='lat' dir='ltr'>qrraedam</span> <span class='ocrx_word' id='word_1_405' title='bbox 2036 2001 2142 2068; x_wconf 89' lang='lat' dir='ltr'>opera</span> <span class='ocrx_word' id='word_1_406' title='bbox 2158 1977 2196 2046; x_wconf 90' lang='lat' dir='ltr'>in</span> <span class='ocrx_word' id='word_1_407' title='bbox 2212 1979 2360 2051; x_wconf 89' lang='lat' dir='ltr'>sabbato</span> 
     </span>
     <span class='ocr_line' id='line_1_63' title="bbox 1369 2075 2359 2166; baseline 0.005 -21"><span class='ocrx_word' id='word_1_408' title='bbox 1369 2077 1503 2156; x_wconf 83' lang='lat' dir='ltr'>lacere,</span> <span class='ocrx_word' id='word_1_409' title='bbox 1529 2089 1568 2146; x_wconf 92' lang='lat' dir='ltr'>ut</span> <span class='ocrx_word' id='word_1_410' title='bbox 1583 2075 1803 2146; x_wconf 85' lang='lat' dir='ltr'>circumcisio</span> <span class='ocrx_word' id='word_1_411' title='bbox 1817 2077 1976 2148; x_wconf 86' lang='lat' dir='ltr'>iacienda</span> <span class='ocrx_word' id='word_1_412' title='bbox 1991 2091 2043 2148; x_wconf 89' lang='lat' dir='ltr'>est</span> <span class='ocrx_word' id='word_1_413' title='bbox 2064 2079 2104 2147; x_wconf 90' lang='lat' dir='ltr'>in</span> <span class='ocrx_word' id='word_1_414' title='bbox 2119 2081 2287 2166; x_wconf 86' lang='lat' dir='ltr'>sabbato,</span> <span class='ocrx_word' id='word_1_415' title='bbox 2312 2103 2359 2150; x_wconf 90' lang='lat' dir='ltr'>ne</span> 
     </span>
     <span class='ocr_line' id='line_1_64' title="bbox 1370 2177 2359 2274; baseline 0.006 -27"><span class='ocrx_word' id='word_1_416' title='bbox 1370 2180 1423 2249; x_wconf 82' lang='lat' dir='ltr'>les</span> <span class='ocrx_word' id='word_1_417' title='bbox 1438 2178 1618 2262; x_wconf 89' lang='lat' dir='ltr'>solvatur,</span> <span class='ocrx_word' id='word_1_418' title='bbox 1643 2177 1824 2265; x_wconf 82' lang='lat' dir='ltr'>videlicet,</span> <span class='ocrx_word' id='word_1_419' title='bbox 1850 2203 1940 2272; x_wconf 87' lang='lat' dir='ltr'>quac</span> <span class='ocrx_word' id='word_1_420' title='bbox 1961 2181 2131 2274; x_wconf 86' lang='lat' dir='ltr'>praecipit</span> <span class='ocrx_word' id='word_1_421' title='bbox 2147 2183 2191 2250; x_wconf 93' lang='lat' dir='ltr'>de</span> <span class='ocrx_word' id='word_1_422' title='bbox 2206 2182 2359 2252; x_wconf 91' lang='lat' dir='ltr'>circum·</span> 
     </span>
     <span class='ocr_line' id='line_1_65' title="bbox 1369 2279 2356 2374; baseline 0.004 -26"><span class='ocrx_word' id='word_1_423' title='bbox 1369 2280 1520 2365; x_wconf 87' lang='lat' dir='ltr'>crsione,</span> <span class='ocrx_word' id='word_1_424' title='bbox 1545 2280 1595 2348; x_wconf 89' lang='lat' dir='ltr'>sic</span> <span class='ocrx_word' id='word_1_425' title='bbox 1621 2279 1676 2348; x_wconf 88' lang='lat' dir='ltr'>lex</span> <span class='ocrx_word' id='word_1_426' title='bbox 1696 2281 1739 2350; x_wconf 90' lang='lat' dir='ltr'>de</span> <span class='ocrx_word' id='word_1_427' title='bbox 1762 2283 1919 2352; x_wconf 91' lang='lat' dir='ltr'>sanando</span> <span class='ocrx_word' id='word_1_428' title='bbox 1942 2297 1976 2353; x_wconf 90' lang='lat' dir='ltr'>et</span> <span class='ocrx_word' id='word_1_429' title='bbox 1997 2283 2168 2354; x_wconf 89' lang='lat' dir='ltr'>salvando</span> <span class='ocrx_word' id='word_1_430' title='bbox 2193 2284 2356 2374; x_wconf 84' lang='lat' dir='ltr'>proximo</span> 
     </span>
     <span class='ocr_line' id='line_1_66' title="bbox 1369 2382 2358 2470; baseline 0.006 -20"><span class='ocrx_word' id='word_1_431' title='bbox 1369 2383 1530 2452; x_wconf 85' lang='lat' dir='ltr'>iacienda</span> <span class='ocrx_word' id='word_1_432' title='bbox 1554 2382 1658 2451; x_wconf 89' lang='lat' dir='ltr'>estin</span> <span class='ocrx_word' id='word_1_433' title='bbox 1677 2383 1843 2469; x_wconf 88' lang='lat' dir='ltr'>sabbato,</span> <span class='ocrx_word' id='word_1_434' title='bbox 1868 2407 1913 2453; x_wconf 94' lang='lat' dir='ltr'>ne</span> <span class='ocrx_word' id='word_1_435' title='bbox 1934 2383 1990 2454; x_wconf 81' lang='lat' dir='ltr'>lex</span> <span class='ocrx_word' id='word_1_436' title='bbox 2010 2384 2188 2470; x_wconf 89' lang='lat' dir='ltr'>solvatur,</span> <span class='ocrx_word' id='word_1_437' title='bbox 2214 2385 2358 2470; x_wconf 87' lang='lat' dir='ltr'>scilicet,</span> 
     </span>
     <span class='ocr_line' id='line_1_67' title="bbox 1368 2483 2144 2577; baseline 0.012 -24"><span class='ocrx_word' id='word_1_438' title='bbox 1368 2507 1459 2577; x_wconf 86' lang='lat' dir='ltr'>quae</span> <span class='ocrx_word' id='word_1_439' title='bbox 1473 2485 1575 2553; x_wconf 92' lang='lat' dir='ltr'>docet</span> <span class='ocrx_word' id='word_1_440' title='bbox 1592 2483 1705 2554; x_wconf 83' lang='lat' dir='ltr'>officia</span> <span class='ocrx_word' id='word_1_441' title='bbox 1721 2487 1915 2554; x_wconf 88' lang='lat' dir='ltr'>necessaria</span> <span class='ocrx_word' id='word_1_442' title='bbox 1932 2485 2144 2562; x_wconf 80' lang='lat' dir='ltr'>dilectionis.</span> 
     </span>
    </p>

    <p class='ocr_par' dir='ltr' id='par_1_17' title="bbox 1365 2581 2428 3795">
     <span class='ocr_line' id='line_1_68' title="bbox 1414 2581 2357 2677; baseline 0.003 -22"><span class='ocrx_word' id='word_1_443' title='bbox 1414 2605 1418 2612; x_wconf 88' lang='lat'><em>·</em></span> <span class='ocrx_word' id='word_1_444' title='bbox 1469 2581 1560 2655; x_wconf 92' lang='lat' dir='ltr'>Cum</span> <span class='ocrx_word' id='word_1_445' title='bbox 1582 2600 1801 2656; x_wconf 92' lang='lat' dir='ltr'>concurrunt</span> <span class='ocrx_word' id='word_1_446' title='bbox 1821 2589 1911 2656; x_wconf 91' lang='lat' dir='ltr'>duae</span> <span class='ocrx_word' id='word_1_447' title='bbox 1935 2589 2046 2677; x_wconf 78' lang='lat' dir='ltr'>leges,</span> <span class='ocrx_word' id='word_1_448' title='bbox 2071 2587 2179 2658; x_wconf 89' lang='lat' dir='ltr'>altera</span> <span class='ocrx_word' id='word_1_449' title='bbox 2194 2589 2238 2658; x_wconf 95' lang='lat' dir='ltr'>de</span> <span class='ocrx_word' id='word_1_450' title='bbox 2259 2611 2357 2658; x_wconf 90' lang='lat' dir='ltr'>cere-</span> 
     </span>
     <span class='ocr_line' id='line_1_69' title="bbox 1367 2686 2356 2774; baseline 0.005 -20"><span class='ocrx_word' id='word_1_451' title='bbox 1367 2686 1508 2771; x_wconf 90' lang='lat' dir='ltr'>monia,</span> <span class='ocrx_word' id='word_1_452' title='bbox 1529 2687 1638 2756; x_wconf 87' lang='lat' dir='ltr'>altera</span> <span class='ocrx_word' id='word_1_453' title='bbox 1654 2689 1699 2756; x_wconf 90' lang='lat' dir='ltr'>de</span> <span class='ocrx_word' id='word_1_454' title='bbox 1712 2689 1908 2758; x_wconf 85' lang='lat' dir='ltr'>necessario</span> <span class='ocrx_word' id='word_1_455' title='bbox 1924 2690 2041 2762; x_wconf 87' lang='lat' dir='ltr'>olficio</span> <span class='ocrx_word' id='word_1_456' title='bbox 2056 2689 2273 2774; x_wconf 90' lang='lat' dir='ltr'>dilectionis,</span> <span class='ocrx_word' id='word_1_457' title='bbox 2300 2713 2356 2759; x_wconf 83' lang='lat' dir='ltr'>ce·</span> 
     </span>
     <span class='ocr_line' id='line_1_70' title="bbox 1367 2788 2406 2874; baseline 0.005 -17"><span class='ocrx_word' id='word_1_458' title='bbox 1367 2788 1422 2858; x_wconf 90' lang='lat' dir='ltr'>dit</span> <span class='ocrx_word' id='word_1_459' title='bbox 1443 2789 1642 2858; x_wconf 88' lang='lat' dir='ltr'>ceremonia</span> <span class='ocrx_word' id='word_1_460' title='bbox 1671 2790 1871 2874; x_wconf 90' lang='lat' dir='ltr'>dilectioni,</span> <span class='ocrx_word' id='word_1_461' title='bbox 1903 2806 2000 2862; x_wconf 77' lang='lat' dir='ltr'>entra</span> <span class='ocrx_word' id='word_1_462' title='bbox 2023 2815 2141 2862; x_wconf 89' lang='lat' dir='ltr'>casum</span> <span class='ocrx_word' id='word_1_463' title='bbox 2165 2791 2358 2862; x_wconf 87' lang='lat' dir='ltr'>consessio·</span> <span class='ocrx_word' id='word_1_464' title='bbox 2401 2835 2406 2840; x_wconf 94' lang='lat'>·</span> 
     </span>
     <span class='ocr_line' id='line_1_71' title="bbox 1367 2887 2428 2991; baseline 0.003 -33"><span class='ocrx_word' id='word_1_465' title='bbox 1367 2890 1434 2959; x_wconf 88' lang='lat' dir='ltr'>uis.</span> <span class='ocrx_word' id='word_1_466' title='bbox 1469 2887 1571 2960; x_wconf 88' lang='lat' dir='ltr'>Hanc</span> <span class='ocrx_word' id='word_1_467' title='bbox 1589 2891 1744 2979; x_wconf 84' lang='lat' dir='ltr'>regulam</span> <span class='ocrx_word' id='word_1_468' title='bbox 1761 2894 1906 2962; x_wconf 90' lang='lat' dir='ltr'>tradunt</span> <span class='ocrx_word' id='word_1_469' title='bbox 1924 2887 2139 2991; x_wconf 87' lang='lat' dir='ltr'>Prophetae,</span> <span class='ocrx_word' id='word_1_470' title='bbox 2165 2907 2200 2964; x_wconf 89' lang='lat' dir='ltr'>et</span> <span class='ocrx_word' id='word_1_471' title='bbox 2214 2894 2355 2964; x_wconf 86' lang='lat' dir='ltr'>dicunt:</span> <span class='ocrx_word' id='word_1_472' title='bbox 2416 2891 2428 2902; x_wconf 85' lang='lat'>&#39;</span> 
     </span>
     <span class='ocr_line' id='line_1_72' title="bbox 1369 2990 2355 3079; baseline 0.002 -18"><span class='ocrx_word' id='word_1_473' title='bbox 1369 2990 1654 3061; x_wconf 86' lang='lat' dir='ltr'>Misericordiam</span> <span class='ocrx_word' id='word_1_474' title='bbox 1673 2995 1775 3079; x_wconf 92' lang='lat' dir='ltr'>volo,</span> <span class='ocrx_word' id='word_1_475' title='bbox 1802 3018 1876 3064; x_wconf 92' lang='lat' dir='ltr'>uon</span> <span class='ocrx_word' id='word_1_476' title='bbox 1891 2995 2110 3065; x_wconf 87' lang='lat' dir='ltr'>sacrificium.</span> <span class='ocrx_word' id='word_1_477' title='bbox 2147 2996 2239 3066; x_wconf 84' lang='lat' dir='ltr'>Cum</span> <span class='ocrx_word' id='word_1_478' title='bbox 2255 3017 2355 3064; x_wconf 82' lang='lat' dir='ltr'>erer-</span> 
     </span>
     <span class='ocr_line' id='line_1_73' title="bbox 1367 3089 2356 3181; baseline 0.003 -17"><span class='ocrx_word' id='word_1_479' title='bbox 1367 3092 1457 3164; x_wconf 90' lang='lat' dir='ltr'>citus</span> <span class='ocrx_word' id='word_1_480' title='bbox 1472 3089 1643 3164; x_wconf 88' lang='lat' dir='ltr'>Antiochi</span> <span class='ocrx_word' id='word_1_481' title='bbox 1661 3095 1698 3162; x_wconf 90' lang='lat' dir='ltr'>in</span> <span class='ocrx_word' id='word_1_482' title='bbox 1715 3097 1861 3166; x_wconf 88' lang='lat' dir='ltr'>sabbato</span> <span class='ocrx_word' id='word_1_483' title='bbox 1887 3097 2070 3168; x_wconf 90' lang='lat' dir='ltr'>invaderet</span> <span class='ocrx_word' id='word_1_484' title='bbox 2087 3095 2254 3181; x_wconf 89' lang='lat' dir='ltr'>ludaeos,</span> <span class='ocrx_word' id='word_1_485' title='bbox 2280 3111 2356 3167; x_wconf 88' lang='lat' dir='ltr'>erat</span> 
     </span>
     <span class='ocr_line' id='line_1_74' title="bbox 1368 3195 2354 3271; baseline 0.002 -7"><span class='ocrx_word' id='word_1_486' title='bbox 1368 3196 1523 3264; x_wconf 84' lang='lat' dir='ltr'>olficiurn</span> <span class='ocrx_word' id='word_1_487' title='bbox 1545 3195 1760 3265; x_wconf 83' lang='lat' dir='ltr'>defensionis</span> <span class='ocrx_word' id='word_1_488' title='bbox 1783 3199 2032 3271; x_wconf 84' lang='lat' dir='ltr'>necessarium.</span> <span class='ocrx_word' id='word_1_489' title='bbox 2085 3197 2170 3268; x_wconf 90' lang='lat' dir='ltr'>ldeo</span> <span class='ocrx_word' id='word_1_490' title='bbox 2193 3212 2285 3268; x_wconf 89' lang='lat' dir='ltr'>recte</span> <span class='ocrx_word' id='word_1_491' title='bbox 2301 3197 2354 3266; x_wconf 85' lang='lat' dir='ltr'>fe-</span> 
     </span>
     <span class='ocr_line' id='line_1_75' title="bbox 1367 3295 2353 3386; baseline 0.004 -22"><span class='ocrx_word' id='word_1_492' title='bbox 1367 3297 1415 3368; x_wconf 89' lang='lat' dir='ltr'>cit</span> <span class='ocrx_word' id='word_1_493' title='bbox 1432 3295 1680 3380; x_wconf 79' lang='lat' dir='ltr'>Maccabamu,</span> <span class='ocrx_word' id='word_1_494' title='bbox 1710 3323 1790 3366; x_wconf 89' lang='lat' dir='ltr'>cum</span> <span class='ocrx_word' id='word_1_495' title='bbox 1807 3299 1922 3366; x_wconf 84' lang='lat' dir='ltr'>codic</span> <span class='ocrx_word' id='word_1_496' title='bbox 1941 3299 2104 3386; x_wconf 87' lang='lat' dir='ltr'>repressit</span> <span class='ocrx_word' id='word_1_497' title='bbox 2121 3295 2248 3372; x_wconf 88' lang='lat' dir='ltr'>hostes.</span> <span class='ocrx_word' id='word_1_498' title='bbox 2282 3297 2353 3368; x_wconf 89' lang='lat' dir='ltr'>Sed</span> 
     </span>
     <span class='ocr_line' id='line_1_76' title="bbox 1368 3398 2356 3492; baseline 0.003 -26"><span class='ocrx_word' id='word_1_499' title='bbox 1368 3398 1406 3466; x_wconf 92' lang='lat' dir='ltr'>in</span> <span class='ocrx_word' id='word_1_500' title='bbox 1447 3419 1530 3467; x_wconf 90' lang='lat' dir='ltr'>casu</span> <span class='ocrx_word' id='word_1_501' title='bbox 1559 3398 1791 3468; x_wconf 87' lang='lat' dir='ltr'>consessionis</span> <span class='ocrx_word' id='word_1_502' title='bbox 1826 3401 2021 3492; x_wconf 82' lang='lat' dir='ltr'>praelector</span> <span class='ocrx_word' id='word_1_503' title='bbox 2051 3400 2232 3470; x_wconf 87' lang='lat' dir='ltr'>dilectioni</span> <span class='ocrx_word' id='word_1_504' title='bbox 2258 3424 2356 3469; x_wconf 85' lang='lat' dir='ltr'>cere·</span> 
     </span>
     <span class='ocr_line' id='line_1_77' title="bbox 1366 3500 2355 3594; baseline 0.001 -25"><span class='ocrx_word' id='word_1_505' title='bbox 1366 3500 1503 3570; x_wconf 87' lang='lat' dir='ltr'>monia:</span> <span class='ocrx_word' id='word_1_506' title='bbox 1529 3512 1569 3569; x_wconf 92' lang='lat' dir='ltr'>nt</span> <span class='ocrx_word' id='word_1_507' title='bbox 1594 3500 1710 3590; x_wconf 90' lang='lat' dir='ltr'>potius</span> <span class='ocrx_word' id='word_1_508' title='bbox 1733 3504 1837 3573; x_wconf 89' lang='lat' dir='ltr'>debet</span> <span class='ocrx_word' id='word_1_509' title='bbox 1860 3500 2049 3574; x_wconf 83' lang='lat' dir='ltr'>Eleazarus</span> <span class='ocrx_word' id='word_1_510' title='bbox 2070 3518 2218 3575; x_wconf 90' lang='lat' dir='ltr'>mortem</span> <span class='ocrx_word' id='word_1_511' title='bbox 2245 3526 2355 3594; x_wconf 90' lang='lat' dir='ltr'>oppe-</span> 
     </span>
     <span class='ocr_line' id='line_1_78' title="bbox 1367 3598 2355 3694; baseline 0.003 -22"><span class='ocrx_word' id='word_1_512' title='bbox 1367 3615 1459 3687; x_wconf 88' lang='lat' dir='ltr'>tere,</span> <span class='ocrx_word' id='word_1_513' title='bbox 1485 3626 1592 3694; x_wconf 90' lang='lat' dir='ltr'>quam</span> <span class='ocrx_word' id='word_1_514' title='bbox 1609 3605 1702 3672; x_wconf 90' lang='lat' dir='ltr'>vesci</span> <span class='ocrx_word' id='word_1_515' title='bbox 1716 3628 1821 3676; x_wconf 88' lang='lat' dir='ltr'>carne</span> <span class='ocrx_word' id='word_1_516' title='bbox 1835 3606 1961 3690; x_wconf 89' lang='lat' dir='ltr'>suilla,</span> <span class='ocrx_word' id='word_1_517' title='bbox 1988 3620 2085 3691; x_wconf 92' lang='lat' dir='ltr'>tunc,</span> <span class='ocrx_word' id='word_1_518' title='bbox 2110 3629 2190 3675; x_wconf 91' lang='lat' dir='ltr'>cum</span> <span class='ocrx_word' id='word_1_519' title='bbox 2205 3598 2355 3675; x_wconf 83' lang='lat' dir='ltr'>Ethnici</span> 
     </span>
     <span class='ocr_line' id='line_1_79' title="bbox 1365 3704 2355 3795; baseline 0.003 -23"><span class='ocrx_word' id='word_1_520' title='bbox 1365 3705 1449 3774; x_wconf 88' lang='lat' dir='ltr'>ideo</span> <span class='ocrx_word' id='word_1_521' title='bbox 1487 3704 1685 3795; x_wconf 87' lang='lat' dir='ltr'>postulant,</span> <span class='ocrx_word' id='word_1_522' title='bbox 1734 3720 1775 3777; x_wconf 92' lang='lat' dir='ltr'>ut</span> <span class='ocrx_word' id='word_1_523' title='bbox 1810 3723 1989 3792; x_wconf 87' lang='lat' dir='ltr'>vescatur,</span> <span class='ocrx_word' id='word_1_524' title='bbox 2037 3721 2077 3777; x_wconf 93' lang='lat' dir='ltr'>ut</span> <span class='ocrx_word' id='word_1_525' title='bbox 2112 3706 2355 3780; x_wconf 89' lang='lat' dir='ltr'>testimonium</span> 
     </span>
    </p>
   </div>
   <div class='ocr_carea' id='block_1_16' title="bbox 1367 3806 2485 3895">
    <p class='ocr_par' dir='ltr' id='par_1_18' title="bbox 1367 3806 2485 3895">
     <span class='ocr_line' id='line_1_80' title="bbox 1367 3806 2485 3895; baseline 0.001 -20"><span class='ocrx_word' id='word_1_526' title='bbox 1367 3809 1548 3890; x_wconf 88' lang='lat' dir='ltr'>ostendat,</span> <span class='ocrx_word' id='word_1_527' title='bbox 1579 3828 1615 3874; x_wconf 89' lang='lat' dir='ltr'>se</span> <span class='ocrx_word' id='word_1_528' title='bbox 1638 3807 1748 3894; x_wconf 80' lang='lat' dir='ltr'>legem</span> <span class='ocrx_word' id='word_1_529' title='bbox 1773 3806 1840 3877; x_wconf 89' lang='lat' dir='ltr'>Dei</span> <span class='ocrx_word' id='word_1_530' title='bbox 1863 3810 2032 3895; x_wconf 87' lang='lat' dir='ltr'>abiicere,</span> <span class='ocrx_word' id='word_1_531' title='bbox 2074 3822 2108 3878; x_wconf 90' lang='lat' dir='ltr'>et</span> <span class='ocrx_word' id='word_1_532' title='bbox 2128 3822 2355 3879; x_wconf 87' lang='lat' dir='ltr'>contemnere</span> <span class='ocrx_word' id='word_1_533' title='bbox 2483 3810 2485 3815; x_wconf 85' lang='grc'><strong>’</strong></span> 
     </span>
    </p>
   </div>
   <div class='ocr_carea' id='block_1_17' title="bbox 1366 3902 2375 5823">
    <p class='ocr_par' dir='ltr' id='par_1_19' title="bbox 1366 3902 1890 3997">
     <span class='ocr_line' id='line_1_81' title="bbox 1366 3902 1890 3997; baseline 0.002 -19"><span class='ocrx_word' id='word_1_534' title='bbox 1366 3906 1482 3979; x_wconf 88' lang='lat' dir='ltr'>Deum</span> <span class='ocrx_word' id='word_1_535' title='bbox 1500 3902 1607 3976; x_wconf 89' lang='lat' dir='ltr'>buius</span> <span class='ocrx_word' id='word_1_536' title='bbox 1621 3906 1707 3997; x_wconf 80' lang='lat' dir='ltr'>legis</span> <span class='ocrx_word' id='word_1_537' title='bbox 1721 3924 1890 3979; x_wconf 88' lang='lat' dir='ltr'>autorem.</span> 
     </span>
    </p>

    <p class='ocr_par' dir='ltr' id='par_1_20' title="bbox 1366 4003 2375 5823">
     <span class='ocr_line' id='line_1_82' title="bbox 1468 4003 2356 4102; baseline 0.002 -23"><span class='ocrx_word' id='word_1_538' title='bbox 1468 4006 1539 4079; x_wconf 90' lang='lat' dir='ltr'>Sed</span> <span class='ocrx_word' id='word_1_539' title='bbox 1555 4003 1641 4079; x_wconf 90' lang='lat' dir='ltr'>haec</span> <span class='ocrx_word' id='word_1_540' title='bbox 1656 4011 1848 4100; x_wconf 89' lang='lat' dir='ltr'>disputatio</span> <span class='ocrx_word' id='word_1_541' title='bbox 1872 4014 1917 4079; x_wconf 89' lang='lat' dir='ltr'>de</span> <span class='ocrx_word' id='word_1_542' title='bbox 1938 4012 2084 4081; x_wconf 87' lang='lat' dir='ltr'>sabbato</span> <span class='ocrx_word' id='word_1_543' title='bbox 2106 4033 2210 4102; x_wconf 91' lang='lat' dir='ltr'>supra</span> <span class='ocrx_word' id='word_1_544' title='bbox 2232 4011 2356 4102; x_wconf 91' lang='lat' dir='ltr'>copio-</span> 
     </span>
     <span class='ocr_line' id='line_1_83' title="bbox 1366 4110 2355 4205; baseline -0.001 -24"><span class='ocrx_word' id='word_1_545' title='bbox 1366 4110 1441 4181; x_wconf 89' lang='lat' dir='ltr'>sius</span> <span class='ocrx_word' id='word_1_546' title='bbox 1465 4121 1611 4182; x_wconf 87' lang='lat' dir='ltr'>tractata</span> <span class='ocrx_word' id='word_1_547' title='bbox 1635 4125 1705 4193; x_wconf 86' lang='lat' dir='ltr'>est,</span> <span class='ocrx_word' id='word_1_548' title='bbox 1738 4112 1881 4205; x_wconf 88' lang='lat' dir='ltr'>etquid</span> <span class='ocrx_word' id='word_1_549' title='bbox 1904 4128 1980 4202; x_wconf 90' lang='lat' dir='ltr'>post</span> <span class='ocrx_word' id='word_1_550' title='bbox 2006 4114 2167 4183; x_wconf 86' lang='lat' dir='ltr'>reiectam</span> <span class='ocrx_word' id='word_1_551' title='bbox 2191 4112 2355 4205; x_wconf 91' lang='lat' dir='ltr'>politiam</span> 
     </span>
     <span class='ocr_line' id='line_1_84' title="bbox 1367 4211 2355 4299; baseline 0.002 -17"><span class='ocrx_word' id='word_1_552' title='bbox 1367 4211 1583 4299; x_wconf 89' lang='lat' dir='ltr'>Mosaicam,</span> <span class='ocrx_word' id='word_1_553' title='bbox 1621 4226 1656 4285; x_wconf 89' lang='lat' dir='ltr'>et</span> <span class='ocrx_word' id='word_1_554' title='bbox 1680 4214 1825 4283; x_wconf 89' lang='lat' dir='ltr'>reiectos</span> <span class='ocrx_word' id='word_1_555' title='bbox 1855 4216 1971 4284; x_wconf 87' lang='lat' dir='ltr'>cultus</span> <span class='ocrx_word' id='word_1_556' title='bbox 1992 4212 2172 4285; x_wconf 88' lang='lat' dir='ltr'>Leviticos</span> <span class='ocrx_word' id='word_1_557' title='bbox 2198 4215 2355 4285; x_wconf 87' lang='lat' dir='ltr'>sentien-</span> 
     </span>
     <span class='ocr_line' id='line_1_85' title="bbox 1366 4312 2375 4409; baseline 0.003 -26"><span class='ocrx_word' id='word_1_558' title='bbox 1366 4317 1453 4383; x_wconf 90' lang='lat' dir='ltr'>dum</span> <span class='ocrx_word' id='word_1_559' title='bbox 1471 4314 1516 4385; x_wconf 89' lang='lat' dir='ltr'>sit</span> <span class='ocrx_word' id='word_1_560' title='bbox 1531 4316 1575 4383; x_wconf 91' lang='lat' dir='ltr'>de</span> <span class='ocrx_word' id='word_1_561' title='bbox 1591 4316 1756 4400; x_wconf 87' lang='lat' dir='ltr'>sabbato,</span> <span class='ocrx_word' id='word_1_562' title='bbox 1782 4329 1929 4386; x_wconf 88' lang='lat' dir='ltr'>constat.</span> <span class='ocrx_word' id='word_1_563' title='bbox 1984 4312 2109 4386; x_wconf 86' lang='lat' dir='ltr'>Genus</span> <span class='ocrx_word' id='word_1_564' title='bbox 2131 4316 2228 4387; x_wconf 90' lang='lat' dir='ltr'>tertii</span> <span class='ocrx_word' id='word_1_565' title='bbox 2249 4338 2375 4409; x_wconf 30' lang='lat' dir='ltr'>prae·-</span> 
     </span>
     <span class='ocr_line' id='line_1_86' title="bbox 1368 4415 2355 4505; baseline 0 -20"><span class='ocrx_word' id='word_1_566' title='bbox 1368 4415 1459 4505; x_wconf 93' lang='lat' dir='ltr'>cepti</span> <span class='ocrx_word' id='word_1_567' title='bbox 1476 4416 1629 4485; x_wconf 86' lang='lat' dir='ltr'>retinere</span> <span class='ocrx_word' id='word_1_568' title='bbox 1642 4418 1828 4497; x_wconf 90' lang='lat' dir='ltr'>debemus,</span> <span class='ocrx_word' id='word_1_569' title='bbox 1856 4418 2036 4497; x_wconf 90' lang='lat' dir='ltr'>videlicet,</span> <span class='ocrx_word' id='word_1_570' title='bbox 2063 4431 2102 4487; x_wconf 91' lang='lat' dir='ltr'>ut</span> <span class='ocrx_word' id='word_1_571' title='bbox 2117 4416 2355 4486; x_wconf 91' lang='lat' dir='ltr'>ministerium</span> 
     </span>
     <span class='ocr_line' id='line_1_87' title="bbox 1369 4517 2355 4609; baseline 0.004 -23"><span class='ocrx_word' id='word_1_572' title='bbox 1369 4517 1552 4607; x_wconf 90' lang='lat' dir='ltr'>publicum</span> <span class='ocrx_word' id='word_1_573' title='bbox 1590 4533 1837 4603; x_wconf 89' lang='lat' dir='ltr'>conservetur,</span> <span class='ocrx_word' id='word_1_574' title='bbox 1886 4520 1972 4587; x_wconf 88' lang='lat' dir='ltr'>liant</span> <span class='ocrx_word' id='word_1_575' title='bbox 1998 4540 2204 4607; x_wconf 78' lang='lat' dir='ltr'>congressus</span> <span class='ocrx_word' id='word_1_576' title='bbox 2233 4517 2355 4609; x_wconf 90' lang='lat' dir='ltr'>aliquo</span> 
     </span>
     <span class='ocr_line' id='line_1_88' title="bbox 1369 4618 2357 4713; baseline 0 -24"><span class='ocrx_word' id='word_1_577' title='bbox 1369 4634 1548 4709; x_wconf 86' lang='lat' dir='ltr'>tempore,</span> <span class='ocrx_word' id='word_1_578' title='bbox 1598 4618 1686 4689; x_wconf 87' lang='lat' dir='ltr'>sicut</span> <span class='ocrx_word' id='word_1_579' title='bbox 1715 4618 1848 4690; x_wconf 88' lang='lat' dir='ltr'>Paulus</span> <span class='ocrx_word' id='word_1_580' title='bbox 1884 4620 2017 4713; x_wconf 90' lang='lat' dir='ltr'>inquit:</span> <span class='ocrx_word' id='word_1_581' title='bbox 2065 4618 2357 4713; x_wconf 83' lang='lat' dir='ltr'>Quotiescunque</span> 
     </span>
     <span class='ocr_line' id='line_1_89' title="bbox 1368 4716 2355 4795; baseline 0.006 -8"><span class='ocrx_word' id='word_1_582' title='bbox 1368 4721 1617 4795; x_wconf 87' lang='lat' dir='ltr'>conveneritis.</span> <span class='ocrx_word' id='word_1_583' title='bbox 1674 4716 1752 4793; x_wconf 83' lang='lat' dir='ltr'>Etsi</span> <span class='ocrx_word' id='word_1_584' title='bbox 1779 4722 1873 4790; x_wconf 90' lang='lat' dir='ltr'>enim</span> <span class='ocrx_word' id='word_1_585' title='bbox 1896 4720 2052 4791; x_wconf 80' lang='lat' dir='ltr'>Ecclesia</span> <span class='ocrx_word' id='word_1_586' title='bbox 2088 4720 2271 4791; x_wconf 84' lang='lat' dir='ltr'>dissimilis</span> <span class='ocrx_word' id='word_1_587' title='bbox 2305 4734 2355 4793; x_wconf 86' lang='lat' dir='ltr'>est</span> 
     </span>
     <span class='ocr_line' id='line_1_90' title="bbox 1370 4820 2357 4910; baseline 0.003 -21"><span class='ocrx_word' id='word_1_588' title='bbox 1370 4821 1549 4909; x_wconf 88' lang='lat' dir='ltr'>imperiis,</span> <span class='ocrx_word' id='word_1_589' title='bbox 1590 4837 1708 4893; x_wconf 90' lang='lat' dir='ltr'>tamen</span> <span class='ocrx_word' id='word_1_590' title='bbox 1729 4820 1826 4891; x_wconf 88' lang='lat' dir='ltr'>Deus</span> <span class='ocrx_word' id='word_1_591' title='bbox 1847 4846 1920 4893; x_wconf 91' lang='lat' dir='ltr'>non</span> <span class='ocrx_word' id='word_1_592' title='bbox 1943 4823 2020 4890; x_wconf 90' lang='lat' dir='ltr'>vult</span> <span class='ocrx_word' id='word_1_593' title='bbox 2044 4844 2120 4891; x_wconf 88' lang='lat' dir='ltr'>earn</span> <span class='ocrx_word' id='word_1_594' title='bbox 2143 4823 2298 4910; x_wconf 82' lang='lat' dir='ltr'>ignotam</span> <span class='ocrx_word' id='word_1_595' title='bbox 2323 4837 2357 4893; x_wconf 89' lang='lat' dir='ltr'>et</span> 
     </span>
     <span class='ocr_line' id='line_1_91' title="bbox 1370 4921 2356 5004; baseline 0 -13"><span class='ocrx_word' id='word_1_596' title='bbox 1370 4921 1526 4991; x_wconf 87' lang='lat' dir='ltr'>abditam</span> <span class='ocrx_word' id='word_1_597' title='bbox 1542 4946 1615 4993; x_wconf 87' lang='lat' dir='ltr'>esse</span> <span class='ocrx_word' id='word_1_598' title='bbox 1631 4925 1669 4991; x_wconf 93' lang='lat' dir='ltr'>in</span> <span class='ocrx_word' id='word_1_599' title='bbox 1684 4922 1847 5004; x_wconf 83' lang='lat' dir='ltr'>latebris,</span> <span class='ocrx_word' id='word_1_600' title='bbox 1874 4926 1932 4993; x_wconf 90' lang='lat' dir='ltr'>sed</span> <span class='ocrx_word' id='word_1_601' title='bbox 1957 4937 1995 4993; x_wconf 91' lang='lat' dir='ltr'>ut</span> <span class='ocrx_word' id='word_1_602' title='bbox 2010 4924 2206 4992; x_wconf 89' lang='lat' dir='ltr'>innotescat</span> <span class='ocrx_word' id='word_1_603' title='bbox 2223 4924 2356 4995; x_wconf 89' lang='lat' dir='ltr'>doctri-</span> 
     </span>
     <span class='ocr_line' id='line_1_92' title="bbox 1370 5020 2356 5109; baseline 0.002 -18"><span class='ocrx_word' id='word_1_604' title='bbox 1370 5048 1436 5103; x_wconf 87' lang='lat' dir='ltr'>na,</span> <span class='ocrx_word' id='word_1_605' title='bbox 1470 5039 1505 5095; x_wconf 83' lang='lat' dir='ltr'>et</span> <span class='ocrx_word' id='word_1_606' title='bbox 1527 5024 1597 5096; x_wconf 83' lang='lat' dir='ltr'>late</span> <span class='ocrx_word' id='word_1_607' title='bbox 1623 5026 1822 5096; x_wconf 88' lang='lat' dir='ltr'>celebretur</span> <span class='ocrx_word' id='word_1_608' title='bbox 1851 5049 1982 5095; x_wconf 87' lang='lat' dir='ltr'>nomen</span> <span class='ocrx_word' id='word_1_609' title='bbox 1997 5020 2150 5109; x_wconf 89' lang='lat' dir='ltr'>Christi,</span> <span class='ocrx_word' id='word_1_610' title='bbox 2183 5024 2262 5094; x_wconf 86' lang='lat' dir='ltr'>vult</span> <span class='ocrx_word' id='word_1_611' title='bbox 2282 5046 2356 5093; x_wconf 86' lang='lat' dir='ltr'>esse</span> 
     </span>
     <span class='ocr_line' id='line_1_93' title="bbox 1369 5120 2356 5217; baseline -0.002 -23"><span class='ocrx_word' id='word_1_612' title='bbox 1369 5120 1537 5196; x_wconf 87' lang='lat' dir='ltr'>honestos</span> <span class='ocrx_word' id='word_1_613' title='bbox 1556 5140 1590 5195; x_wconf 92' lang='lat' dir='ltr'>et</span> <span class='ocrx_word' id='word_1_614' title='bbox 1611 5127 1774 5216; x_wconf 89' lang='lat' dir='ltr'>publicos</span> <span class='ocrx_word' id='word_1_615' title='bbox 1796 5148 2023 5216; x_wconf 78' lang='lat' dir='ltr'>congressus,</span> <span class='ocrx_word' id='word_1_616' title='bbox 2057 5127 2093 5193; x_wconf 90' lang='lat' dir='ltr'>in</span> <span class='ocrx_word' id='word_1_617' title='bbox 2118 5124 2249 5217; x_wconf 88' lang='lat' dir='ltr'>quibos</span> <span class='ocrx_word' id='word_1_618' title='bbox 2269 5147 2356 5193; x_wconf 90' lang='lat' dir='ltr'>con-</span> 
     </span>
     <span class='ocr_line' id='line_1_94' title="bbox 1369 5224 2355 5318; baseline -0.001 -22"><span class='ocrx_word' id='word_1_619' title='bbox 1369 5227 1459 5316; x_wconf 88' lang='lat' dir='ltr'>spici</span> <span class='ocrx_word' id='word_1_620' title='bbox 1473 5241 1508 5297; x_wconf 91' lang='lat' dir='ltr'>et</span> <span class='ocrx_word' id='word_1_621' title='bbox 1526 5228 1643 5297; x_wconf 88' lang='lat' dir='ltr'>audiri</span> <span class='ocrx_word' id='word_1_622' title='bbox 1660 5224 1816 5297; x_wconf 83' lang='lat' dir='ltr'>Ecclesia</span> <span class='ocrx_word' id='word_1_623' title='bbox 1835 5230 1962 5318; x_wconf 88' lang='lat' dir='ltr'>possit,</span> <span class='ocrx_word' id='word_1_624' title='bbox 1990 5239 2029 5295; x_wconf 92' lang='lat' dir='ltr'>ut</span> <span class='ocrx_word' id='word_1_625' title='bbox 2045 5228 2093 5296; x_wconf 90' lang='lat' dir='ltr'>ait</span> <span class='ocrx_word' id='word_1_626' title='bbox 2109 5224 2288 5295; x_wconf 73' lang='lat' dir='ltr'>Paulinus:</span> <span class='ocrx_word' id='word_1_627' title='bbox 2314 5224 2355 5295; x_wconf 90' lang='lat' dir='ltr'>ln</span> 
     </span>
     <span class='ocr_line' id='line_1_95' title="bbox 1369 5324 2356 5399; baseline -0.002 -2"><span class='ocrx_word' id='word_1_628' title='bbox 1369 5350 1512 5397; x_wconf 92' lang='lat' dir='ltr'>ornnem</span> <span class='ocrx_word' id='word_1_629' title='bbox 1535 5342 1664 5399; x_wconf 90' lang='lat' dir='ltr'>terram</span> <span class='ocrx_word' id='word_1_630' title='bbox 1688 5329 1795 5399; x_wconf 86' lang='lat' dir='ltr'>exivit</span> <span class='ocrx_word' id='word_1_631' title='bbox 1824 5352 1932 5399; x_wconf 89' lang='lat' dir='ltr'>sonus</span> <span class='ocrx_word' id='word_1_632' title='bbox 1954 5352 2088 5399; x_wconf 88' lang='lat' dir='ltr'>eonrm.</span> <span class='ocrx_word' id='word_1_633' title='bbox 2146 5324 2243 5397; x_wconf 88' lang='lat' dir='ltr'>Haec</span> <span class='ocrx_word' id='word_1_634' title='bbox 2273 5349 2356 5395; x_wconf 91' lang='lat' dir='ltr'>sen·</span> 
     </span>
     <span class='ocr_line' id='line_1_96' title="bbox 1368 5426 2356 5523; baseline -0.004 -24"><span class='ocrx_word' id='word_1_635' title='bbox 1368 5429 1479 5499; x_wconf 90' lang='lat' dir='ltr'>tentia</span> <span class='ocrx_word' id='word_1_636' title='bbox 1495 5442 1546 5499; x_wconf 89' lang='lat' dir='ltr'>est</span> <span class='ocrx_word' id='word_1_637' title='bbox 1561 5452 1671 5518; x_wconf 73' lang='lat' dir='ltr'>penus</span> <span class='ocrx_word' id='word_1_638' title='bbox 1686 5454 1833 5520; x_wconf 91' lang='lat' dir='ltr'>operum</span> <span class='ocrx_word' id='word_1_639' title='bbox 1849 5431 1943 5502; x_wconf 91' lang='lat' dir='ltr'>tertii</span> <span class='ocrx_word' id='word_1_640' title='bbox 1969 5426 2168 5523; x_wconf 88' lang='lat' dir='ltr'>praecepti,</span> <span class='ocrx_word' id='word_1_641' title='bbox 2200 5450 2291 5520; x_wconf 89' lang='lat' dir='ltr'>quae</span> <span class='ocrx_word' id='word_1_642' title='bbox 2310 5430 2356 5496; x_wconf 90' lang='lat' dir='ltr'>ad</span> 
     </span>
     <span class='ocr_line' id='line_1_97' title="bbox 1368 5529 2356 5625; baseline -0.004 -24"><span class='ocrx_word' id='word_1_643' title='bbox 1368 5532 1489 5601; x_wconf 90' lang='lat' dir='ltr'>omnia</span> <span class='ocrx_word' id='word_1_644' title='bbox 1516 5544 1675 5623; x_wconf 90' lang='lat' dir='ltr'>tempora</span> <span class='ocrx_word' id='word_1_645' title='bbox 1699 5533 1887 5620; x_wconf 91' lang='lat' dir='ltr'>pertinent.</span> <span class='ocrx_word' id='word_1_646' title='bbox 1947 5530 2131 5603; x_wconf 89' lang='lat' dir='ltr'>Caeterum</span> <span class='ocrx_word' id='word_1_647' title='bbox 2155 5530 2287 5625; x_wconf 86' lang='lat' dir='ltr'>species</span> <span class='ocrx_word' id='word_1_648' title='bbox 2312 5529 2356 5597; x_wconf 92' lang='lat' dir='ltr'>de</span> 
     </span>
     <span class='ocr_line' id='line_1_98' title="bbox 1367 5628 2355 5719; baseline -0.005 -18"><span class='ocrx_word' id='word_1_649' title='bbox 1367 5646 1463 5702; x_wconf 92' lang='lat' dir='ltr'>certo</span> <span class='ocrx_word' id='word_1_650' title='bbox 1480 5633 1559 5713; x_wconf 90' lang='lat' dir='ltr'>die,</span> <span class='ocrx_word' id='word_1_651' title='bbox 1586 5646 1619 5702; x_wconf 93' lang='lat' dir='ltr'>et</span> <span class='ocrx_word' id='word_1_652' title='bbox 1635 5633 1678 5699; x_wconf 93' lang='lat' dir='ltr'>de</span> <span class='ocrx_word' id='word_1_653' title='bbox 1693 5635 1800 5701; x_wconf 88' lang='lat' dir='ltr'>modo</span> <span class='ocrx_word' id='word_1_654' title='bbox 1816 5636 1879 5703; x_wconf 91' lang='lat' dir='ltr'>otii</span> <span class='ocrx_word' id='word_1_655' title='bbox 1896 5644 2004 5703; x_wconf 86' lang='lat' dir='ltr'>cessat</span> <span class='ocrx_word' id='word_1_656' title='bbox 2022 5643 2100 5719; x_wconf 90' lang='lat' dir='ltr'>post</span> <span class='ocrx_word' id='word_1_657' title='bbox 2119 5630 2278 5719; x_wconf 87' lang='lat' dir='ltr'>politiam</span> <span class='ocrx_word' id='word_1_658' title='bbox 2293 5628 2355 5697; x_wconf 90' lang='lat' dir='ltr'>Iu-</span> 
     </span>
     <span class='ocr_line' id='line_1_99' title="bbox 1366 5728 2357 5823; baseline -0.003 -21"><span class='ocrx_word' id='word_1_659' title='bbox 1366 5734 1515 5806; x_wconf 85' lang='lat' dir='ltr'>daicam.</span> <span class='ocrx_word' id='word_1_660' title='bbox 1563 5732 1640 5803; x_wconf 89' lang='lat' dir='ltr'>Etsi</span> <span class='ocrx_word' id='word_1_661' title='bbox 1658 5733 1765 5823; x_wconf 82' lang='lat' dir='ltr'>igitur</span> <span class='ocrx_word' id='word_1_662' title='bbox 1779 5735 1905 5823; x_wconf 75' lang='lat' dir='ltr'>allegat</span> <span class='ocrx_word' id='word_1_663' title='bbox 1920 5728 2084 5803; x_wconf 90' lang='lat' dir='ltr'>Christus</span> <span class='ocrx_word' id='word_1_664' title='bbox 2108 5744 2142 5800; x_wconf 89' lang='lat' dir='ltr'>et</span> <span class='ocrx_word' id='word_1_665' title='bbox 2165 5731 2252 5801; x_wconf 85' lang='lat' dir='ltr'>alias</span> <span class='ocrx_word' id='word_1_666' title='bbox 2273 5744 2357 5799; x_wconf 88' lang='lat' dir='ltr'>cau-</span> 
     </span>
    </p>
   </div>
   <div class='ocr_carea' id='block_1_18' title="bbox 1367 5832 2488 5921">
    <p class='ocr_par' dir='ltr' id='par_1_21' title="bbox 1367 5832 2488 5921">
     <span class='ocr_line' id='line_1_100' title="bbox 1367 5832 2488 5921; baseline -0.004 -16"><span class='ocrx_word' id='word_1_667' title='bbox 1367 5856 1441 5921; x_wconf 86' lang='lat' dir='ltr'>sas,</span> <span class='ocrx_word' id='word_1_668' title='bbox 1466 5858 1531 5906; x_wconf 91' lang='lat' dir='ltr'>cur</span> <span class='ocrx_word' id='word_1_669' title='bbox 1545 5835 1686 5907; x_wconf 87' lang='lat' dir='ltr'>licuerit</span> <span class='ocrx_word' id='word_1_670' title='bbox 1700 5835 1801 5907; x_wconf 91' lang='lat' dir='ltr'>illum</span> <span class='ocrx_word' id='word_1_671' title='bbox 1817 5838 1966 5907; x_wconf 89' lang='lat' dir='ltr'>modum</span> <span class='ocrx_word' id='word_1_672' title='bbox 1983 5833 2048 5905; x_wconf 92' lang='lat' dir='ltr'>otii</span> <span class='ocrx_word' id='word_1_673' title='bbox 2065 5832 2210 5919; x_wconf 88' lang='lat' dir='ltr'>violare,</span> <span class='ocrx_word' id='word_1_674' title='bbox 2237 5845 2355 5903; x_wconf 85' lang='lat' dir='ltr'>tamen</span> <span class='ocrx_word' id='word_1_675' title='bbox 2484 5848 2488 5855; x_wconf 83' lang='lat'><em>·</em></span> 
     </span>
    </p>
   </div>
   <div class='ocr_carea' id='block_1_19' title="bbox 0 0 2918 6950">
    <p class='ocr_par' dir='ltr' id='par_1_22' title="bbox 0 0 2918 6950">
     <span class='ocr_line' id='line_1_101' title="bbox 0 0 2918 6950; baseline 0 1"><span class='ocrx_word' id='word_1_676' title='bbox 0 0 2918 6950; x_wconf 95' lang='lat' dir='ltr'> </span> 
     </span>
    </p>
   </div>
  </div>
 </body>
</html>
