5825 6950
334 708 421 781 reos
534 709 636 789 xm.
687 689 1051 795 εἐιιιιιιιιιιο
1077 718 1234 801 natan
1261 719 1467 803 entonis
1492 720 1561 803 An
1586 724 1917 814 nraouunuu.
1976 735 2133 821 cene
2262 745 2361 821 1sro

330 880 451 971 priori,
478 884 574 975 quod
598 884 644 955 sit
663 864 843 977 peccatum
865 888 1123 968 irremissibile.
1179 896 1317 971 Paulu'
1362 899 1480 974 licam.
1547 900 1646 978 Haec
1687 907 1893 981 discrimina
1935 927 2159 1003 peecatorum
2201 914 2353 991 iudicari

328 983 462 1077 aliquod
487 987 678 1058 discrimen
702 990 858 1075 indicat,
884 1019 966 1066 curu
990 998 1060 1071 ait:
1092 996 1187 1089 Quia
1207 1002 1291 1093 iguo
1361 1020 1479 1094 postea
1498 1023 1663 1097 possunt,
1687 1036 1768 1084 cum
1784 1013 1947 1085 videmus
1962 1014 2104 1109 aliquos
2125 1017 2351 1111 indulgentes

327 1106 400 1157 rans
420 1087 501 1162 feci.
1357 1106 1430 1179 suis
1446 1108 1631 1185 furoribus
1647 1114 1692 1185 ad
1709 1114 1966 1207 poenitentiam
1982 1118 2098 1189 redire
2114 1121 2282 1199 noluisse.

418 1185 489 1259 Sed
510 1186 571 1263 hic
592 1192 760 1267 oriuntur
779 1199 1021 1291 quaestiones,
1061 1202 1206 1294 Aaron,
1238 1206 1307 1280 Pe·

325 1301 410 1376 trus,
442 1288 644 1381 Manasses,
670 1320 746 1368 non
770 1317 1006 1392 peccaverunt
1026 1304 1246 1397 ignorantia,
1273 1326 1307 1383 ει
1667 1270 1800 1354 0³7⁰ss
1826 1290 1878 1355 ’δ’
1901 1305 2031 1357 mm·

325 1404 436 1462 tamen
461 1398 593 1489 recepti
627 1412 731 1486 sunt,
761 1414 797 1472 ει
825 1426 900 1473 esse
933 1406 1078 1501 aliquod
1113 1412 1304 1484 discrimen
1455 1412 1572 1507 Supra
1589 1417 1631 1487 de
1648 1416 1741 1510 Lege
1757 1420 1989 1493 concionatus
2005 1435 2074 1507 est,
2100 1445 2197 1495 nnnc
2219 1423 2345 1501 inserit

323 1496 471 1587 exempla
511 1502 716 1574 ostendunt.
791 1499 908 1577 Aliter
949 1510 1102 1607 deliquit
1140 1516 1304 1589 diabolus
1352 1538 1524 1588 summam
1535 1515 1739 1610 Evangelii,
1764 1526 1824 1593 sed
1842 1523 1946 1594 valde
1961 1524 2136 1613 breviter,
2155 1526 2238 1622 quia
2255 1529 2344 1599 scri·

322 1595 427 1665 sciens
448 1612 483 1670 et
502 1604 653 1692 superbe
676 1604 874 1697 despiciens
887 1609 1025 1695 Deum,
1053 1615 1156 1687 aliter
1173 1614 1303 1702 Adam,
1350 1617 1405 1689 bit
1422 1620 1467 1687 ad
1487 1622 1705 1710 auditorem,
1737 1625 1800 1719 qui
1821 1626 1936 1697 fuerat
1960 1626 2071 1719 ipsius
2094 1652 2210 1699 eomes
2232 1629 2341 1722 longo
2444 1699 2449 1711 ,

323 1698 457 1783 Aaron,
490 1703 659 1791 scientes,
693 1710 755 1776 sed
776 1712 931 1801 superati
953 1712 1186 1789 infirmitate?
1229 1719 1299 1794 Sed
1349 1732 1528 1813 tempore,
1562 1740 1595 1794 ει
1611 1726 1702 1796 bene
1720 1741 1934 1816 cognoverat
1948 1739 2059 1800 totam
2074 1732 2259 1802 doctrinae
2276 1756 2342 1803 vo-

319 1820 380 1868 uos
401 1800 606 1897 omittamus
626 1801 690 1877 has
713 1812 957 1901 quaestiones,
982 1830 1018 1889 ει
1038 1818 1235 1893 iudicemus
1257 1827 1300 1896 dc
1348 1846 1435 1897 cem.
1487 1822 1541 1895 Αε
1558 1826 1662 1897 initio
1683 1830 1894 1901 asseveratio
1911 1831 2026 1921 posita
2043 1846 2116 1923 est,
2142 1829 2268 1905 Certus
2287 1845 2341 1906 est

318 1901 494 1985 voluntate
508 1907 576 1982 Dei
594 1908 690 1979 iuxta
708 1912 857 1982 verbum
875 1914 1010 2006 ipsius:
1045 1916 1152 1992 Hunc
1168 1928 1299 1997 audite.
1348 1947 1464 1993 sermo
1487 1942 1520 1997 et
1543 1929 1744 2000 firmissime
1769 1932 2046 2025 amplectendus.
2097 1932 2176 2005 Hac
2198 1957 2338 2006 asseve-

316 1998 441 2071 Omnis
457 2007 518 2099 qui
532 2010 643 2080 credit
658 2010 697 2079 iu
712 2012 837 2098 filiurn,
857 2011 965 2090 habet
980 2021 1088 2094 vitam
1105 2040 1299 2119 aeternam,
1347 2025 1485 2098 ratione
1506 2029 1545 2099 in
1568 2032 1672 2104 nobis
1696 2058 1837 2127 quoque
1857 2035 1963 2105 fidem
1988 2034 2256 2119 confirmemus,
2296 2050 2338 2109 nt

314 2102 561 2179 Auteferamus
593 2112 707 2183 filium
741 2112 829 2201 Dei,
871 2133 906 2192 et
941 2121 1190 2200 iusiurandum
1232 2132 1298 2202 toti
1347 2152 1388 2197 ex
1415 2130 1700 2204 dubitationibus
1724 2134 1938 2222 eluctemur,
1975 2150 2010 2209 et
2036 2160 2119 2208 vere
2140 2150 2336 2211 statuamus

313 2230 419 2303 regno
435 2211 576 2298 peccati.
631 2213 792 2287 Sciamus
808 2218 913 2289 etiam
935 2228 1203 2302 anteferendum
1224 2257 1298 2305 esse
1347 2253 1413 2299 nos
1434 2233 1545 2325 recipi
1566 2248 1599 2305 et
1624 2237 1793 2308 exaudiri.

310 2308 422 2379 filium
438 2307 507 2380 Dei
529 2314 612 2385 roei
632 2316 735 2405 legis:
762 2318 827 2392 etsi
843 2336 959 2393 autem
977 2320 1064 2399 haec
1086 2354 1203 2421 pugne
1225 2336 1296 2407 dil·
1447 2332 1516 2404 Hic
1533 2349 1648 2406 autem
1664 2352 1798 2429 repetat
1812 2340 2059 2435 unusquisque
2073 2342 2167 2435 apud
2186 2364 2260 2413 sese
2274 2342 2335 2414 in-

307 2408 409 2480 ficilis
426 2425 458 2481 ει
473 2438 599 2503 magna
617 2436 687 2499 est,
709 2434 829 2491 tamen
846 2419 912 2495 hae
925 2430 1067 2518 regulae
1084 2457 1187 2505 verae
1202 2452 1297 2525 sunt,
1344 2447 1474 2522 tegram
1498 2437 1696 2509 doctrinam
1720 2440 1764 2510 de
1781 2437 2055 2527 iustificatione,
2081 2445 2127 2513 de
2146 2465 2217 2537 qus
2240 2465 2335 2515 sem·

305 2524 340 2581 ει
357 2536 429 2581 uon
446 2517 693 2606 negligendae,
727 2522 822 2594 iuxta
840 2525 931 2598 illud
946 2527 1068 2627 Moysi
1083 2538 1198 2630 capite
1217 2543 1294 2617 lh:
1343 2560 1405 2628 per
1424 2538 1547 2610 eodem
1565 2541 1672 2608 modo
1689 2540 1862 2625 dicimus,
1893 2557 1928 2616 ει
1945 2544 2130 2615 exordium
2148 2539 2333 2617 doetrinae

304 2611 379 2701 Qui
402 2640 476 2684 non
499 2620 653 2692 audierit
668 2622 802 2712 lilium,
828 2650 891 2717 ego
912 2632 1010 2705 ultor
1033 2659 1106 2707 ero.
1341 2660 1383 2707 ex
1399 2639 1517 2709 verbis
1530 2637 1678 2711 Domini
1695 2642 1966 2717 sumimust‘ltc
1983 2646 2224 2737 praedicantes
2245 2670 2333 2738 poe-

404 2714 506 2789 Hanc
531 2716 811 2797 consolationem
833 2755 970 2819 veram,
995 2750 1036 2807 ut
1053 2739 1148 2830 diri,
1173 2756 1294 2815 tenea.
1341 2738 1527 2811 nitentium
1550 2757 1584 2813 et
1601 2744 1844 2815 remissionem
1869 2762 2092 2838 peccatorum
2116 2748 2157 2847 in
2182 2748 2330 2819 nomine

301 2841 399 2903 mus,
436 2832 470 2891 ει
494 2846 560 2893 nos
584 2825 953 2920 ipsos·exuscitemus,
998 2850 1034 2909 ει
1054 2842 1144 2915 alios
1169 2870 1293 2919 omnes
1338 2864 1431 2916 meo.
1469 2839 1864 2937 Haeclierioportetin
1882 2848 2122 2923 conversione.
2166 2846 2330 2922 Primum

301 2914 488 2991 hortemur
510 2926 554 2995 ad
579 2928 833 3017 poenitentiam
858 2948 891 3005 et
914 2938 961 3007 ad
982 2940 1108 3027 fidem,
1140 2946 1231 3023 sieut
1258 2964 1293 3023 et
1338 2957 1478 3033 oportet
1494 2946 1594 3036 argui
1612 2961 1813 3036 peccatum,
1839 2950 2072 3043 perterrelieri
2087 2952 2212 3037 eorda,
2237 2953 2330 3025 sicut

302 3016 466 3111 Apostoli
498 3022 563 3097 hos
598 3028 695 3121 ipsos
724 3026 915 3106 hortantur
942 3041 988 3109 ad
1017 3047 1293 3137 poenirentiam,
1337 3058 1372 3114 ει
1389 3044 1568 3117 Dominus
1592 3047 1731 3141 inquit,
1756 3047 1868 3122 Mare.
1886 3053 1919 3123 ί.
1942 3074 2038 3143 cap.:
2072 3052 2178 3141 Agite
2202 3053 2328 3144 poeui-

299 3124 428 3217 quibus
451 3120 552 3201 Aeto.
576 3130 610 3203 4.
636 3132 777 3203 dicunt:
813 3133 922 3209 Hunc
944 3156 1062 3215 autern
1088 3148 1203 3222 lesum
1227 3176 1291 3223 vos
1336 3148 1499 3220 tentiam.
1548 3146 1885 3231 E12.Coriuth.7.
1907 3151 2056 3223 dicitur:
2084 3151 2248 3225 Tristitia
2270 3176 2327 3223 se·

296 3226 531 3307 crucifixistis.
571 3228 620 3302 Ει
645 3233 749 3305 multi
774 3259 816 3306 ex
837 3232 895 3309 his
916 3267 998 3313 vere
1020 3252 1182 3323 conversi
1206 3268 1290 3327 sunt
1335 3250 1494 3320 cundum
1518 3246 1633 3321 Deum
1658 3252 1915 3344 poenitentium
1944 3253 2055 3327 efficit
2084 3256 2130 3325 ad
2162 3255 2325 3327 salutem.

294 3327 343 3397 ad
367 3324 495 3401 Deum.
544 3328 593 3403 Ει
614 3334 687 3406 εἰει
707 3339 815 3409 nobis
844 3340 883 3409 in
911 3364 1101 3440 conspectu
1129 3357 1289 3448 exempla
1335 3346 1381 3421 Bt
1397 3345 1523 3423 Esaiae
1540 3352 1688 3423 ultimo:
1730 3350 1789 3424 Aa
1813 3379 1918 3449 quem
1943 3354 2154 3448 respicism?
2176 3358 2220 3426 ad
2237 3380 2325 3427 con-

292 3426 449 3527 Aaron,
490 3431 592 3506 Pauli
616 3450 652 3508 ει
676 3438 870 3512 multorum
892 3445 1075 3540 aliorum,
1112 3457 1177 3551 qui
1205 3483 1287 3531 eum
1334 3452 1459 3524 tritum
1485 3468 1518 3525 et
1542 3449 1789 3542 humiliatum,
1840 3469 1875 3528 et
1903 3469 2112 3530 trementem
2141 3481 2324 3531 sermones

290 3532 443 3604 inissent
460 3555 716 3627 persecutores,
745 3556 864 3634 postea
881 3553 1043 3622 conversi
1066 3573 1162 3630 sunt.
1332 3577 1442 3627 meos.
1493 3549 1543 3628 Ει
1563 3555 1813 3628 iusiurandum
1836 3559 1972 3650 flagitat
1987 3559 2026 3630 in
2041 3559 2148 3632 uobis
2171 3583 2323 3634 conver·

396 3633 435 3706 Si
457 3638 520 3730 qui
543 3664 627 3712 vero
652 3644 785 3717 nolunt
806 3649 931 3721 sudire
955 3647 1049 3726 hanc
1071 3661 1287 3735 consolatio.
1332 3657 1470 3726 sionem
1488 3683 1567 3728 cum
1584 3660 1722 3753 inquit,
1747 3657 2104 3734 Ezech.1d.etdd.:
2130 3658 2226 3734 Vivo
2242 3684 2321 3755 ego,

288 3759 394 3816 nem,
428 3740 515 3832 qnid
531 3743 656 3813 attinet
672 3739 718 3816 de
738 3747 789 3816 eis
809 3749 1008 3842 disputare,
1039 3783 1119 3832 cum
1143 3788 1186 3834 eo
1207 3765 1285 3856 ipso
1332 3759 1419 3830 nolo
1445 3774 1596 3831 mortem
1630 3764 1842 3851 peccatoris,
1882 3765 1943 3832 sed
1972 3777 2012 3836 ut
2033 3777 2261 3837 eonvertatur
2284 3777 2321 3836 ct

288 3835 516 3912 horribiliter
547 3859 710 3936 peccent,
754 3853 850 3943 qnod
883 3867 968 3926 tuuc
999 3877 1129 3951 negant
1162 3889 1283 3936 vocem
1332 3861 1438 3932 vivat.
1497 3857 1545 3932 Et
1577 3858 1747 3954 Exempla
1780 3876 1998 3952 congruunt,
2043 3861 2179 3952 Adam,
2217 3862 2295 3938 Eva
2304 3915 2318 3952 ,

285 3938 497 4030 Evangelii,
525 3942 650 4020 Gratia
673 3952 842 4024 exuberat
865 3976 971 4048 supra
993 3980 1187 4051 peccatum.
1236 3965 1284 4040 Ει
1329 3957 1466 4046 David,
1492 3977 1702 4034 accusantur
1718 3976 1751 4035 et
1767 3959 1989 4037 horribiliter
2004 3982 2250 4058 expavescunt.

286 4043 339 4113 ita
357 4045 487 4116 ardent
502 4047 606 4132 odio,
632 4057 672 4120 ut
688 4051 805 4138 potius
821 4057 948 4127 malint
969 4061 1046 4132 fieri
1060 4070 1196 4138 aeterni
1211 4065 1282 4140 ho·
1430 4060 1508 4135 Hos
1532 4088 1680 4157 pavores
1702 4081 1736 4137 ει
1751 4089 1891 4137 sensum
1913 4066 1987 4139 irae
2008 4065 2075 4138 Dei
2100 4081 2318 4140 vocaverunt

285 4156 358 4214 stes
380 4142 469 4230 nei,
493 4172 600 4242 quam
625 4153 815 4241 coningere
832 4158 875 4227 ad
892 4159 1018 4235 lilium.
1068 4165 1153 4238 Hoc
1174 4173 1281 4242 modo
1302 4225 1305 4238 .
1327 4163 1458 4236 usitate
1483 4166 1752 4252 contritionem,
1784 4169 1828 4238 de
1851 4193 1919 4264 qua
1945 4183 2040 4241 recte
2060 4169 2212 4241 docendi
2232 4183 2318 4243 sunt

284 4259 440 4336 pereunt
453 4251 557 4319 multi
575 4255 743 4324 omnibus
761 4259 952 4347 aetatibus,
976 4279 1017 4336 ut
1034 4263 1143 4354 Saul,
1168 4268 1281 4344 Achi.
1300 4246 1305 4349 ,’
1328 4259 1509 4356 homiues,
1543 4269 1663 4340 nevel
1682 4270 1786 4341 nobis
1800 4271 1870 4364 ipsi
1891 4269 2121 4343 blandiamur
2138 4294 2240 4344 coeca
2259 4294 2316 4342 se-

280 4342 433 4438 tophel,
460 4345 580 4438 ludas,
596 4351 726 4440 Arius,
747 4370 780 4427 et
796 4375 919 4431 nostro
935 4375 1094 4458 tempore
1108 4369 1280 4446 Larumna
1326 4369 1495 4455 curitate,
1523 4371 1580 4440 vel
1604 4395 1749 4441 ruamus
1773 4373 1811 4443 in
1837 4373 2136 4462 desperationem,
2162 4374 2218 4441 vel
2240 4372 2315 4443 lae·

277 4447 544 4538 bovsnieusis,
568 4449 818 4543 Hollmeister,
845 4475 878 4531 et
894 4462 1097 4556 aliimulti,
1121 4498 1277 4567 quorum
1325 4470 1433 4540 datur
1457 4472 1570 4560 gloria
1593 4472 1658 4542 lilii
1681 4469 1766 4558 Dei,
1803 4487 1837 4543 et
1869 4473 2031 4546 deleatur
2056 4467 2314 4564 Evangelium,

275 4552 530 4642 exemplorum
549 4555 763 4644 cogitatione
778 4583 1099 4655 expavescamus,et
1115 4588 1277 4666 petamus
1324 4571 1414 4641 slcut
1439 4569 1605 4645 monachi
1633 4588 1742 4646 tetros
1773 4597 1910 4645 errores
1937 4574 2138 4660 linxerunt,
2180 4572 2312 4669 quibus

271 4676 349 4722 nos
371 4655 449 4742 regi
466 4670 501 4728 et
523 4659 725 4730 confirmari
741 4658 879 4755 Spiritu
895 4684 1028 4743 saneto.
1070 4670 1276 4750 Sicutscri-
1323 4667 1558 4764 Evangelium
1575 4697 1720 4769 prorsus
1734 4677 1960 4747 obscuratum
1981 4689 2051 4762 est,
2078 4688 2112 4745 et
2129 4700 2211 4748 vera
2225 4699 2313 4746 con-

267 4767 384 4846 ptum
415 4770 469 4826 est
498 4755 582 4846 Luc,
608 4760 681 4832 11.:
722 4761 869 4853 Quanto
895 4771 1007 4860 ιιιεεῖι
1031 4787 1134 4866 pater
1158 4794 1276 4851 vester
1323 4775 1448 4846 solatio
1467 4777 1535 4868 piis
1551 4777 1731 4848 mentibus
1748 4790 1865 4868 erepta
1881 4793 1945 4854 est.
1981 4775 2197 4872 Quanquam
2214 4779 2311 4847 euim

265 4855 445 4928 eoelestis
466 4859 566 4932 dabit
587 4859 763 4954 Spiritum
786 4882 948 4941 sanctum
972 4877 1189 4966 petentibus.
1225 4879 1274 4956 Ει
1295 4941 1298 4951 ,
1321 4898 1445 4948 verum
1462 4893 1533 4962 est,
1559 4891 1724 4970 oportere
1739 4879 1777 4949 in
1794 4879 1898 4950 nobis
1914 4901 1988 4950 esse
2002 4880 2157 4974 aliquam
2174 4879 2311 4950 contri·

262 4959 336 5050 pio
361 4959 484 5030 studio
508 4959 685 5036 discamus
713 4967 920 5060 veritatem,
962 4987 997 5046 et
1019 5000 1205 5056 careamus
1227 5009 1274 5057 ne
1294 4978 1298 4993 '
1320 4977 1472 5064 tionem,
1506 4981 1646 5076 aliquos
1665 5003 1830 5070 pavores,
1864 4993 1899 5052 et
1915 4981 2057 5053 dolores
2077 4982 2175 5074 qnod
2194 4981 2310 5101 Deum

258 5083 352 5132 ²³¹⁰
376 5083 638 5154 ⁰PP¹¹8¹¹²¹¹¹⁰³0
1291 5059 1595 5185 {offenderimun
1644 5096 1762 5152 tamen
1792 5078 1831 5152 hi
1860 5083 1932 5154 duo
1963 5105 2099 5153 errores
2129 5081 2310 5154 falsissime

380 5161 570 5236 Caeterum
592 5181 676 5241 sunt
693 5167 900 5251 discrimina
917 5175 1011 5249 inter
1029 5195 1146 5256 errata
1166 5185 1271 5280 igno.
1291 5264 1294 5275 Ι
1317 5195 1421 5268 ειιιιι,
1461 5187 1556 5280 quod
1581 5197 1740 5276 oporteat
1769 5185 2003 5254 sufficientem
2023 5206 2097 5254 esse
2121 5183 2308 5302 contritio·
2347 5201 2358 5212 “

253 5263 427 5347 tantiae,
441 5279 476 5336 et
493 5267 621 5341 delicta
635 5284 759 5344 contra
777 5277 1041 5368 conscientiam,
1054 5309 1146 5380 quse
1162 5289 1269 5361 etism
1317 5306 1421 5370 nem,
1447 5299 1482 5358 ει
1498 5289 1593 5380 quod
1611 5285 1792 5356 subiciens
1810 5284 1977 5359 contritio
1992 5298 2168 5357 mereatur
2182 5306 2308 5358 remis-

252 5365 494 5458 multiplicia
512 5382 605 5445 sunt.
657 5371 748 5443 Nam
765 5388 799 5447 et
814 5378 972 5453 affectata
987 5381 1190 5476 ignorantia
1205 5392 1292 5489 δὴ,
1315 5385 1452 5457 sionem
1481 5401 1716 5478 peccatorum.
1769 5385 1929 5460 Primum
1952 5386 2047 5459 enim
2068 5386 2166 5460 nulla
2189 5397 2306 5482 potest

252 5471 403 5538 lictum
434 5482 487 5540 ιιι
507 5485 631 5544 contra
656 5477 925 5552 conscientiam:
966 5497 1000 5554 et
1021 5485 1205 5561 interdum
1227 5491 1267 5565 fit
1314 5509 1389 5556 esse
1407 5488 1588 5562 sufficiens
1605 5489 1796 5576 contritio,
1819 5501 1853 5562 ει
1870 5513 1948 5561 cum
1966 5491 2091 5561 crescit
2107 5487 2211 5558 dolor
2227 5485 2304 5556 sine

251 5569 439 5640 affectata
455 5571 654 5660 ignorantia
670 5573 962 5668 blasphemia,ut
977 5585 1015 5656 in
1032 5581 1264 5662 multista-
1286 5555 1291 5707 f
1315 5588 1580 5677 consolatione,
1621 5589 1793 5680 mergitur
1818 5585 1926 5661 homo
1950 5592 1987 5660 in
2016 5603 2166 5660 mortem
2201 5587 2301 5659 etin

251 5671 418 5754 risaeis,
450 5695 531 5744 eum
554 5675 720 5749 videlieet
741 5683 848 5752 corda
868 5687 1027 5759 convicta
1050 5691 1264 5766 testimoniis
1311 5703 1497 5762 aeternum
1527 5692 1691 5780 exitium,
1732 5693 1828 5764 iuxta
1857 5691 1946 5762 illud
1981 5689 2109 5766 Roma.
2135 5689 2189 5764 d:
2227 5686 2302 5808 Lex

251 5771 427 5854 divinis,
457 5784 575 5844 tamen
599 5779 726 5851 ardent
750 5784 854 5870 odio,
886 5797 920 5858 et
944 5803 1121 5863 conantur
1143 5795 1262 5867 delere
1311 5791 1401 5860 iram
1423 5793 1545 5869 efficit.
1598 5792 1710 5879 ltem,
1736 5797 1770 5864 2.
1794 5789 2031 5870 eminente:
2056 5790 2131 5863 110¹
2156 5791 2304 5880 ⁰⁰55&ss-

251 5895 396 5944 vocem
420 5869 507 5946 Dei:
537 5875 669 5949 etaliis
686 5885 915 5976 persuadere,
945 5914 1020 5964 esse
1040 5895 1261 5969 eamdiabo·
1282 5888 1447 5976 [Deinde
1481 5895 1713 5968 certissimum
1748 5912 1799 5967 est
1835 5895 1968 5966 remitti
2002 5905 2140 5988 peccata
2177 5889 2300 5962 Gratis
