5825 6950
332 704 416 785 ιοιι
480 639 577 775 ιιιι
628 700 663 777 ι.
689 696 1029 804 couuaurta.
1055 694 1281 789 ranusr.
1307 694 1456 778 naun
1482 698 1899 795 ascomannos.
1950 720 2057 799 car.
2084 724 2153 802 rx.
2228 732 2328 811 1094

324 885 398 961 lam,
420 875 926 967 oportereneeessariafatere.
967 872 1052 945 ldeo
1068 874 1168 945 dicit:
1196 868 1274 942 Vae
1337 889 1371 946 et
1384 891 1424 948 ιιι
1441 878 1508 970 ipsi
1525 885 1614 953 salvi
1631 886 1727 958 bant.
1779 888 1836 960 Aa
1861 888 2339 993 truaconemettgnntme.'

322 978 416 1065 milri,
434 982 464 1048 si
486 1002 558 1047 uon
580 979 878 1067 evangelizavero.
915 974 978 1051 ‚Et
1003 972 1070 1047 hoc
1087 978 1203 1066 ipsum
1223 978 1282 1046 di·
1335 982 1413 1063 dia,
1441 986 1614 1055 sustinent
1634 990 1770 1059 labores
1789 996 1960 1082 docendi,
1986 1002 2050 1070 obi
2070 1023 2234 1092 possunt,
2259 1013 2317 1079 in.

321 1100 400 1155 ctum
422 1094 582 1165 testatur,
606 1080 848 1150 obedientiam
872 1094 1137 1170 praecepturum
1160 1100 1285 1147 neces·
1336 1084 1450 1153 vitant
1465 1087 1568 1157 bonis
1584 1094 1751 1179 exemplis
1767 1096 1963 1181 auditores,
1989 1104 2200 1178 confirmant
2218 1113 2317 1181 dori-

318 1186 429 1255 sariam
448 1205 538 1267 erse,
564 1196 598 1253 et
614 1204 686 1253 nou
703 1184 872 1276 quiddam
891 1174 1124 1279 ἀδιάφορον,
1151 1195 1191 1253 ιιι
1204 1180 1282 1251 Αιι-
1334 1185 1403 1269 les,
1431 1189 1584 1260 tolerant
1599 1194 1777 1275 rudiores,
1802 1198 1944 1271 frenant
1958 1226 2082 1274 omues
2096 1198 2305 1301 cupiditates

320 1285 431 1357 ginoffli
451 1286 596 1373 fingunt,
868 1338 873 1345 .
1337 1308 1380 1355 ne
1398 1302 1457 1357 aut
1477 1293 1676 1362 doctrinam
1699 1298 1916 1389 deforment,
1947 1319 2009 1376 aut
2031 1309 2177 1387 turbent
2191 1268 2318 1386 Facete-⁸

1334 1390 1440 1475 siam,
1463 1406 1523 1463 aut
1541 1392 1655 1464 Deum
1673 1398 1868 1477 offendant,

345 1490 423 1571 Πᾶς
444 1482 485 1561 δὲ
510 1483 531 1561 ὁ
552 1480 835 1588 ἀ7ωνῑζόμὲνο9·
887 1480 1023 1558 0ωηί3
1048 1494 1171 1557 ‘mum
1195 1483 1262 1585 (ΙΨο
1435 1504 1590 1582 Econtra
1607 1512 1870 1604 Carolostadius
1885 1522 1949 1593 etsi
1970 1524 2075 1598 finem
2097 1534 2317 1623 propositum

727 1598 850 1662 certet.
1336 1606 1461 1695 habet,
1494 1628 1532 1683 ut
1563 1617 1724 1687 doctrina
1756 1615 1942 1712 Evangelii
1973 1622 2062 1719 pure
2092 1654 2317 1730 propagetur,

402 1724 589 1819 ponquam
611 1738 713 1796 ,mea
736 1728 846 1795 mul„
866 1726 955 1797 dpffl
973 1728 1016 1795 d,
1035 1726 1210 1819 ,equitate
1232 1736 1285 1795 aa.
1335 1728 1451 1783 tamen
1472 1716 1518 1784 de
1534 1720 1660 1789 mediis
1674 1744 1776 1810 saepe
1793 1740 1897 1810 errat,
1915 1733 2155 1805 tumultuetur
2168 1740 2214 1807 de
2228 1744 2317 1815 arti-

317 1843 517 1919 temperante
533 1820 724 1925 ἀδιάφορα
747 1830 791 1899 ad
815 1830 1002 1901 utilitatem
1028 1852 1168 1913 corum,
1193 1826 1287 1897 inter
1335 1815 1424 1932 “3¹5⁵
1439 1830 1500 1887 ³¹¹1
1515 1818 1630 1904 ἷὸΙδῖὸ,
1657 1837 1718 1892 ’ὸῑιῑ
1732 1848 1807 1892 ”0¹¹
1826 1834 2050 1919 ὓθῐθΰδῆῐῖῑθι
2077 1838 2222 1911 dammi
2239 1866 2317 1913 ΟΜ·

318 1954 393 2024 quus
417 1932 584 1999 vivimus:
612 1954 708 1999 nunc
732 1932 929 2020 generalem
952 1928 1107 2019 regulam
1131 1928 1284 1999 inomni
1336 1942 1394 1985 ¹¹¹³
1417 1921 1571 1989 f⁰¹0¹¹⁸l³
1597 1924 1711 1993 ⁰ffi<l³
1738 1942 1773 1993 ⁰¹
1789 1928 1880 2013 ¹⁰8&
1895 1928 2096 2022 R0m³¹¹³⁸s
2122 1958 2253 2036 P¹¹8¹¹³¹
2270 1949 2316 2016 de

316 2036 372 2101 vna
390 2032 620 2101 necessariam
644 2032 763 2116 addi„
796 2058 885 2127 qun,
907 2032 1063 2102 confluet
1085 2032 1282 2100 doctrinam
1336 2022 1539 2092 necessitate
1563 2026 1690 2109 stoica,
1727 2052 1838 2119 saepe.
1852 2033 2062 2127 obsequitur
2081 2042 2155 2111 suia
2175 2046 2318 2136 cupidi·

318 2132 689 2225 ,ιρῃῃῑμῃιῑῃὶῳωρ
707 2148 756 2205 051
773 2136 957 2227 prudentia
976 2137 1012 2204 in
1036 2133 1282 2225 prospiciendo
1335 2124 1485 2209 tatibus,
1523 2126 1759 2211 iracundiae,
1798 2134 2009 2223 ambitioni,
2050 2145 2241 2227 avariciae,
2282 2162 2318 2223 et

315 2236 388 2316 fine,
419 2250 451 2304 ει
480 2236 607 2304 mediis
637 2236 679 2303 act
712 2236 834 2321 finem,
868 2250 907 2308 et
933 2236 1083 2305 intentio
1107 2234 1219 2303 animi
1244 2234 1281 2303 in
1333 2226 1464 2297 alienat
1489 2227 1685 2313 auditores,
1711 2247 1744 2302 et
1768 2235 1919 2305 offendit
1936 2238 2067 2312 Deum.
2112 2241 2191 2315 Etsi
2207 2248 2317 2337 igitur

315 2336 421 2405 medii,
447 2338 518 2406 iffi,
545 2338 710 2426 paratur„
740 2340 894 2409 tuendis,
959 2334 1094 2433 Estque
1118 2332 1204 2405 haec
1227 2361 1282 2406 re·
1332 2328 1491 2399 stodiam
1522 2324 1628 2401 habet
1656 2334 1922 2419 inconsultum,
1958 2353 2078 2417 tamen
2108 2350 2153 2417 ud
2185 2364 2314 2421 metam

316 2440 399 2529 gala:
427 2438 485 2509 Sic
507 2462 646 2523 curras,
672 2454 711 2509 ut
734 2454 861 2511 metam
879 2441 1088 2531 prospicias,
1115 2454 1148 2511 et
1164 2440 1279 2508 media
1332 2454 1404 2501 ⁰⁰¹¹
1421 2432 1591 2521 lemnii·

317 2556 342 2609 ιι
361 2562 430 2608 ιιιιι
455 2554 584 2609 metam
607 2543 897 2612 recteducentia.
958 2537 1054 2611 llaec
1079 2565 1280 2610 commone·
1433 2547 1521 2617 Plus
1535 2566 1699 2639 peccant,
1726 2554 1787 2646 qni
1808 2578 1872 2627 nec
1896 2559 2001 2631 linem
2023 2564 2156 2639 iustum
2173 2569 2317 2643 intuen-

319 2644 400 2711 lartio
417 2643 521 2711 etiam
541 2642 577 2709 in
596 2638 734 2712 Ethicis
749 2644 976 2733 proponitur,
1010 2643 1282 2713 etcumiutota
1333 2666 1413 2735 tur,
1448 2676 1512 2721 nec
1536 2654 1650 2723 media
1672 2674 1764 2726 recte
1787 2677 1988 2749 quaenunt,
2022 2683 2062 2738 ut
2084 2668 2329 2761 Monetarius„

323 2744 371 2811 rita
393 2744 585 2813 necessaria
614 2746 679 2827 sit,
717 2756 834 2813 tamen
859 2768 963 2835 saepe
987 2744 1136 2813 stnltitia
1162 2760 1281 2813 nostra
1336 2778 1394 2824 rex
1410 2754 1699 2842 anabaptistirus,
1727 2757 1929 2844 Pontifices,
1957 2770 2019 2858 qui
2037 2795 2109 2839 uon
2127 2768 2318 2867 hecquae-

316 2860 362 2914 tut
382 2848 493 2935 pravis
518 2846 774 2936 cupiditatibus
798 2860 921 2917 contra
948 2871 1022 2915 earn
1050 2847 1218 2929 iacimus,
1250 2860 1281 2915 et
1336 2870 1436 2937 mut,
1462 2869 1501 2925 ut
1519 2858 1679 2927 doctriua
1697 2876 1788 2933 recte
1805 2882 2035 2955 propagetur,
2058 2888 2120 2943 aut
2138 2890 2178 2945 ut
2193 2872 2319 2949 Erato.

315 2948 829 3037 quasiextreriam,currimus-
882 2944 1281 3039 Hostrrottsinlelllgl
1334 2960 1383 3027 sia
1409 2960 1510 3028 beata
1533 2958 1598 3043 ait,
1624 2964 1684 3031 secl
1707 2977 1746 3031 ut
1768 2965 1832 3054 ipsi
1854 2972 2046 3055 potentiam
2062 2990 2122 3045 aut
2143 3002 2228 3069 opes
2248 2982 2319 3049 sibi
2428 2978 2434 2987 ’

314 3066 525 3133 arcesseret,
551 3053 725 3119 utraveri
750 3052 896 3141 possint.
959 3050 1013 3121 Sit
1041 3050 1148 3137 igitur
1172 3050 1283 3121 virtus
1335 3074 1477 3153 parent,
1502 3072 1563 3129 aut
1584 3062 1794 3149 defendant,
1830 3082 1892 3139 aut
1913 3084 1953 3139 ut
1977 3074 2219 3165 voluptatibus
2241 3095 2318 3149 tuto

315 3142 536 3241 Dr'lr'gentr'a,
579 3166 619 3221 ut
650 3152 743 3230 dixi,
779 3153 987 3221 deliberatio
1018 3154 1061 3219 tle
1090 3152 1160 3219 fine
1185 3166 1217 3221 el
1240 3152 1284 3220 de
1334 3164 1517 3245 fruantur,
1544 3176 1579 3233 et
1601 3166 1645 3235 acl
1669 3168 1780 3238 rnrdta
1802 3172 1979 3243 contraria
1995 3188 2029 3247 et
2045 3177 2153 3269 impia
2169 3182 2317 3255 consilia

313 3254 440 3337 mediis,
466 3270 502 3326 et
518 3256 692 3347 quaedam
711 3254 903 3324 voluntatis
918 3254 1117 3338 contentio,
1142 3268 1176 3323 et
1197 3278 1279 3323 ron·
1333 3266 1539 3334 decurrunt.

312 3356 422 3425 stantia
442 3358 479 3423 in
496 3358 640 3426 tuendis
656 3358 796 3429 mediis.

398 3456 494 3527 Vitia
523 3458 682 3549 opposita
708 3472 808 3528 sunt:
844 3456 986 3548 ignavia
1012 3472 1045 3526 et
1069 3461 1283 3555 notorpag-

312 3553 440 3653 ιιοσύνη
458 3577 537 3631 orta
555 3585 595 3628 ex
612 3558 717 3628 variis
741 3561 873 3645 causis,
901 3585 942 3629 ex
965 3574 1090 3629 natura
1116 3561 1285 3652 inquieta,

313 3681 345 3726 cr
363 3663 572 3750 pertinacia,
601 3685 641 3730 ex
663 3664 875 3742 ambitione,
903 3687 943 3730 ex
965 3663 1137 3741 avaricia,
1163 3687 1204 3730 ex
1225 3687 1285 3730 cu·

311 3761 443 3848 piditate
467 3761 699 3850 clorninandi,
737 3789 776 3834 ex
800 3765 1036 3836 aemulatione
1055 3778 1088 3833 et
1111 3764 1287 3833 similibus

310 3867 439 3940 ruorbis.

396 3967 518 4060 Scipio
542 3968 578 4034 in
594 3991 658 4038 suo
675 3991 779 4036 cursu
797 3963 892 4038 hunc
918 3967 1023 4036 finem
1046 3967 1224 4051 intuetur,
1248 3979 1287 4036 nt

310 4069 408 4156 patria
441 4073 487 4141 sit
521 4073 638 4148 beata,
672 4071 770 4160 eligit
799 4071 934 4152 media,
969 4069 1107 4137 labores
1139 4069 1288 4137 militiae

311 4183 340 4238 et
355 4173 508 4261 legitima
527 4171 695 4262 imperia,
722 4189 755 4242 et
770 4197 841 4240 nun
859 4171 1076 4270 concupiscit
1095 4169 1287 4260 potentiam

309 4289 416 4346 contra
441 4278 569 4364 leges,
602 4286 661 4343 aut
685 4273 759 4342 ulla
782 4273 1060 4344 extraordinaria
1091 4275 1285 4356 commoda,

308 4369 368 4441 ἱιιιιι
390 4399 433 4446 ne
456 4379 576 4447 turbet
596 4378 765 4468 patriam,
790 4377 880 4446 cedit
900 4375 1113 4447 turbulentis
1139 4375 1275 4444 civibus

309 4491 334 4544 et
348 4477 496 4548 iniurias
520 4477 655 4568 accipit.

397 4577 517 4650 Habet
534 4581 684 4648 eundem
700 4579 805 4648 finem
820 4579 1038 4670 propositum
1059 4575 1223 4656 Pericles,
1251 4591 1287 4648 ut

308 4679 396 4750 beata
423 4682 471 4753 sit
499 4683 630 4774 patria,
653 4693 687 4750 et
708 4677 895 4751 antecellat
919 4680 1076 4772 reliquae
1100 4677 1286 4748 Graeciae:

309 4787 359 4848 sed
385 4787 505 4854 medio
529 4805 601 4851 uon
621 4795 713 4850 recte
728 4783 842 4870 eligit,
868 4794 901 4851 et
918 4795 1034 4872 peccat
1059 4781 1188 4850 iniusta
1205 4803 1287 4870 per·

308 4883 446 4970 tinacia,
490 4909 571 4954 curn
602 4885 748 4954 duriora
779 4883 893 4954 edicta
924 4885 1089 4974 proponit
1120 4883 1289 4954 adversus

308 4983 510 5078 Aeginetae,
537 4999 570 5056 ct
587 4985 703 5056 irritat
718 4983 1026 5056 Lacedaemonios.
1700 5068 1708 5086 ·
1726 5071 1735 5086 ·

401 5087 626 5167 Alcibiades,
655 5085 864 5176 Pompeius,
889 5099 923 5158 et
939 5083 1040 5154 multi
1056 5084 1137 5168 alii,
1162 5081 1289 5152 detine
1440 5069 1491 5144 Ut
1512 5071 1610 5162 prior
1630 5071 1826 5138 simrlrtuda
1851 5093 1870 5138 a
1894 5095 1983 5162 vago
2000 5095 2104 5142 cursu
2129 5092 2242 5147 sumta
2259 5091 2321 5164 est,

308 5191 390 5260 etde
406 5189 537 5259 mediis
554 5199 685 5261 malli.
729 5185 775 5258 Se
791 5190 918 5258 volunt
933 5208 1089 5256 summos
1104 5208 1198 5265 esse,
1218 5207 1289 5252 non
1341 5179 1389 5244 ild
1403 5171 1490 5243 haec
1505 5171 1658 5244 sumitur
1682 5197 1702 5240 a
1727 5171 1865 5261 pugile,
1890 5177 1951 5263 qul
1979 5197 2051 5242 tlon
2078 5177 2157 5246 felli
2174 5193 2322 5265 attingo·

309 5289 438 5361 beatam
459 5289 629 5380 patriam,
653 5305 688 5360 et
715 5290 837 5359 multis
852 5287 1208 5360 contrariiaconsiliis
1225 5284 1290 5374 ipsi
1343 5279 1489 5359 nietam,
1538 5274 1598 5342 sed
1626 5273 1814 5352 aberrans,
1850 5289 2004 5344 caestum
2036 5277 2164 5348 incutit
2191 5281 2322 5351 vicinio

309 5391 766 5464 sibiexitiumaecersunts
806 5391 1009 5460 Alcibiades
1033 5387 1292 5457 nunccumci-
1343 5379 1428 5450 aiiri.
1479 5375 1548 5448 Sed
1574 5375 1747 5444 sententia
1769 5377 1888 5442 eadem
1912 5390 1973 5445 est.
2025 5375 2206 5466 Significat
2228 5383 2324 5450 enirn

312 5493 433 5579 ribus,
475 5517 571 5564 nuuc
602 5515 682 5564 curn
716 5491 1002 5562 Lacedaemoniis
1031 5489 1157 5570 sentit,
1198 5509 1294 5557 nunc
1344 5477 1785 5560 ethaecsirnilitudoeos,
1813 5477 1874 5568 qui
1898 5478 2324 5571 autnnllotinepropo-

311 5589 562 5685 'l'igsgphemi’
590 5619 687 5665 mmo
704 5588 935 5663 Pharnabazo
950 5592 1082 5662 amicus
1098 5603 1159 5662 eal,
1345 5585 1411 5652 silo
1430 5579 1708 5656 tumultuantur,
1733 5593 1774 5645 lli
1792 5579 1895 5644 multi
1915 5577 2077 5663 innuisti,
2102 5593 2137 5648 at
2154 5581 2215 5648 alli
2233 5584 2326 5653 illvt’b

405 5697 483 5766 lam
510 5699 732 5768 conferamus
757 5697 912 5788 exempla
938 5695 975 5762 in
1001 5687 1174 5762 Ecclesia:
1204 5686 1295 5758 lere·
1347 5682 1534 5756 homiues:
1573 5690 1634 5748 aut
1665 5680 1801 5746 etiamsi
1835 5703 1958 5746 verum
1988 5679 2092 5746 linem
2127 5681 2323 5770 intuentur,

312 5793 421 5882 miae,
445 5795 649 5890 Baptistae,
685 5795 816 5874 Panlo,
843 5809 932 5866 meta
960 5793 1137 5888 proposita
1163 5807 1232 5872 est,
1258 5803 1298 5860 ut
1348 5801 1467 5858 tamen
1487 5781 1605 5850 media
1629 5780 1684 5846 vel
1703 5781 1904 5870 negligunt,
1929 5781 1982 5846 vel
2008 5805 2080 5848 non
2106 5797 2197 5849 recte
2220 5781 2326 5854 adbi-

311 5901 474 5969 doctrina
500 5925 589 5994 pure
614 5913 844 5993 propagetur,
879 5909 1023 5992 propter
1049 5893 1198 5986 gloriam
1221 5890 1300 5978 Dei,
1350 5891 1448 5959 beut.
1507 5881 1616 6054 'alze
1639 5905 1720 5950 cum
1743 5883 1871 5950 frustra
1893 5881 2073 5966 tabenna,
2103 5883 2273 5955 dicuntur
2293 5899 2327 5957 et

1438 3380 1512 3451 lam
1546 3384 1648 3453 facile
1684 3402 1734 3457 est
1768 3388 1967 3481 intelligere
1997 3408 2148 3468 textum:
2180 3392 2318 3470 Omn's

1336 3501 1502 3567 currunt,
1527 3491 1588 3555 sed
1604 3512 1697 3556 unus
1710 3492 1836 3580 accipit
1855 3497 2068 3584 praemium,
2099 3501 2233 3570 scilicet
2256 3503 2319 3594 qni

1335 3591 1464 3660 direxit
1487 3604 1657 3669 mentem,
1697 3594 1863 3679 coasilia,
1897 3611 1930 3668 et
1953 3601 2170 3672 voluntatem
2193 3604 2237 3671 ad
2263 3605 2321 3671 ia.

1339 3707 1432 3760 etum
1458 3693 1584 3770 linem,
1623 3718 1728 3783 quem
1759 3696 1851 3763 infra
1885 3702 2069 3774 nominat:
2111 3701 2247 3772 Omnia
2273 3707 2320 3776 ad
2406 3761 2412 3768 .

1340 3791 1490 3880 gloriam
1505 3793 1573 3864 Dei
1589 3796 1704 3875 facite,
1729 3813 1763 3866 et
1778 3821 1849 3866 non
1864 3801 1941 3869 sitis
1955 3805 2123 3874 scandalo
2130 3801 2321 3894 Ecclesiae,

1341 3899 1375 3964 id
1396 3911 1465 3977 est,
1493 3897 1558 3989 qai
1573 3898 1759 3984 praecipue
1775 3893 1844 3966 hoc
1863 3903 1959 3987 vult,
1985 3919 2024 3974 ιιι
2040 3905 2140 3974 Deus
2162 3931 2244 3976 vere
2260 3912 2320 3978 in-

1340 4010 1502 4081 vocetur,
1534 4013 1575 4066 ut
1596 3995 1754 4068 Ecclesia
1777 4000 1879 4073 beata
1898 4005 1957 4075 sit.
2021 4006 2069 4076 Et
2088 4007 2204 4076 media
2225 4023 2321 4080 recte

1339 4100 1451 4186 eligit,
1485 4114 1577 4168 recte
1600 4103 1703 4169 docet
1724 4105 1937 4189 necessaria,
1974 4108 2090 4180 frenat
2110 4111 2321 4199 cupiditates

1340 4203 1506 4293 priuatas.
1555 4197 1603 4270 Et
1619 4203 1670 4270 sic
1693 4205 1804 4272 currit
1820 4203 1968 4278 Paulus:
1995 4205 2047 4290 ὥς
2068 4207 2140 4282 οὐκ
2158 4206 2321 4304 ἀδήλως,

1339 4327 1413 4372 ιιοιι
1441 4327 1544 4372 coeco
1576 4305 1730 4394 impetu,
1761 4305 1837 4375 sine
1870 4311 2084 4396 cogitatione
2111 4313 2212 4397 linis,
2245 4337 2322 4384 non

1276 4429 1286 4461 ι
1338 4407 1414 4476 sine
1437 4405 1625 4496 prudentia
1647 4406 1799 4495 eligente
1819 4411 1936 4482 media
1955 4415 2143 4498 saltatoria,
2166 4437 2240 4482 non
2264 4414 2322 4484 in-

1339 4507 1502 4578 consulto
1516 4507 1655 4588 studio,
1676 4525 1716 4578 ut
1731 4533 1873 4578 currere
1888 4507 1945 4578 his
1960 4517 2065 4584 anuis
2079 4514 2209 4583 multos
2228 4515 2321 4586 ridi·

1339 4633 1437 4690 mas,
1465 4632 1539 4678 non
1564 4607 1676 4676 malos
1702 4604 1882 4694 homines,
1904 4615 1964 4682 red
1990 4617 2104 4684 media
2128 4638 2204 4685 uon
2224 4631 2321 4688 recta

1339 4712 1525 4802 eligentes,
1549 4724 1589 4782 ut
1604 4707 1803 4782 Hutteunm
1819 4724 1852 4783 et
1868 4712 1969 4786 alios.

1532 4907 1857 4996 Ob'uocrrvxrsriro.
1909 4913 1972 4990 Sic
1987 4943 2126 5015 pugno.
