5825 6950
555 665 634 745 sss
1080 660 1279 743 ,enm
1306 658 1424 739 nter.
1447 656 1659 736 senum
1684 655 1987 741 nxasnrrca,
2121 726 2126 737 .
2384 670 2389 677 ·
2515 667 2647 753 aas,

563 845 622 913 clia
637 839 820 913 doctrinae
838 835 1031 907 necessaria
1044 832 1239 917 Ecclesiae,
1265 835 1310 903 ad
1334 838 1556 905 venerandos
1607 830 1807 907 mostbenes
1830 835 1970 921 etalii,
2009 835 2068 905 sed
2102 833 2257 905 exitiales
2275 833 2346 919 sibi
2368 832 2453 926 ipsis
2477 845 2512 904 et
2533 860 2585 925 pa-

562 940 752 1032 Erangelii
770 939 972 1030 ministros,
988 942 1150 1011 doctores
1167 954 1203 1009 et
1218 935 1422 1034 discipulos.
1457 933 1555 1006 Hor-
1607 940 1705 1011 triae.
1734 936 1831 1007 llaec
1847 960 1971 1026 magna
1989 952 2024 1009 et
2036 936 2227 1007 ineffabilis
2242 936 2384 1009 miseria
2399 948 2465 1021 est,
2479 939 2585 1028 frangi

563 1062 682 1119 temur
705 1043 882 1136 principes
902 1054 937 1113 et
959 1026 1139 1123 civitates,
1160 1036 1450 1128 ntllvangelium
1468 1065 1555 1129 pure
1606 1058 1638 1109 et
1662 1040 1823 1110 consumi
1847 1053 1986 1110 tantum
2009 1038 2217 1131 perniciosis
2239 1039 2439 1109 laboribus:
2477 1039 2587 1109 minus

565 1162 603 1220 et
618 1159 712 1219 recte
736 1145 888 1239 proponi
908 1141 1075 1213 Ecclesiis
1097 1156 1241 1232 curent,
1274 1156 1310 1210 et
1331 1140 1556 1213 consolemur
1606 1142 1712 1211 miser
1744 1155 1796 1211 est
1817 1140 1958 1232 Scipio,
1997 1142 2060 1235 qui
2092 1162 2148 1211 res
2168 1140 2258 1230 gerit
2279 1140 2384 1211 utiles
2406 1138 2542 1232 patriae
2561 1156 2590 1213 et
2646 1182 2647 1191 ι

565 1273 708 1335 omnes,
738 1248 798 1342 qui
824 1244 979 1337 pericula
1002 1261 1036 1313 ct
1055 1267 1242 1313 aerumnas
1265 1244 1440 1313 sustinent
1457 1266 1578 1333 -prof
1607 1243 1819 1334 posteritati,
1861 1245 1921 1313 sed
1946 1258 2064 1313 tamen
2090 1266 2156 1313 nec
2174 1242 2295 1327 novit,
2329 1266 2395 1315 nee
2417 1242 2591 1315 invocavit

564 1367 646 1445 pter
661 1348 950 1443 propagationem
968 1344 1166 1434 Evangelii.
1219 1342 1384 1437 Denique
1400 1358 1434 1415 et
1450 1345 1555 1414 nobis
1606 1344 1742 1425 Deum,
1766 1368 1830 1415 nec
1847 1345 1970 1417 retulit
1989 1368 2072 1415 suos
2088 1344 2226 1421 labores
2241 1344 2287 1413 ad
2304 1338 2400 1414 bunc
2415 1343 2537 1428 finem,
2558 1360 2592 1417 ut

565 1455 672 1546 ipsis,
711 1451 773 1544 qui
795 1463 938 1541 propter
968 1448 1125 1519 studium
1147 1444 1333 1537 Evangelii
1362 1445 1554 1515 toleramus
1609 1448 1702 1517 Deus
1718 1460 1811 1517 recte
1824 1460 2034 1537 agnoscatur
2048 1460 2083 1517 et
2097 1447 2305 1521 celebretur.
2345 1444 2431 1515 Ideo
2447 1468 2517 1517 nee
2532 1446 2589 1536 ipsi

566 1566 806 1636 contemtum,
832 1550 1009 1641 inopiam,
1035 1549 1157 1633 exilia,
1183 1549 1356 1641 supplicia
1378 1549 1553 1619 etmulti·
1607 1548 1766 1640 Scipioni
1782 1549 1951 1618 salutares
1970 1548 2131 1619 sunrcsni
2154 1548 2312 1631 labores,
2344 1572 2411 1617 nec
2436 1547 2591 1619 serviunt

565 1660 675 1749 plices
703 1653 878 1735 miserias,
911 1647 1003 1720 banc
1024 1652 1302 1721 consolationem
1326 1650 1555 1718 inculcemus.
1608 1653 1712 1721 rebus
1741 1645 1890 1720 divinis.
1957 1648 2006 1720 At
2040 1649 2203 1730 Samuel,
2242 1648 2375 1731 David,
2416 1648 2589 1735 ieremias,

561 1760 609 1833 ,ln
626 1754 694 1827 hoc
716 1756 934 1846 glorificatur
953 1765 1053 1844 pater
1075 1776 1192 1836 meus,
1223 1766 1263 1823 nt
1285 1752 1439 1820 fructum
1461 1751 1555 1819 mul·
1607 1752 1783 1844 Baptista,
1809 1767 1841 1823 et
1857 1753 2006 1836 similes,
2032 1752 2096 1821 etsi
2112 1755 2287 1823 sustinent
2308 1753 2470 1841 ingentes
2496 1774 2591 1821 aem·

564 1876 642 1933 tum
660 1858 798 1937 feratis,
817 1868 851 1925 et
866 1855 957 1925 liatis
973 1853 1044 1923 mei
1058 1853 1237 1948 discipuli.
1269 1851 1439 1925 Fructum
1453 1853 1557 1938 serre,
1608 1856 2043 1945 mnaseriguotempore,
2076 1868 2193 1923 tamen
2210 1855 2303 1925 beati
2318 1868 2422 1937 sunt,
2456 1854 2591 1945 quiaet

566 1979 601 2032 et
631 1960 704 2029 fieri
737 1960 932 2049 discipulos
961 1952 1116 2041 Christi,
1156 1953 1328 2045 significat
1361 1978 1555 2048 propagare
1608 1954 1683 2027 Deo
1698 1956 1856 2049 placent,
1882 1973 1915 2027 et
1932 1970 2128 2044 resgerunt
2143 1950 2347 2049 perpetuam
2371 1956 2526 2024 salutern
2549 1956 2592 2023 al-

564 2061 822 2151 Evangelinm,
847 2084 908 2130 seu
931 2060 1064 2128 servire
1089 2059 1129 2128 in
1152 2059 1349 2129 ministerio
1372 2072 1407 2127 et
1428 2060 1557 2129 studiis
1607 2060 1758 2131 serentes
1779 2055 1865 2148 ipsis
1887 2057 2127 2130 ctEcclesiae.
2178 2056 2275 2127 llaec
2298 2056 2499 2127 consolatio
2523 2078 2590 2125 sac·

565 2163 770 2253 Evangelii,
795 2159 863 2233 ltoc
878 2162 993 2233 officio
1009 2161 1161 2232 affirmat
1178 2155 1344 2231 Christus
1364 2160 1554 2247 glorificari
1611 2156 2265 2251 pissimempetitaestutadAbrabam
2277 2155 2591 2240 dicitur,Gen.15.:

565 2265 696 2337 Deum.
750 2261 872 2357 ltaque
895 2264 1079 2353 Evangelii
1103 2263 1309 2362 propagatio
1331 2275 1365 2331 et
1387 2263 1556 2345 studium,
1581 2319 1584 2330 .
1613 2261 1684 2352 Ego
1702 2276 1880 2355 protector
1901 2277 2002 2345 tuus,
2036 2277 2070 2332 et
2094 2282 2224 2331 merces
2245 2276 2307 2331 tua
2332 2284 2459 2351 magna
2485 2262 2589 2331 valde.

566 2368 757 2439 suntbona
778 2390 903 2458 opera,
939 2363 1015 2435 Deo
1038 2364 1230 2458 placentia,
1261 2364 1376 2433 cultus
1399 2362 1467 2433 Dei
1494 2388 1555 2431 ne·
1610 2364 1800 2435 Pollicetur
1814 2366 2074 2446 defensionem,
2102 2364 2255 2455 praemia
2279 2376 2312 2431 et
2336 2385 2534 2449 antecessus,
2563 2376 2592 2431 et

566 2469 728 2554 cessarii,
770 2469 901 2562 quibus
923 2464 1019 2539 Deos
1047 2468 1200 2538 affirmat
1224 2490 1265 2537 se
1290 2460 1428 2537 honore
1450 2464 1554 2538 alfici.
1607 2468 1643 2540 2,
1659 2462 1825 2537 Corinth.
1842 2466 1878 2540 4.
1894 2467 1979 2537 dicit
1995 2464 2244 2536 Paulusaldro
2261 2490 2333 2533 nou
2352 2465 2591 2553 defatigamur,
2646 2478 2647 2551 t

565 2572 663 2643 llaec
680 2585 731 2642 est
746 2569 894 2661 simplex
911 2564 1018 2639 huius
1037 2569 1125 2642 dicti
1149 2569 1341 2648 sententia,
1374 2594 1464 2661 quae
1489 2592 1555 2637 no·
1607 2570 1669 2638 sed
1693 2570 1854 2662 quamvis
1877 2583 2042 2639 externus
2064 2580 2185 2639 noster
2208 2562 2316 2635 bomo
2341 2565 2588 2657 corrumpitur,

564 2674 620 2747 bis
643 2688 677 2744 et
701 2673 875 2745 illustrior
900 2686 933 2742 et
958 2672 1098 2744 dulcior
1120 2671 1206 2757 erit,
1243 2694 1322 2741 cum
1343 2665 1411 2741 hoc
1438 2673 1556 2755 modo,
1610 2686 1726 2741 tamen
1750 2671 1899 2743 interior
1924 2668 2124 2740 renovatur
2140 2672 2182 2737 de
2208 2669 2264 2737 die
2289 2668 2325 2735 in
2348 2669 2453 2741 diem.
2500 2664 2585 2734 Nam

565 2791 605 2847 nt
619 2776 713 2862 diri,
738 2798 813 2850 eam
832 2776 876 2844 ad
889 2795 993 2844 nsum
1009 2773 1367 2849 accommodabimus.
1610 2772 1812 2857 tribulatio,
1837 2798 1948 2865 quae,
1974 2799 2053 2843 curn
2074 2769 2188 2841 subita
2208 2772 2269 2855 sit,
2295 2770 2384 2839 levis
2400 2784 2467 2854 est,
2491 2768 2590 2837 ailert

675 2943 779 3017 wag
796 2940 929 3020 dnm,
944 2969 1000 3017 me
1011 2956 1135 3044 pam,
1163 2944 1216 3016 aa
1236 2940 1359 3019 dilexi
1373 2968 1444 3016 vos·
1609 2873 1779 2945 excellens
1793 2878 1933 2966 pondus
1949 2889 2110 2945 aeternae
2125 2876 2268 2965 gloriae.

668 3080 718 3154 Et
732 3077 909 3173 bis-ipsis,
942 3082 1003 3174 qni
1026 3095 1233 3152 exercentur
1254 3079 1420 3171 perieulis
1443 3092 1477 3148 et
1498 3102 1556 3149 ae.
1608 3042 1754 3117 Hocest
1771 3040 1992 3117 mandatam
2010 3069 2148 3127 mcum,
2184 3053 2221 3113 nt
2241 3039 2416 3137 diligatis
2435 3040 2591 3112 tantona.

564 3188 706 3257 cumnis
723 3199 869 3276 propter
891 3184 1006 3252 studia
1030 3198 1064 3253 et
1087 3183 1375 3276 propagationem
1390 3179 1555 3269 Evange-
1708 3182 1904 3280 Aliquanto
1923 3186 2087 3278 superins
2107 3184 2286 3273 descripsit
2305 3178 2519 3263 Ecclesiam,
2543 3194 2591 3247 at-

563 3289 625 3372 lii,
669 3286 863 3357 consolatio
899 3286 1061 3355 amisium
1095 3309 1230 3363 aramma
1259 3302 1294 3357 et
1323 3286 1556 3353 mercesim-
1609 3288 1893 3373 tribunorum,
1932 3288 2213 3389 invocationem,
2246 3300 2279 3353 et
2306 3284 2592 3375 propagationem

562 3412 685 3460 rncnsa
715 3388 940 3479 proponitur.
999 3386 1098 3457 Sicut
1129 3387 1254 3456 dilexit
1282 3410 1339 3455 me
1362 3400 1476 3477 pater,
1507 3387 1556 3457 ita
1609 3386 1804 3482 Evangelii.
1856 3388 1961 3476 Nuitc
1977 3391 2019 3459 de
2038 3388 2141 3459 tertio
2166 3386 2262 3455 cultu
2286 3410 2347 3455 scu
2371 3388 2469 3453 botro
2493 3406 2594 3474 opere

565 3516 630 3580 ego
647 3491 758 3578 diligo
777 3513 852 3564 vos.
904 3486 982 3560 Etsi
1005 3490 1107 3578 impii
1132 3490 1339 3560 ardentibus
1362 3490 1454 3560 odiis
1481 3512 1556 3573 vos,
1609 3495 1859 3577 concionatur,
1893 3497 1988 3587 quod
2015 3509 2048 3562 et
2071 3493 2186 3581 ipsum
2211 3515 2285 3558 nou
2308 3489 2422 3556 solum
2448 3487 2594 3576 singulis

565 3593 629 3687 qni
643 3589 879 3681 Evangelinm
898 3593 1100 3681 propagatis
1115 3607 1150 3662 et
1163 3592 1319 3675 discitis,
1341 3615 1555 3683 persequen-
1608 3597 1645 3664 in
1663 3596 1799 3687 privata
1817 3594 1888 3664 vita
1906 3595 2140 3662 necessarium
2158 3605 2228 3672 est,
2256 3591 2313 3660 sed
2332 3590 2436 3659 etiam
2454 3589 2594 3678 publice

563 3710 641 3778 tur,
681 3709 800 3766 tamen
827 3692 951 3762 scitote
983 3717 1044 3762 vos
1070 3693 1171 3784 diligi
1198 3708 1233 3764 et
1261 3694 1404 3762 delendi
1435 3689 1555 3762 aDeo
1608 3699 1645 3766 in
1661 3698 1913 3790 propagatione
1931 3697 2113 3768 doctrinae
2139 3709 2171 3764 et
2194 3695 2231 3762 in
2254 3691 2518 3783 gubernatione
2537 3687 2597 3759 Ec·

564 3810 666 3890 patre
683 3808 716 3865 et
731 3820 751 3866 a
768 3795 842 3864 filio
859 3794 1015 3866 Domino
1036 3810 1161 3866 nostro
1181 3793 1260 3866 lesu
1276 3791 1440 3879 Christo,
1466 3794 1556 3866 sicut
1608 3800 1751 3882 clesiae,
1783 3799 1946 3870 videlicet
1977 3800 2019 3867 de
2044 3798 2232 3868 concordia
2256 3819 2316 3864 seu
2341 3807 2462 3862 mutua
2494 3795 2598 3861 bruc·

564 3921 668 3989 saepe
696 3897 782 3966 alias
808 3897 960 3975 dicitur,
1002 3911 1038 3966 et
1064 3896 1190 3967 Esaiae
1218 3923 1294 3988 cap.
1325 3890 1387 3968 51.
1419 3899 1555 3966 dictum
1609 3901 1774 3971 volentia.
1814 3899 2061 3991 'Perspicuum
2096 3914 2147 3968 est
2178 3899 2406 3977 ntattttlatum,
2446 3909 2481 3964 et
2521 3913 2597 3964 nota

566 4014 636 4070 cst:
660 3996 768 4068 Posui
786 3999 936 4068 verbum
961 4022 1081 4068 menrn
1106 3999 1144 4068 in
1169 4024 1231 4070 ore
1256 4013 1340 4084 tuo,
1373 4013 1407 4070 et
1428 4002 1556 4068 umbra
1590 4004 1774 4078 'omnibus
1788 4006 1961 4072 sententia
1976 4017 2041 4072 est:
2068 3999 2268 4071 Concordia
2290 4023 2418 4094 parvae
2442 4021 2504 4065 res
2529 4021 2597 4066 cre-

564 4121 809 4170 manusmeae
829 4097 967 4190 proteri
991 4113 1042 4183 te,
1071 4114 1114 4169 nt
1137 4103 1274 4191 plantes
1299 4102 1427 4170 coelos.
1479 4099 1556 4169 llae
1608 4119 1731 4189 scunt,
1771 4105 1947 4176 discordia
1980 4128 2127 4194 rttrtgnae
2158 4103 2384 4184 dilabuutur,
2435 4113 2469 4167 et
2498 4121 2598 4166 nemo

564 4200 819 4293 promissiones
847 4201 992 4270 divinae
1020 4207 1252 4294 opponendae
1280 4216 1364 4272 sunt
1385 4205 1477 4273 odiis
1501 4219 1545 4296 ty·
1609 4209 1747 4297 iguorat
1766 4197 1964 4278 Psalmttm}
1991 4201 2082 4276 Ecce
2098 4229 2202 4298 quam
2219 4205 2353 4272 lanatum
2370 4215 2401 4270 et
2417 4224 2532 4292 qnam
2551 4202 2601 4266 iu-

565 4303 742 4389 rannicis,
766 4303 1129 4392 etobtemperandum
1151 4302 1295 4376 estDeo
1316 4307 1556 4398 praecipienti,
1608 4312 1783 4396 cundum,
1825 4304 1984 4378 babitare
2007 4309 2130 4376 fratres
2151 4307 2187 4373 in
2212 4328 2336 4374 unuin.
2400 4301 2478 4390 Qui
2506 4301 2603 4372 Psal-

555 4420 605 4479 ut
620 4399 855 4496 Evangelium
870 4427 1125 4496 propagemus,
1157 4408 1429 4505 etlaetandum,
1460 4407 1556 4500 quod
1609 4435 1688 4480 anns
1721 4411 1948 4503 peculiariter
1970 4415 2015 4480 de
2039 4409 2220 4478 doctrinae
2243 4405 2433 4475 concordia
2456 4404 2603 4474 concio-

563 4509 611 4578 ab
634 4507 711 4600 ipso
733 4506 943 4597 diligamur,
976 4531 1016 4576 ac
1040 4510 1213 4598 speranda
1237 4521 1306 4592 est,
1342 4533 1416 4579 non
1439 4510 1556 4578 solum
1610 4527 1725 4584 natur.
1775 4512 1870 4603 Quia
1884 4537 1963 4583 cnm
1980 4514 2018 4582 tit
2035 4512 2168 4580 mentio
2185 4507 2354 4598 balsami,
2384 4528 2454 4598 quo
2476 4507 2602 4576 Aaron
2646 4505 2647 4580 l

562 4609 743 4694 defensio,
767 4611 830 4680 sed
856 4608 962 4680 etiam
984 4608 1133 4680 felicitas
1157 4611 1195 4679 in
1217 4610 1413 4698 colligenda
1430 4607 1554 4682 Eccle-
1609 4626 1736 4684 tructus
1767 4629 1838 4697 est,
1878 4615 2039 4686 doctrina
2070 4612 2298 4702 significatur.
2366 4605 2414 4680 Ut
2449 4607 2605 4678 distillat

564 4713 635 4795 sia,
660 4711 757 4806 quod
772 4709 936 4785 videlicet
951 4711 1064 4782 nostri
1081 4711 1219 4788 labores
1241 4711 1355 4781 futuri
1378 4713 1451 4783 sint
1474 4737 1555 4804 per·
1609 4717 1802 4788 balsamum
1828 4741 1846 4787 a
1869 4718 1999 4787 vertice
2022 4713 2176 4784 Aarouis
2211 4713 2249 4780 in
2281 4711 2430 4782 barbam
2457 4728 2496 4780 et
2526 4731 2605 4778 oras
2646 4731 2647 4810 t

563 4825 672 4902 petuo
688 4813 858 4884 salutares
872 4813 977 4883 nobis
1000 4814 1087 4905 ipsis
1107 4828 1142 4885 et
1163 4815 1555 4904 magnae‘mnltitudini
1611 4820 1827 4899 vestimenti,
1870 4821 1917 4887 ita
1939 4844 2010 4888 uua
2033 4817 2191 4886 doctrina
2218 4815 2262 4882 ab
2285 4831 2358 4884 uno
2380 4835 2527 4882 summo
2553 4835 2609 4878 sa·
2646 4819 2647 4876 t

564 4936 670 4984 verae
684 4910 871 4985 Ecclesiae.
1609 4924 1768 5002 cerdote,
1795 4933 1828 4991 et
1846 4923 1974 4990 vertice
1991 4913 2132 4991 Christo
2148 4939 2288 5008 sparsa,
2308 4918 2477 4984 doceatur
2493 4939 2515 4982 a
2534 4926 2606 4982 toto

667 5013 764 5086 llaec
779 5027 832 5086 est
847 5030 965 5089 autem
981 5039 1063 5086 vera
1078 5029 1114 5088 et
1128 5016 1228 5088 lirma
1243 5018 1458 5103 consolatio,
1483 5019 1557 5089 lac-
1608 5037 1709 5092 coetu
1726 5023 1966 5106 sacerdotum,
1998 5045 2071 5091 non
2094 5021 2229 5110 lingant
2251 5017 2319 5088 sibi
2345 5013 2512 5086 homines
2542 5042 2608 5082 no-
2646 5097 2647 5110 ,

563 5116 653 5202 tari,
686 5116 770 5210 quia
792 5116 923 5188 scimus
942 5141 1008 5189 nos
1030 5114 1107 5189 Deo
1130 5120 1392 5210 obtemperare.
1426 5135 1460 5193 et
1479 5119 1556 5192 Deo
1608 5148 1668 5194 vas
1689 5127 1877 5216 opiniones
1899 5125 2054 5207 deDeo,
2082 5125 2143 5192 sed
2167 5132 2358 5211 agnoscant
2380 5139 2483 5201 eum,
2513 5117 2608 5186 sicut

564 5219 703 5309 placere
720 5231 861 5290 nostros
886 5219 1045 5302 labores,
1077 5221 1151 5290 imo
1174 5221 1342 5292 sacrificia
1358 5220 1434 5293 Deo
1456 5237 1556 5314 grata
1609 5228 1734 5317 ipsese
1750 5227 1930 5317 patefecit,
1948 5239 1981 5294 et
1996 5226 2114 5295 colant
2129 5247 2210 5295 eum
2227 5223 2322 5291 iuxta
2337 5219 2488 5290 verbum
2504 5218 2609 5312 qnod

564 5343 659 5405 csse,
683 5320 1013 5392 etnosdelendiar
1032 5320 1295 5409 iuvarialleo,
1319 5349 1387 5394 nec
1409 5347 1484 5395 esse
1506 5327 1554 5395 ir·
1610 5329 1857 5418 ipsetratlidit.
1892 5323 2090 5400 Estautem
2107 5325 2285 5418 singulare
2303 5315 2428 5400 πάθος
2443 5315 2502 5389 bis
2521 5343 2608 5410 par-

562 5423 651 5491 ritas
674 5423 937 5506 contentiones,
969 5423 1031 5494 sed
1052 5424 1222 5496 salutares
1248 5426 1353 5497 nobis
1374 5439 1409 5496 et
1430 5425 1555 5498 Eccle-
1609 5429 1726 5498 ticulis
1760 5429 2016 5520 significatum,
2043 5427 2122 5498 Hoc
2147 5438 2372 5519 praeceptum
2388 5446 2521 5492 meum.
2542 5437 2606 5490 est,

561 5524 634 5594 siae
657 5521 744 5610 Dei,
768 5525 962 5596 *aeternitas
993 5525 1166 5596 intuenda
1185 5539 1260 5610 est,
1293 5551 1333 5596 ac
1356 5551 1437 5597 vere
1460 5529 1556 5600 bona
1608 5529 1681 5608 Cur
1699 5545 1797 5600 vocat
1818 5531 1960 5621 proprie
1977 5553 2100 5616 sunm,
2126 5553 2206 5600 cum
2231 5529 2333 5598 toties
2358 5539 2460 5594 antea
2487 5523 2608 5592 tradi-

564 5629 740 5696 ducantuc
755 5625 943 5710 illabens,
969 5646 1059 5718 qnae
1077 5641 1247 5719 perpetuo
1270 5629 1439 5698 dnr'atura
1461 5645 1555 5711 sunt,
1607 5649 1683 5703 tum
1697 5632 1767 5703 sit?
1791 5629 1867 5702 Alii
1884 5633 2009 5703 usitate
2026 5631 2254 5723 respondent,
2270 5628 2338 5697 dici
2348 5621 2483 5698 Christi
2499 5647 2609 5692 inan·

564 5741 600 5794 et
614 5741 698 5797 sunt
712 5741 881 5819 perpetua
903 5750 982 5798 cum
998 5723 1075 5799 Deo
1095 5731 1334 5808 consuetudo,
1366 5731 1556 5802 lactitia'et
1608 5735 1750 5818 datum,
1777 5748 1922 5825 propter
1933 5736 2125 5814 auxilium,
2151 5733 2233 5826 quia
2252 5726 2416 5800 Cbristus
2439 5731 2498 5797 dat
2516 5727 2610 5816 Spi-

564 5829 689 5918 gloria,
749 5826 904 5921 Magnos
927 5829 1067 5902 labores
1088 5830 1262 5902 sustinent
1283 5828 1465 5920 Pericles,
1484 5829 1557 5905 De·
1609 5836 1716 5906 ritum
1731 5850 1910 5923 sanctum,
1938 5860 2010 5929 qno
2027 5836 2133 5914 corda
2156 5834 2419 5916 accenduntur,
2455 5843 2492 5900 ut
2516 5825 2610 5897 lruic
