5825 6950
596 611 674 686 aar
838 643 842 651 ι
1194 603 1326 687 enta.
1352 604 1471 688 ttttu
1494 605 1706 686 scelera
1732 603 2076 688 aseneum..
2153 679 2161 690 ,
2235 679 2242 688 ,
2517 629 2565 710 ap

601 794 688 878 bum
713 785 812 881 qnod
836 791 888 855 est
913 777 954 850 in
974 800 1037 850 ore
1058 789 1146 852 tum·
1185 775 1236 852 Et
1247 777 1395 852 Paulus:
1427 779 1588 854 Verbum
1738 775 1947 872 Propositio‘
1964 779 2146 873 repetitur.
2210 777 2308 856 Nun
2337 784 2384 860 ite
2410 789 2485 884 lapsi
2505 817 2564 890 mag
2609 823 2610 860 r

601 895 699 990 «μή
729 885 981 984 praedicamus.
1047 882 1158 969 item,
1196 884 1385 973 'coniungit
1417 885 1592 971 auditum,
1638 894 1681 953 nt
1694 892 1766 954 tota
1787 901 1873 970 gens
1888 881 1936 952 sit
1950 885 2133 976 peritura?
2158 883 2255 960 Non.
2302 885 2351 961 Et
2368 894 2493 972 additur
2508 907 2564 976 pp,
2607 921 2610 956 a

600 991 924 1090 medicationem,
948 998 983 1056 et
999 983 1215 1058 missionem.
1262 984 1310 1057 Et
1327 982 1506 1078 Propheta
1529 1011 1590 1078 pe-
1638 1007 1683 1054 cs
1697 1005 1802 1054 causa
1816 983 1928 1058 finali.
2608 997 2610 1059 ἲ

602 1097 822 1174 derlandat,
845 1102 889 1161 nt
908 1101 1054 1158 testetur
1069 1088 1265 1157 selaudare
1280 1091 1429 1160 verbnm
1451 1089 1593 1182 praedi·
1741 1084 1850 1177 Lapsi
1872 1098 1956 1158 sunt
1979 1084 2100 1184 aliqua
2122 1112 2165 1160 ex
2183 1104 2300 1182 parte,
2324 1105 2362 1166 ut
2383 1097 2566 1192 reciperentur
2608 1123 2610 1134 ’

599 1217 719 1274 catum
739 1217 826 1268 voce
844 1194 1011 1272 istorum,
1036 1189 1100 1281 qui
1116 1189 1310 1261 mittuntur
1333 1215 1353 1262 a
1374 1192 1463 1268 Deo.
1514 1190 1592 1262 Hos
1640 1199 1762 1279 gentes
1780 1189 1824 1258 ad
1841 1192 2086 1278 provocandos
2102 1188 2274 1268 ludaeos:

601 1305 711 1396 pedes
733 1294 977 1370 contaminent
998 1303 1032 1364 et
1051 1306 1254 1383 conspuunt
1272 1294 1351 1375 isti,
1378 1295 1442 1387 qni
1461 1308 1593 1385 negant
1742 1285 1839 1380 Ergo
1855 1313 1928 1360 non
1944 1305 2028 1364 sunt
2048 1294 2128 1367 ideo
2144 1295 2255 1389 lapsi,
2280 1310 2319 1368 nt
2340 1292 2422 1370 haec
2438 1313 2500 1374 tots
2517 1327 2569 1395 gen

600 1404 764 1475 Verbum
787 1411 822 1472 et
847 1397 1073 1470 Sacramenta
1102 1395 1267 1483 prodesse
1290 1398 1335 1466 ad
1359 1398 1593 1468 consolandas
1640 1389 1863 1464 abiiceretur.
2193 1443 2196 1452 .

603 1525 639 1582 et
659 1497 920 1576 confirmandas
938 1496 1184 1569 conscientias.
1236 1494 1307 1568 Sed
1335 1494 1423 1570 haec
1443 1501 1593 1571 fortasse
1744 1493 1969 1566 Antecedens
1991 1498 2191 1586 argumenti
2213 1500 2340 1572 callide
2355 1501 2570 1593 invenirem
2607 1526 2611 1564 r

603 1607 774 1682 convenit
801 1605 841 1673 in
866 1599 1121 1669 commentario
1138 1611 1318 1684 tractare,
1358 1626 1435 1672 non
1459 1603 1497 1672 in
1527 1599 1594 1672 hoc
1644 1591 1728 1667 hinc
1749 1597 1818 1666 alia
1838 1597 1931 1667 ratio
1953 1598 2160 1689 colligatur,
2185 1625 2275 1695 quae
2296 1607 2450 1679 ostendat
2468 1603 2570 1682 ludam

603 1731 728 1804 opere,
746 1707 817 1778 tuit
840 1717 959 1774 tamen
982 1700 1099 1770 obiter
1120 1700 1368 1774 admonendus
1393 1705 1523 1790 lector,
1549 1727 1595 1774 ne
1644 1722 1718 1772 nou
1735 1722 1810 1770 esse
1826 1699 1994 1774 abiectos,
2608 1760 2611 1776 ‚

603 1822 790 1886 restantes
806 1803 875 1876 hoc
886 1805 967 1894 loco
977 1803 1109 1894 positas
1122 1803 1341 1894 negligenter
1351 1808 1568 1898 praeteriret.
1745 1800 1882 1892 hapsus
1896 1799 2113 1882 ludaeorum
2126 1829 2201 1878 non
2215 1807 2285 1881 suit
2298 1829 2405 1900 perse
2418 1833 2519 1897 cansa,
2536 1835 2571 1882 m

704 1911 831 1982 Postea
848 1905 943 1977 redit
957 1907 1002 1974 ad
1019 1901 1232 1976 ludaeorum
1250 1907 1497 1991 defectionem,
1514 1933 1594 1980 cum
1645 1919 1856 1974 vocarentur
1878 1917 2010 1994 gentes.
2087 1905 2157 1979 Sed
2186 1912 2297 2001 magis
2320 1911 2519 1984 incolumitas
2536 1911 2571 1984 lo

603 2017 671 2088 ait:
703 2014 775 2087 Sed
794 2033 869 2082 non
894 2028 1018 2079 omnes
1039 2007 1213 2078 obediunt
1227 2007 1442 2101 Evangelio,
1476 2028 1510 2083 ct
1533 2014 1596 2082 ad·
1643 2009 1816 2078 dacorum
1847 2006 1928 2078 fuit·
1945 2031 2009 2099 per
2038 2032 2076 2079 se
2103 2034 2215 2092 causa,
2234 2014 2424 2085 vocationis
2448 2015 2571 2104 gentiun:

606 2122 664 2190 dit
688 2111 911 2190 testimonia,
944 2131 1035 2202 quae
1058 2110 1300 2182 vaticinantur
1322 2115 1367 2183 de
1385 2113 1599 2186 ludaeorum
1646 2105 1741 2198 Ergo
1764 2103 1980 2180 ludaeinon
2003 2125 2088 2184 sunt
2110 2114 2255 2186 abiecti.
2306 2114 2573 2207 Antecedenspro
2611 2177 2612 2200 ἶ

603 2222 723 2292 ruina.
760 2214 853 2288 Nam
870 2235 952 2283 curn
965 2211 1126 2282 offendat
1142 2212 1337 2286 imbecilles
1352 2218 1509 2307 paucitas
1525 2240 1602 2288 cre·
1646 2213 1754 2283 batur
1769 2233 1811 2280 ex
1827 2233 1929 2282 causa
1944 2212 2044 2284 finali
2062 2216 2259 2289 vocationis
2277 2219 2442 2308 gentium.

608 2322 793 2402 dentium,
819 2337 912 2408 opus
933 2327 986 2384 est
1006 2315 1174 2385 adversus
1195 2316 1233 2384 id
1257 2318 1463 2390 scandalum
1488 2344 1601 2412 oppa·
1753 2307 1888 2384 Gentes
1904 2328 2064 2407 receptae
2087 2332 2189 2399 sunt,
2216 2335 2258 2392 ut
2280 2333 2462 2412 provocent
2473 2315 2574 2389 ludaeos

607 2433 697 2497 „era
711 2421 971 2513 scripturaqnt
986 2416 1192 2510 iudicoDei
1206 2417 1246 2488 id
1265 2420 1424 2492 accidere
1439 2423 1564 2500 ariane,
1650 2416 1697 2486 ad
1722 2418 1938 2486 credendum
1956 2411 2109 2492 christo:
2137 2417 2234 2511 Ergo
2257 2435 2391 2494 restant
2405 2419 2504 2492 ludaei
2520 2443 2575 2488 rer·

1646 2517 1782 2588 turiad
1801 2511 1997 2592 Christum.
2047 2517 2146 2610 Quid
2172 2524 2271 2594 enirn
2288 2547 2378 2617 opus
2400 2536 2575 2612 essetpmro

978 2652 1116 2762 caut
1157 2651 1236 2742 >ss-
1650 2643 1760 2792 itt
1783 2621 2138 2817 ,itttlttttllt
2160 2621 2613 2838 illitterati,

707 2805 888 2884 Gorr0⁰fi0
910 2818 982 2890 ⁸⁸12
1015 2805 1055 2874 5¹¹
1082 2827 1152 2897 qm
1178 2805 1320 2895 “midai
1342 2831 1404 2894 ⁰³,
1447 2837 1537 2905 quae
1561 2815 1607 2886 de
1652 2823 1885 2898 ratiocinatur
1911 2777 2068 2919 reliqhos
2100 2851 2174 2899 esse
2202 2831 2332 2903 electos
2360 2834 2397 2900 in
2420 2821 2577 2920 populolu·
2610 2847 2613 2876 l

604 2911 715 2986 ruina
742 2909 955 2980 ludaeorum
980 2907 1201 2992 dictasunt,
1241 2923 1277 2980 et
1302 2911 1525 3002 consolatur,
1559 2941 1604 2986 ne
1651 2929 1835 2996 dacorum.
1902 2925 1975 2998 sed
1996 2942 2036 2998 ur
2056 2929 2213 3003 inversio
2237 2935 2369 3006 mdiu,
2387 2927 2577 3018 pngpppgipp.
2611 2935 2613 2976 r

610 3019 816 3108 desperent,
840 3035 880 3080 ac
902 3020 1030 3104 putent
1044 3032 1168 3080 omnes
1184 3009 1338 3082 abiectos
1355 3036 1441 3088 esse.
1652 3029 1717 3116 gip,
1740 3027 1938 3098 ,bmiham
1955 3032 2166 3123 exemplum·
2610 3003 2613 3050 t

709 3112 922 3206 Propositio.
995 3109 1078 3180 Non
1118 3110 1248 3184 abiecit
1289 3111 1387 3185 Deus
1432 3120 1606 3211 populum
1643 3177 1653 3188 .
1756 3128 1880 3221 Inopia
1899 3153 1973 3200 non
1989 3145 2042 3204 est
2055 3157 2157 3205 causa
2174 3136 2325 3210 laboris.

608 3241 727 3292 suum.
850 3315 860 3334 ⁸
1259 3316 1268 3334 α
1312 3285 1320 3299 ,
1756 3230 1845 3324 Spes
1862 3232 2099 3326 victusrnagis
2114 3250 2166 3308 est
2182 3263 2290 3310 causa
2306 3237 2443 3312 laboris.

713 3319 743 3391 l.
776 3315 884 3389 Retro
902 3315 948 3386 ab
964 3314 1123 3407 exemplo
1147 3338 1305 3410 proprro.
1356 3316 1432 3414 Ego
1459 3344 1537 3394 sum
1555 3321 1608 3394 ls-
1703 3327 1917 3408 Dialecticus
1950 3337 2047 3406 enim
2081 3363 2156 3410 non
2190 3341 2326 3412 resistit
2364 3343 2401 3411 in
2430 3331 2579 3430 privatiott

609 3421 758 3510 raiilits,
783 3432 957 3495 ettamen
978 3418 1134 3503 credidi,
1160 3418 1254 3515 Ergo
1280 3445 1353 3493 nou
1377 3439 1428 3495 eat
1446 3425 1606 3499 abiectus
1652 3436 1714 3507 sed
1731 3437 1870 3533 quaerit
1885 3437 2046 3511 ultimam
2061 3464 2221 3526 causam,
2246 3467 2356 3538 quam
2378 3438 2522 3515 convenit
2537 3454 2580 3505 cet·

609 3524 777 3619 populus.
1652 3553 1723 3613 lem
1742 3564 1816 3609 rem
1833 3562 1917 3609 ease.

712 3624 741 3700 l,
788 3620 845 3696 Ex
876 3622 1050 3695 sententie
1071 3618 1175 3693 litiae
1197 3625 1315 3695 durla-
1380 3626 1481 3701 Sicut
1504 3626 1605 3702 Eliae
1752 3638 1813 3711 Sic
1837 3642 1956 3736 lapsus
1971 3642 2185 3721 Iudaeorum
2212 3648 2434 3740 nnncoiigil,
2456 3650 2579 3732 ntgerto

609 3727 831 3821 temporibus
849 3726 1022 3819 reliquiae
1041 3725 1171 3796 electae
1188 3740 1308 3813 erant,
1333 3722 1401 3801 hoc
1426 3746 1497 3815 est,
1530 3736 1604 3803 esi·
1652 3743 1906 3835 reciperentur,

612 3853 680 3924 gua
699 3852 781 3927 pars
794 3829 936 3921 populi:
971 3828 1021 3896 sic
1041 3840 1076 3897 et
1089 3821 1157 3899 hoc
1173 3842 1331 3923 tempore
1347 3833 1518 3931 reliquiae
1534 3839 1605 3905 eri·
1752 3844 1822 3917 sad
1841 3847 2069 3921 incolumitas
2083 3849 2295 3923 Iudaeorum
2310 3852 2440 3944 eo'e'git,
2463 3854 2580 3935 urgente

609 3934 755 4025 pientur
769 3954 810 3999 ac
824 3930 1082 4016 salvabuntur,
1108 3925 1176 4001 hoc
1192 3943 1264 4018 est,
1289 3933 1413 4025 exigua
1429 3952 1465 4009 et
1481 3938 1601 4011 infima
1654 3947 1915 4039 reciperentur,
1939 3956 2036 4044 quod
2051 3954 2217 4027 videlicet
2239 3956 2372 4049 reliqui
2393 3965 2485 4025 erant
2502 3949 2530 4017 in
2543 3940 2579 4011 ta
2608 3956 2609 3959 ’

609 4057 694 4128 pert
715 4031 852 4125 Populi·
1097 4132 1106 4150 ι
1654 4050 1787 4143 populo
1810 4052 1920 4128 electi.
1984 4052 2096 4127 Vocat
2118 4056 2227 4145 igitur
2249 4052 2431 4155 πλήρωμα
2447 4042 2610 4122 ἰιιοοΙιιιυῐΜ

713 4134 830 4205 Addit
853 4144 970 4204 sutem
998 4132 1307 4226 amplificationem
1338 4140 1507 4211 decanea
1532 4146 1603 4215 ele·
1656 4168 1761 4221 tatem
1787 4154 1931 4245 populi,
1966 4158 2029 4250 qui
2061 4171 2205 4229 eatenus
2225 4174 2277 4230 est
2302 4148 2484 4231 incolumis
2501 4144 2582 4223 adhue

612 4236 760 4323 ctionis,
799 4240 894 4328 qnod
920 4235 1045 4304 merita
1077 4250 1197 4306 nostra
1223 4261 1298 4309 non
1323 4242 1397 4315 sint
1419 4244 1604 4317 electionis
1654 4266 1829 4347 quatenus
1851 4256 2007 4350 reliquos
2029 4254 2136 4332 hahet
2160 4261 2288 4331 electos
2314 4279 2511 4355 quocunque
2528 4264 2582 4319 ten·
2609 4310 2610 4313 ,

611 4362 727 4410 cansa.
776 4333 824 4408 El
845 4337 927 4407 lecit
947 4334 1081 4410 Paulus
1104 4334 1331 4432 enthymema
1356 4369 1500 4435 prorsus
1523 4346 1600 4420 rhe-
1655 4380 1752 4447 pore.
1792 4354 1905 4428 Vocat
1918 4356 2064 4453 ἥττημα
2078 4378 2252 4455 quatenus
2268 4360 2375 4435 hahet
2389 4354 2574 4432 damnandos
2609 4360 2610 4374 ¹

613 4442 777 4512 toricnm.
837 4438 898 4511 Sic
919 4438 1069 4508 maxime
1091 4456 1218 4521 vocant
1249 4450 1605 4539 argumentationem,
1757 4456 1870 4528 Addit
1884 4456 2128 4560 ἀποστροφὴν
2144 4468 2186 4535 ad
2202 4480 2339 4555 gentes:
2368 4464 2472 4534 Vobis
2481 4459 2585 4529 dicoeto
2610 4466 2611 4527 ξ

614 4566 705 4637 quae
731 4554 869 4612 constat
893 4564 934 4609 er
956 4540 1194 4614 disiunctivis.
1247 4543 1288 4616 Si
1310 4552 1485 4640 contingit
1504 4556 1605 4623 iusti·
1655 4556 1725 4629 Hic
1742 4564 1942 4651 proximum
1959 4580 2207 4657 argumentum
2225 4570 2418 4668 amplificat
2436 4587 2495 4635 suo
2511 4572 2585 4627 erm

613 4645 730 4717 ficatio
753 4644 908 4726 meritis,
933 4666 1009 4709 non
1031 4655 1083 4713 est
1104 4646 1227 4730 gratia.
1285 4647 1325 4720 Si
1347 4654 1521 4743 contingit
1542 4680 1605 4747 per
1657 4661 1728 4753 plo.
1785 4661 1861 4752 Ego
1885 4666 2010 4751 etiam,
2042 4668 2177 4761 inquit,
2209 4666 2277 4741 ho'c
2301 4672 2411 4759 magia
2433 4660 2586 4741 laboral

615 4746 787 4835 gratiam,
813 4768 889 4814 non
905 4756 1018 4835 potest
1035 4747 1240 4837 contingere
1257 4753 1405 4823 meritis.
1456 4756 1525 4825 Sed
1553 4774 1605 4830 est
1657 4773 1777 4853 gentes
1803 4770 1847 4835 nd
1870 4762 2054 4839 Christum
2077 4766 2300 4863 pertraham,
2335 4786 2376 4842 ut
2401 4762 2587 4863 provocefflll

615 4846 749 4938 gratia,
784 4842 881 4935 Ergo
905 4868 979 4914 non
1002 4868 1188 4935 possumus
1209 4856 1348 4927 mereri.
1412 4852 1604 4931 Concludit
1658 4887 1737 4935 meo
1753 4877 1787 4934 et
1802 4868 1962 4959 gentium
1986 4874 2145 4962 exemplo
2160 4873 2322 4949 ludaeos.
2373 4872 2460 4945 Nam
2478 4886 2542 4935 cum
2558 4853 2587 4919 ri-

615 4948 727 5038 igitur
746 4946 876 5015 electos
899 4947 1068 5039 consequi
1090 4948 1386 5031 iustificationem.
1437 4956 1604 5051 Amplili-
1657 4968 1791 5038 debant
1826 4968 1946 5041 ludaei
1974 4968 2210 5065 Evangelium
2240 4977 2335 5047 inter
2372 4988 2485 5065 gentes
2512 4962 2614 5057 ettoxt

617 5064 673 5119 eat
692 5042 879 5126 antithesi,
911 5044 1047 5117 Caeteri
1067 5064 1184 5121 autern
1204 5070 1289 5127 sunt
1305 5059 1395 5128 cneci
1409 5061 1513 5146 facti,
1540 5059 1605 5133 ha-
1657 5092 1752 5154 esse,
1778 5074 1994 5161 cogebantur
2016 5098 2222 5165 agnoscere,
2246 5073 2342 5149 hunc
2364 5068 2590 5147 esseChristutt
2613 5102 2614 5137 1

615 5154 704 5221 bent
730 5148 897 5240 spiritum
920 5154 1222 5241 compunctionis,
1248 5154 1285 5227 id
1311 5172 1381 5241 est,
1415 5162 1545 5233 iratum
1569 5180 1606 5235 et
1658 5194 1763 5263 quem
1785 5172 1948 5265 Apostoli
1971 5179 2239 5268 praedicabant,
2273 5178 2472 5271 praesertim
2491 5158 2614 5241 eund*

617 5251 862 5323 exacerbatum
900 5250 1071 5320 animum.
1151 5253 1319 5333 Oderunt
1358 5260 1605 5354 Evangelium,
1659 5268 1801 5343 Christo
1825 5274 1932 5346 etiam
1954 5290 2115 5351 extarent
2139 5277 2362 5374 prophetiae,
2400 5278 2489 5375 quod
2512 5272 2614 5359 genttt

616 5353 701 5447 quia
713 5351 931 5469 arbitrantur
950 5346 1142 5445 Evangelio
1157 5360 1322 5453 dissipari
1338 5363 1496 5457 ipsorum
1514 5370 1606 5460 poli·
1658 5376 1690 5443 ei
1722 5370 1937 5449 adhaesurae
1968 5397 2091 5453 essent.
2170 5380 2218 5455 Et
2247 5385 2375 5477 repetit
2405 5374 2591 5451 inversione!l

616 5456 723 5535 fiam,
757 5454 907 5571 Jssdline
934 5453 1054 5527 serunt
1085 5462 1131 5529 ab
1153 5457 1355 5553 Evangelio·
1372 5467 1547 5540 iusticiam
1572 5485 1606 5541 et
1660 5497 1766 5565 supra
1783 5480 1970 5556 incontam.
2022 5484 2060 5555 Si
2086 5484 2236 5555 abiectio
2259 5510 2382 5557 eorum
2406 5493 2488 5553 esset
2507 5482 2590 5545 recor

616 5556 825 5648 sapientiam
855 5578 976 5627 eorum
1009 5559 1191 5649 damnari,
1232 5562 1324 5638 sicut
1356 5592 1453 5639 nunc
1481 5575 1606 5658 acerbe
1658 5578 1791 5651 ciliatio
1821 5568 1968 5665 mundi,
2001 5586 2036 5655 id
2071 5588 2219 5676 perinde
2240 5602 2346 5673 esset,
2384 5576 2590 5657 accivisse

618 5660 775 5729 oderunt
789 5657 946 5743 nociati,
973 5660 1036 5753 qui
1055 5662 1124 5733 eibi
1145 5666 1337 5758 sapientiae
1356 5685 1390 5742 et
1409 5675 1607 5747 sanctitatis
1658 5694 1771 5752 morte
1793 5700 2001 5760 sumeretur.
2060 5686 2151 5758 Nam
2173 5690 2372 5787 εἰρωνικῶς
2391 5677 2592 5758 absurditatem

617 5759 822 5851 ⁰Pi¹¹i⁰¹¹⁰¹¹¹
837 5756 975 5831 deuehi
991 5776 1129 5855 Putaui·
1659 5782 1737 5853 vult
1752 5786 1960 5877 significare,
1987 5790 2089 5883 quasi
2105 5792 2216 5881 dicat,
2240 5792 2446 5865 Absurdnm
2460 5790 2533 5855 esset
2543 5784 2592 5839 stt·
