5825 6950
330 700 415 779 idid
514 698 616 774 x111.
669 698 707 773 7.
733 690 1035 775 ENARRATIO
1060 692 1216 772 EPIST.
1244 678 1452 763 sarolus
1478 678 1547 753 Al)
1573 670 1903 751 TIMOTHEUM.
1956 672 2062 751 CAP.
2091 674 2157 757 lll.
2263 677 2361 757 136⁴

330 868 385 946 aci
407 868 560 967 μεσίτην
578 866 642 945 καὶ
663 864 811 962 ἱκέτην,
838 867 993 941 nrirabili
1017 885 1052 942 et
1075 865 1308 938 inenarrabili
1362 853 1417 923 ull
1441 850 1612 943 Princeps
1637 848 1785 937 mundi,
1815 862 1850 921 el
1875 842 2080 923 nonhabet
2105 850 2143 921 in
2168 874 2224 921 me
2249 850 2356 945 qnid-

327 978 464 1047 consilio
493 989 529 1046 et
555 975 728 1045 immensa
760 973 937 1057 bonitate,
983 971 1162 1043 sanctifica
1188 994 1249 1040 cor
1274 981 1310 1040 et
1361 978 1479 1051 qum·

324 1080 466 1148 animam
492 1100 605 1147 meam
629 1073 768 1166 Spiritu
792 1086 916 1144 sancto
939 1090 1021 1156 100,
1054 1096 1137 1163 rege
1164 1086 1199 1143 ει
1222 1075 1309 1141 doce
1461 1053 1555 1128 Sunt
1571 1070 1604 1125 et
1620 1048 1706 1125 haec
1730 1050 1881 1125 illustria
1906 1053 2108 1127 testimonia
2134 1058 2359 1147 praesentiae

324 1206 392 1267 me,
415 1204 514 1251 mv„
532 1176 728 1251 Ecclesiam
745 1190 810 1249 etc,
1360 1171 1396 1230 et
1412 1158 1584 1229 bonitatis
1602 1154 1686 1241 Dei,
1704 1168 1739 1225 et
1753 1154 1861 1225 simul
1877 1156 2035 1245 ingentia
2052 1160 2241 1241 miracula,
2256 1162 2353 1253 qnod

417 1282 457 1353 ln
476 1283 538 1351 tali
555 1282 670 1351 forma
686 1277 926 1348 invocationis
944 1274 1240 1349 commonefactio
1258 1287 1309 1343 est
1361 1274 1484 1350 tentet
1498 1266 1541 1329 ad
1558 1257 1760 1327 societatem
1776 1250 1963 1349 Evangelii
1980 1276 2122 1335 vocatae
2136 1278 2237 1345 serrat,
2256 1264 2352 1357 quod

322 1388 364 1456 dc
387 1386 458 1455 veri
480 1383 549 1456 Dei
575 1380 819 1463 invocatione,
857 1382 902 1450 de
924 1380 1138 1471 segreganda
1164 1378 1309 1447 invoca.
1361 1361 1465 1433 multi
1491 1386 1572 1431 vere
1596 1356 1759 1433 conversi
1781 1372 1884 1445 sunt,
1920 1374 1954 1431 et
1978 1362 2236 1437 confessionem
2260 1364 2357 1436 inter

322 1490 413 1560 tium
436 1484 615 1560 Ecclesiae
638 1486 685 1557 ab
707 1479 865 1558 ethnica.
1361 1478 1476 1535 tantas
1502 1462 1763 1555 persecutiones
1787 1466 2031 1535 ostenderunt.

1463 1564 1620 1635 blasima
1639 1587 1723 1632 vero
1738 1562 1875 1635 illustre
1893 1566 2135 1639 testimonium
2160 1580 2210 1637 est
2233 1590 2353 1637 resur-

539 1662 775 1763 Inslrficalus
797 1689 864 1765 per
886 1661 1073 1764 spiritum.
1360 1666 1469 1739 rectio
1493 1664 1647 1751 Christi,
1679 1678 1713 1735 et
1742 1666 1899 1739 ascensio
1933 1668 1973 1737 in
1999 1669 2138 1741 coelum
2166 1682 2354 1761 conspecta

1360 1793 1508 1861 magnae
1533 1767 1774 1839 multitudiuis
1798 1769 1921 1843 ocutis.
2335 1774 2345 1787 ’

1463 1870 1518 1944 De
1534 1867 1590 1941 his
1610 1869 1904 1963 patefactionibus
1918 1868 1985 1942 Dei
2004 1886 2037 1943 et
2060 1872 2273 1945 testimoniis
2298 1874 2356 1943 iu·

1361 1974 1452 2069 quit,
1469 1975 1506 2043 in
1522 1972 1678 2045 Ecclesia
1696 1972 1879 2043 veritatem
1894 1998 1966 2045 esse
1974 2026 1986 2061 ,
2014 1989 2055 2046 ut
2071 1976 2270 2046 firmissime
2284 1990 2356 2047 sta·

1361 2092 1502 2148 luamus
1525 2090 1661 2147 tantum
1691 2074 1728 2143 in
1756 2070 1823 2145 hoc
1855 2093 1975 2163 coetu,
2016 2076 2152 2173 inquo
2182 2078 2356 2150 retinetur

1360 2180 1655 2262 fundamentum,
1699 2176 1735 2245 id
1757 2190 1838 2263 eat,
1868 2178 2010 2249 articuli
2036 2180 2118 2250 fidei
2143 2180 2355 2273 incorrupti.

1360 2306 1480 2353 veram
1502 2280 1719 2372 agnitionem
1736 2290 1769 2349 et
1784 2279 2045 2352 invocationem
2060 2279 2127 2353 Dei
2144 2306 2236 2369 esse,
2263 2284 2355 2355 sicut

1359 2407 1463 2475 saepe
1479 2384 1566 2453 alias
1580 2382 1730 2453 dicitur:
1757 2378 1832 2471 Qui
1851 2407 1924 2451 non
1943 2384 2056 2455 eredit
2072 2384 2110 2455 in
2127 2384 2255 2473 lilium,
2278 2408 2352 2459 ιιιιι-

1361 2501 1420 2558 net
1447 2486 1500 2555 ira
1521 2484 1590 2556 Dei
1620 2506 1726 2577 super
1752 2507 1854 2571 enm,
1880 2480 1959 2558 lob.
1982 2487 2019 2561 d.

430 1829 470 1902 ld
505 1841 586 1914 est,
630 1820 794 1896 Christus
825 1805 1024 1892 declaratus
1055 1822 1139 1891 dato
1170 1814 1308 1911 Spiritu

322 1951 456 2020 sancto,
482 1945 515 2003 et
530 1930 632 2001 iactis
647 1924 829 1997 ndraculis
852 1947 917 2015 per
936 1920 1111 2014 Spiritum
1134 1934 1308 2005 sanctum,

321 2066 359 2113 ac
376 2040 421 2109 ita
438 2036 636 2107 declaratus
651 2042 720 2114 est,
741 2040 782 2098 ut
796 2038 933 2097 constet
946 2047 1106 2098 veracem
1125 2038 1159 2095 et
1175 2024 1307 2093 iustum

322 2166 394 2214 esse
421 2155 456 2214 et
481 2134 717 2226 Evangelium
749 2153 825 2199 non
853 2149 928 2199 esse
949 2126 1163 2204 fabulosum.
1215 2123 1307 2195 Nam

320 2246 473 2336 Spiritus
489 2254 630 2311 sanctus
644 2247 678 2304 et
694 2232 835 2325 publice
859 2228 1102 2303 testimonium
1126 2226 1223 2299 dedit
1246 2250 1309 2318 per

320 2347 506 2425 miracula,
540 2343 631 2412 sicut
656 2334 776 2431 inquit
790 2330 968 2403 Dominus
983 2326 1107 2403 lohan.
1125 2330 1200 2401 lli:
1224 2328 1308 2420 Spi-

320 2453 408 2521 ritus
424 2472 480 2517 me
498 2440 721 2536 glorificabit.
758 2432 806 2507 Et
823 2433 988 2529 privatim
1004 2434 1188 2505 confirmat
1202 2433 1308 2503 corda

321 2550 559 2631 credentium,
598 2567 679 2614 cum
708 2540 811 2628 erigit
831 2561 871 2607 ea
898 2538 935 2607 in
959 2536 1076 2605 media
1104 2548 1238 2621 morte,
1275 2547 1310 2604 et

321 2658 445 2728 liberat
466 2675 533 2723 nos
548 2674 566 2718 a
584 2661 746 2739 peccato,
778 2652 814 2711 et
838 2664 879 2710 es
902 2639 1089 2711 doloribus
1111 2638 1309 2725 inferorum

323 2780 404 2829 vera
425 2749 687 2834 consolatione,
713 2768 804 2840 qnae
827 2742 980 2813 sentitur
1000 2740 1037 2810 in
1062 2740 1249 2823 cordibus,
1275 2750 1311 2807 et
1647 2768 1787 2883 caput
1820 2782 2012 2884 quartum

323 2860 464 2932 initium
482 2870 534 2927 est
551 2856 643 2925 vitae
659 2864 841 2931 aeternae,
866 2859 907 2916 ut
929 2842 1085 2917 Roman.
1102 2846 1139 2917 a.
1163 2841 1311 2911 dicitur:
2013 2837 2026 2865 ·

327 2960 517 3055 ΜΡῙΜῙ8
541 2956 725 3075 *Ρῖῐῖῑξιῐῃε
748 2974 830 3071 ,(100
854 2945 1175 3065 ‘lamlmuffihbli
1203 2955 1313 3036 ΡΜ
1465 2970 1507 3043 ln
1525 2974 1640 3066 primo
1657 2973 1771 3066 capite
1793 2974 1950 3047 breviter
1973 3000 2148 3049 summam
2173 2976 2356 3050 doctrinae

329 3068 401 3159 ἰΙ)80
415 3062 557 3156 'Plfllui
577 3071 820 3130 ¹²⁸l¹¹¹¹⁰¹¹¹¹¹¹¹¹
846 3050 990 3142 Pilibel
1013 3060 1156 3141 ⁸P¹r¹¹¹1¹
1175 3058 1313 3129 ⁰⁰⁸ll⁰s
1361 3075 1629 3165 complectitur,
1669 3076 1731 3147 ubi
1752 3077 1798 3146 de
1821 3076 2025 3149 discrimine
2049 3078 2151 3171 Legis
2176 3094 2210 3151 et
2234 3076 2357 3151 Evan-

327 3170 420 3264 qnod
442 3166 553 3236 simus
572 3160 637 3230 lilii
662 3158 745 3229 Dei.
985 3252 995 3271 ι
1051 3252 1061 3270 ·
1276 3249 1284 3266 ι
1361 3178 1445 3269 gelii
1469 3178 1566 3249 dicit.
1616 3178 1704 3249 ltem
1726 3201 1807 3249 cnm
1826 3178 1895 3249 ait:
1948 3178 2068 3253 Milite
2102 3185 2233 3252 bonam
2257 3182 2355 3251 mili·

424 3265 623 3359 Diligenter
638 3274 754 3331 autem
771 3258 963 3327 observent
983 3273 1142 3372 iuniores
1164 3243 1313 3342 phrasrn
1362 3282 1467 3367 fiam,
1499 3276 1634 3351 haben,
1655 3280 1761 3349 fidem
1786 3295 1821 3353 εἰ
1845 3280 1976 3351 bonam
2000 3282 2261 3357 conscientiam·
2313 3280 2357 3357 1n

327 3378 368 3447 in
391 3372 499 3443 verbo
527 3366 737 3439 lusllficalssss
768 3372 837 3450 ⁰⁵⁸2
877 3372 912 3429 ‘l
936 3357 1183 3441 ⁰⁰¹¹³¹dm¹¹ls
1224 3376 1312 3447 qim·
1363 3385 1519 3454 secundo
1538 3382 1650 3475 capite
1668 3381 1755 3454 dicit
1771 3383 1815 3453 de
1831 3384 2004 3455 exercitiis
2019 3385 2123 3478 lidei,
2148 3386 2192 3455 de
2209 3384 2356 3457 invoca·

324 3477 433 3551 “¹⁰⁰⁰
455 3470 618 3570 q⁰⁰llb0²
641 3468 720 3538 ¹⁰⁶⁰
743 3475 949 3556 u‘ulpium
1355 3488 1462 3558 tione
1479 3499 1515 3556 et
1530 3489 1575 3555 de
1590 3486 1670 3556 aliis
1692 3487 1798 3556 bonis
1815 3486 1993 3576 operibus.
2044 3485 2087 3558 ln
2110 3487 2217 3562 tertio
2241 3489 2356 3582 capite

1363 3589 1410 3658 de
1435 3587 1635 3658 ministerio
1662 3601 1697 3659 ct
1723 3590 1768 3659 de
1790 3586 1960 3660 Ecclesia.

609 3659 834 3768 Conspectus
861 3658 1030 3760 Angelis.

1466 3703 1571 3778 Nunc
1596 3707 1635 3776 in
1663 3719 1789 3800 quarto
1819 3704 1934 3797 capite
1966 3705 2066 3778 addit
2095 3707 2358 3800 admonitiones

427 3828 692 3908 Existimarem
709 3843 872 3893 arcanam
888 3812 1316 3906 etmagnamsignificasi,
1365 3807 1609 3899 gravissimas,
1648 3823 1688 3880 ut
1715 3820 1836 3878 caveat
1861 3803 2038 3894 Ecclesia,
2070 3832 2137 3880 nec
2160 3809 2358 3903 decipiatur

325 3969 410 4019 cum
439 3943 510 4023 ait,
544 3939 771 4022 conspectum
797 3944 871 3992 esse
904 3913 1086 3990 Christum
1111 3918 1156 3987 ab
1182 3916 1317 4006 angelis
1364 3912 1461 3981 falsis
1477 3911 1718 4000 dogmatibus:
1744 3923 1786 3980 ut
1811 3909 1907 3980 enim
1932 3909 2091 3982 medicus
2114 3926 2358 3985 monstratas·

323 4047 435 4124 bonis
458 4055 495 4116 et
518 4035 633 4109 malis.
682 4027 818 4096 Vident
841 4021 929 4094 boni
953 4019 1069 4110 angeli
1093 4041 1215 4090 causas
1237 4044 1315 4090 om·
1365 4012 1505 4098 lubria,
1547 4026 1581 4083 et
1604 4014 1703 4083 iubet
1728 4011 1841 4082 vitare
1863 4013 2124 4084 res·nocituras
2147 4015 2358 4108 valetudini,

325 4155 431 4226 „ium
456 4161 604 4238 operum
625 4129 712 4218 Dei,
749 4143 784 4200 et
803 4149 914 4222 qnare
936 4124 986 4194 sic
1010 4121 1141 4192 redimi
1163 4120 1317 4194 voluerit
1365 4117 1414 4186 ita
1429 4115 1469 4185 in
1488 4117 1650 4184 docendo
1666 4113 1741 4184 lieri
1756 4128 1938 4208 utrunque
1954 4137 2095 4186 necesse
2109 4129 2174 4192 est.
2217 4115 2358 4210 Propo-

325 4275 440 4348 genns
458 4245 675 4321 humanum,
712 4246 749 4305 et
770 4229 886 4326 qualis
906 4225 951 4298 sit
972 4224 1150 4317 copulatio
1174 4223 1316 4294 divinae
1365 4218 1484 4287 nenda
1509 4231 1562 4288 est
1588 4239 1669 4288 vera
1692 4215 1875 4300 doctrina,
1902 4229 1937 4288 et
1963 4219 2241 4306 ostendendum,
2266 4241 2358 4312 quae

323 4375 362 4432 et
385 4353 564 4428 humanae
586 4355 754 4421 naturae,
793 4346 828 4404 et
853 4329 1013 4400 serviunt
1035 4321 1119 4397 lruic
1142 4322 1317 4410 Domino,
1365 4320 1472 4390 falsae
1495 4319 1684 4412 opiniones
1698 4318 1863 4390 vitandae
1885 4331 1919 4390 et
1934 4319 2177 4412 explodendas
2198 4319 2281 4391 sint.

322 4477 367 4536 ut
383 4451 534 4530 Gabriel
548 4458 601 4518 est
620 4439 776 4512 nuncius
796 4439 841 4508 ad
855 4431 1010 4504 Mariam
1035 4427 1152 4500 Lucae
1176 4435 1210 4501 1.
1244 4427 1313 4498 Ve·
1469 4438 1557 4510 Tria
1598 4453 1715 4512 autem
1756 4437 1946 4532 praecipue
1979 4435 2040 4508 hic
2073 4437 2386 4512 considerantum·

321 4566 386 4638 „it
406 4558 553 4648 angelus
574 4548 619 4620 ad
639 4539 835 4614 Dominum
861 4535 900 4606 in
924 4554 1038 4624 agone
1059 4534 1104 4603 ad
1128 4553 1210 4600 ⁸⁰¹⁰
1230 4555 1316 4602 con·
1366 4541 1527 4614 Primum
1561 4540 1773 4614 nominatim
1802 4541 1938 4634 inquit,
1969 4536 2163 4612 Diabolum
2196 4557 2356 4616 autorem

322 4663 544 4741 firmandum
570 4651 686 4724 Lucae
706 4645 768 4716 22.
818 4635 990 4711 Serviunt
1010 4635 1044 4706 ei
1071 4645 1107 4706 et
1129 4633 1169 4704 in
1194 4635 1316 4726 delen·
1366 4669 1440 4716 esse
1464 4645 1655 4737 impiarum
1678 4642 1912 4736 opinionum,
1954 4655 1988 4714 et
2010 4641 2221 4716 vitiosarum
2243 4645 2358 4718 tradi-

326 4772 436 4844 sione
466 4755 645 4834 Ecclesiae
680 4746 821 4821 Psalmo
845 4741 931 4827 ⁸4„
962 4735 1088 4810 Ebrse·
1108 4738 1141 4810 l·
1185 4731 1227 4806 1⁰
1260 4730 1317 4805 hlss
1366 4747 1525 4828 tionum,
1552 4747 1642 4819 sicut
1657 4747 1701 4818 de
1718 4744 1807 4816 luda
1822 4745 1956 4816 dicitur
1969 4741 2087 4818 Lucae
2098 4746 2180 4820 22:
2208 4747 2357 4820 Satanas

322 4875 437 4946 rebus
451 4861 620 4938 omuibus
634 4854 813 4925 laetantur
826 4841 998 4938 sapientia
1014 4853 1050 4912 et
1064 4836 1223 4910 bonitate
1237 4835 1318 4923 Dei.
1366 4851 1513 4922 intravit
1527 4849 1567 4918 in
1582 4873 1644 4920 cor
1658 4849 1745 4920 eius.
1798 4844 1884 4917 ldeo
1909 4871 1989 4918 cnm
2010 4847 2162 4940 legimns
2178 4851 2234 4920 vel
2251 4849 2356 4920 audi·

319 4991 360 5050 et
368 4973 490 5044 Deum
503 4961 595 5058 grati
609 4957 789 5029 celebrant
802 4946 937 5039 ingenti
952 4957 988 5016 el
1002 4940 1231 5014 inemmblll
1245 4941 1318 5012 ΙΝ·
1366 4975 1447 5025 nans
1470 4952 1608 5022 furores
1628 4948 1843 5029 Marcionis,
1881 4943 2176 5020 Manichaeorum
2201 4965 2235 5023 et
2256 4951 2359 5022 simi-

319 5078 432 5160 titia,
471 5084 505 5142 et
526 5063 680 5158 gandent
699 5078 775 5128 esse
798 5049 885 5124 socii
908 5045 1100 5118 ministerii
1119 5067 1184 5134 pro
1205 5043 1319 5113 salute
1367 5055 1484 5138 lium,
1501 5066 1536 5123 et
1552 5047 1856 5144 Anabaptisticos,
1881 5051 1945 5146 qui
1962 5050 2218 5124 videnturnon
2233 5055 2357 5125 cadere

320 5177 540 5256 hominum,
571 5164 654 5262 quia
678 5161 806 5230 volunt
826 5152 942 5226 Deum
964 5145 1317 5236 honoreaplurinis
1367 5157 1406 5226 in
1429 5151 1611 5236 homines,
1651 5177 1920 5247 expavescamus
1947 5167 1982 5226 et
2003 5155 2155 5226 sciamus
2175 5157 2263 5228 tales
2290 5149 2357 5224 bo·

320 5281 444 5366 affici,
469 5291 585 5347 aenos
600 5289 682 5336 vere
699 5259 872 5352 diligunt,
903 5252 1084 5324 sadotem
1104 5243 1318 5320 multosho·
1366 5259 1480 5328 mines
1506 5253 1705 5329 habitacula
1735 5279 1809 5326 esse
1837 5255 2084 5338 diabolorum,
2124 5269 2160 5328 et
2184 5257 2258 5347 regi
2282 5279 2356 5328 non

320 5389 449 5460 mim,
476 5377 605 5472 perire·
1367 5375 1514 5433 naturae
1530 5359 1687 5444 viribus,
1711 5361 1772 5428 sed
1794 5357 1931 5448 impelli
1954 5355 2158 5432 adiabulis.
2209 5355 2265 5430 Sit
2289 5356 2357 5448 igi·

436 5497 492 5569 De
508 5489 576 5563 b„
598 5482 807 5576 ,ngelomm
829 5472 1001 5566 sapientia
1022 5481 1057 5541 et
1079 5467 1208 5541 laetitia
1231 5465 1318 5538 dicit
1366 5479 1428 5536 tur
1465 5463 1619 5554 precatio
1658 5459 1862 5544 ardentior,
1904 5459 1995 5531 sicut
2026 5455 2206 5532 Dominus
2238 5459 2357 5554 inquit
2445 5498 2452 5515 ι

320 5609 463 5680 pem„
488 5599 521 5669 1·
548 5591 643 5664 pens
668 5594 720 5661 l.=
765 5581 868 5670 Quae
895 5575 1013 5666 angeli
1039 5571 1214 5643 intuentes
1244 5569 1318 5638 lae-
1365 5565 1484 5638 anae
1509 5565 1596 5638 22:
1643 5559 1776 5647 Orate,
1803 5585 1849 5631 ne
1879 5561 2019 5634 intretis
2041 5561 2079 5630 in
2108 5561 2358 5636 tentationem.

521 5695 653 5770 Contra
675 5705 856 5759 varocum
872 5679 976 5750 snalis
991 5674 1171 5768 spiritibus
1191 5693 1317 5762 magua
1366 5663 1606 5759 EtProplreta
1631 5664 1750 5760 inquit
1773 5660 1890 5733 Psalm
1917 5663 2018 5736 ns:
2057 5661 2129 5734 Fac
2149 5685 2230 5734 cum
2254 5685 2356 5732 servo

318 5722 529 5884 iiiiiisbina
548 5798 714 5875 inerunt,
747 5797 831 5857 sunt
852 5797 887 5854 et
907 5793 1031 5865 enant,
1068 5771 1237 5846 Matthaei
1259 5773 1317 5846 h:
1368 5783 1430 5840 tuo
1446 5771 1641 5840 secundum
1658 5765 2071 5852 misericordiamtnarn,
2088 5763 2357 5837 etinstilicatio-

318 5909 495 5986 Accessit
512 5907 557 5978 ad
573 5921 655 5974 enm
681 5901 845 5969 tentator.
880 5879 930 5958 Et
946 5877 1115 5955 lobannis
1139 5877 1213 5952 tt:
1245 5871 1318 5948 Ve-
1366 5885 1533 5944 aestuas
1560 5873 1647 5941 doce
1673 5891 1742 5940 me.
