5825 6950
288 702 386 781 sor
633 791 637 799 ,
701 700 785 779 xu.
835 696 1134 777 uuannuno
1162 700 1212 775 us
1239 698 1424 777 sveno.
1449 698 1664 777 loannis.
1723 652 1828 777 cae.
1854 701 1990 776 xvtu.
2283 705 2363 783 aas

292 877 378 951 Dei
395 890 438 947 et
453 873 609 961 Christi,
633 890 667 945 et
691 890 731 946 nt
747 870 825 945 Deo
839 876 1108 965 segreiaciant,
1134 876 1174 945 in
1193 875 1315 946 omnia
1366 890 1422 947 tos
1447 877 1613 947 insidiari
1638 878 1846 947 doctoribus
1868 872 2079 968 Evangelii,
2114 892 2148 947 et
2170 882 2360 973 praecipua

291 982 481 1052 membra
498 976 679 1051 Ecclesiae
691 980 911 1050 atrocissime
929 979 1107 1051 saeviunt:
1135 976 1241 1071 lmpii
1258 1002 1315 1049 sa·
1338 983 1342 1074 j
1366 1003 1448 1072 pars
1480 975 1588 1051 huius
1614 993 1713 1050 octus
1741 996 1792 1050 est
1820 976 2010 1071 prehensio
2037 976 2191 1066 Christi,
2225 984 2360 1077 inqua

292 1086 482 1155 cer-dotes
505 1094 540 1152 et
555 1084 718 1152 doctores
738 1082 972 1152 adversantur
987 1080 1203 1171 Evangelio,
1229 1082 1315 1175 quia
1338 1087 1341 1138 t
1366 1083 1443 1175 ipsa
1459 1084 1704 1153 consideretur
1719 1085 1876 1175 potentia
1891 1084 2033 1169 divina,
2064 1097 2105 1154 nt
2127 1102 2359 1175 agnoscamus

290 1202 410 1259 taxat
449 1187 557 1255 ialsas
597 1185 785 1276 opiniones
819 1200 854 1255 et
883 1186 1151 1255 commenticios
1186 1184 1314 1256 cultus.
1338 1217 1340 1228 ·
1365 1182 1549 1257 Christum
1568 1187 1909 1278 patinonroactum
1927 1182 2082 1257 bumana
2102 1189 2273 1280 potentia,
2298 1192 2360 1261 sed

291 1286 490 1362 Oderunt
520 1302 637 1359 autern
677 1287 839 1381 plerique
873 1283 1036 1357 homines
1067 1282 1316 1380 reprehensio·
1337 1245 1341 1328 i
1366 1289 1567 1374 volentem,
1590 1289 1681 1361 sicut
1703 1289 1742 1357 in
1766 1284 1873 1359 Esaia
1897 1289 2068 1380 scriptum
2094 1304 2162 1361 est:
2202 1288 2359 1364 Oblatus

294 1418 413 1476 nem,
445 1392 505 1461 vel
517 1390 672 1461 naturali
689 1390 877 1490 snperbia,
912 1392 994 1485 quia
1018 1412 1086 1460 nos
1103 1413 1263 1461 amamus
1280 1403 1315 1461 et
1366 1406 1434 1477 est,
1462 1392 1545 1486 quia
1571 1392 1698 1463 voluit.
1750 1389 1895 1465 Cadunt
1917 1392 2013 1461 enim
2037 1392 2168 1463 milites
2188 1396 2357 1487 prostrati

299 1496 424 1567 nobis
442 1495 641 1587 placemus,
669 1494 728 1561 vel
746 1507 940 1564 metuentes
961 1494 1139 1584 potentiae
1155 1506 1190 1564 et
1204 1516 1314 1587 quae·
1366 1518 1437 1567 una
1453 1519 1539 1565 vore
1552 1490 1701 1567 Christi.

310 1600 401 1671 mst-
464 1596 508 1667 ¹¹¹
538 1596 783 1689 Pf⁰d5¹⁰¹ib¹¹³
809 1609 848 1666 ¹¹²
872 1593 993 1716 ”⁰583
1028 1594 1190 1716 ᾹῙῑῖξῦθν
1208 1594 1315 1715 '¹⁰⁶⁸
1466 1613 1525 1685 Ad
1550 1610 1646 1685 bunc
1670 1626 1787 1685 actum
1808 1613 1961 1705 pertinet
1983 1626 2017 1683 et
2043 1637 2158 1705 pugna
2175 1614 2289 1697 Petri,
2317 1618 2358 1689 in

316 1712 549 1820 concurrunt·
577 1701 711 1819 “tuliae
742 1721 885 1782 teum,
927 1702 1051 1770 odium
1082 1699 1315 1819 dtibfthfflffls
1366 1740 1437 1813 qua
1478 1716 1605 1789 iterum
1648 1716 1893 1788 consideretur
1941 1740 2042 1788 error
2089 1716 2360 1810 Apostolorum,

317 1803 709 1895 tupldllawtssdttlae,
732 1824 811 1893 ³90⁸
834 1804 1064 1922 Ρθῑθΰῑῖξθθῐ
1084 1803 1190 1873 hlffl·
1242 1800 1315 1873 1³⁰·
1367 1820 1430 1916 qui
1466 1816 1584 1891 adbuc
1627 1820 1854 1891 somniabant
1892 1820 2085 1910 imperium
2123 1824 2358 1897 mundanum.

314 1908 405 1979 Ιῖῑῐίῖ
426 1907 654 2025 Μῧῖὓῑῐξξῦθ
675 1918 841 1977 miluum
867 1918 1080 1977 mmmm
1109 1926 1313 1997 “8¹¹⁰“1ms
1365 1922 1501 2018 Estque
1516 1917 1576 1993 hic
1590 1922 1683 1993 edita
1703 1922 1854 2013 insignis
1869 1946 1956 2007 vox,
1982 1948 2073 2016 quae
2095 1936 2243 1996 testatur
2257 1927 2359 2018 Apo·

310 2025 346 2081 ‘¹
360 2010 431 2104 ‘lui
445 2011 493 2079 δι’
506 2013 626 2127 ῙΜᾘΜ
644 2010 887 2079 ⁸²⁶“d0l5bll2
902 2031 1029 2098 maim
1046 2010 1235 2079 ⁶⁰¹¹¹ffl⁰d³
1251 2002 1314 2077 ἦθ’
1366 2028 1477 2099 stolos
1498 2050 1573 2097 non
1594 2048 1714 2115 gerere
1735 2025 1915 2116 gladium,
1953 2026 1992 2095 id
2016 2040 2084 2111 est,
2117 2028 2357 2099 ministerium

305 2116 420 2194 beni,
445 2134 530 2182 0⁰¹⁰
544 2110 815 2195 2¹⁸t⁰ll¹¹d¹¹¹¹¹s
839 2111 946 2181 mulli
965 2112 1070 2181 (ΠΜ
1096 2110 1213 2203 P³i³¹¹¹
1231 2122 1316 2181 *ΠΜ
1366 2127 1556 2219 Evangelii
1572 2152 1644 2199 nou
1661 2122 1735 2199 esse
1757 2142 1965 2218 potestatem
1990 2127 2119 2218 gladii,
2155 2142 2195 2199 ut
2220 2143 2358 2203 vocant.

304 2216 495 2309 Epicurei.
1365 2230 1479 2304 Docet
1500 2234 1583 2303 item
1604 2231 1867 2304 ordinationem
1881 2229 1949 2301 Dei
1971 2254 2063 2317 esse,
2103 2245 2143 2303 ιιι
2166 2234 2362 2324 puniantur

417 2350 530 2423 Tales
574 2348 695 2426 etiam„
726 2370 851 2418 causae
901 2348 1099 2420 incendunt
1130 2349 1315 2443 populum,
1338 2381 1342 2500 p
1366 2336 1486 2427 gladio
1502 2358 1647 2421 omnes,
1675 2334 1737 2426 qui
1755 2335 1831 2405 sine
1847 2334 1985 2425 legibus
2009 2348 2043 2404 et
2064 2349 2186 2406 contra
2203 2336 2360 2409 vocatio·

316 2452 518 2547 Epicureus
540 2466 739 2523 contemtus
761 2448 846 2535 Dei,
876 2449 1099 2543 superstitio,
1132 2478 1211 2547 spes
1237 2454 1314 2539 otii,
1367 2439 1763 2531 ”emgltdioultlssltffi
1813 2435 1905 2508 Cum
1928 2438 2024 2507 ‘nim
2046 2438 2194 2509 ditium
2228 2435 2361 2512 Omni·

323 2560 434 2639 lucri,
462 2556 739 2627 benevolentiae
768 2567 966 2646 potentum.
1024 2553 1100 2626 Has
1124 2570 1159 2627 et
1181 2556 1316 2627 similes
1367 2540 1811 2637 quifitcepssriidladluffl
1836 2540 1955 2631 gladio
1979 2540 2129 2631 peribit,
2153 2541 2361 2632 intelligan·
2435 2608 2440 2618 .

319 2686 454 2741 musas,
488 2683 582 2755 quae
604 2658 748 2729 irritant
770 2670 906 2728 mentes
929 2660 1098 2730 adversus
1120 2655 1317 2747 Christum,
1366 2660 1427 2719 tur
1452 2648 1611 2738 accipere
1633 2644 1791 2735 gladium
1821 2637 1878 2735 hi,
1918 2644 1980 2739 (1οῑ
2016 2656 2221 2736 {minutiem
2250 2645 2362 2737 gladii

265 2833 270 2865 t
314 2768 461 2857 prodest
480 2760 723 2855 qonsidepapg,
752 2774 791 2833 ut
809 2762 977 2833 adversus
999 2784 1076 2849 ρης,
1110 2761 1222 2832 animi
1246 2762 1315 2831 im.
1366 2772 1442 2819 noll
1467 2748 1590 2820 datum
1614 2771 1633 2817 d
1656 2748 1794 2839 legibus
1822 2760 1883 2817 aul
1909 2746 2172 2837 magisil'ililbliss
2202 2770 2361 2819 exercere

311 2867 461 2938 berilles
477 2865 707 2949 muniantur,
734 2877 769 2935 et
786 2864 869 2933 mali
885 2863 1002 2936 acrius
1026 2866 1172 2937 refutari
1196 2880 1231 2939 et
1249 2866 1316 2937 ob·
1367 2864 1561 2938 (Omnium
1586 2864 1626 2919 ul
1647 2850 1782 2921 faciunt
1797 2872 1938 2935 omnes,
1971 2850 2033 2942 qui
2054 2850 2186 2921 iniusta
2209 2844 2361 2921 homici-

313 2970 453 3063 iurgari
468 2968 617 3063 possint.
1368 2956 1426 3025 dia
1443 2952 1691 3038 committunt,
1725 2968 1759 3023 et
1782 2976 1906 3023 omnes
1928 2950 2100 3025 seditiosi.
2153 2947 2219 3024 Est
2243 2967 2361 3025 autem

416 3098 553 3176 Adhuc
583 3124 771 3173 mmmm
796 3102 906 3195 Primi
936 3115 1036 3173 mm
1067 3097 1257 3176 historiam
1275 3104 1316 3174 in
1339 3112 1342 3198 ἰ
1366 3052 1501 3130 Christi
1517 3056 1650 3125 dietum
1671 3069 1827 3126 sumtum
1844 3081 1884 3125 er
1901 3079 1975 3147 cap.
2003 3053 2038 3126 9.
2066 3052 2233 3127 Genesis:
2267 3053 2361 3146 Qui·
2446 3122 2449 3129 ,

319 3202 445 3295 horto,
471 3230 514 3279 ac
529 3206 685 3277 diximus
700 3206 745 3274 de
758 3205 852 3277 lucta
879 3218 915 3275 et
946 3207 1152 3296 precatione
1166 3202 1315 3294 Christi,
1339 3207 1342 3310 l

318 3315 410 3383 etde
425 3311 601 3405 personis.
652 3303 808 3402 Reliqua
832 3301 982 3378 historia
997 3304 1083 3379 haec
1100 3310 1260 3383 continet
1275 3310 1315 3380 io
1339 3321 1342 3348 ¹

313 3440 354 3486 ω
385 3416 483 3487 Ιοω,
548 3409 806 3506 Apostolorum
838 3410 1145 3501 obiurgationem,
1179 3415 1223 3484 dg
1245 3436 1315 3510 qua
1339 3375 1342 3491 i
1470 3396 1634 3469 Necsitte
1650 3397 1749 3489 gravi
1765 3420 1868 3469 cistlla
1886 3392 1974 3469 huet
1996 3396 2053 3471 lex
2072 3399 2223 3490 reptilia
2247 3412 2298 3471 esi
2321 3399 2360 3468 in

313 3521 453 3590 dictum
495 3532 567 3601 est,
613 3530 650 3588 et
681 3510 970 3587 adhortationem
998 3517 1045 3586 ad
1084 3519 1315 3608 precandum,
1338 3546 1342 3665 p
1367 3499 1701 3597 hocipsoextremo
1720 3524 1835 3593 agone
1850 3496 2007 3586 Christi,
2039 3503 2199 3573 fortassis
2221 3515 2260 3572 ut
2283 3525 2362 3574 mo·

313 3647 423 3716 quam
450 3620 645 3710 diligenter
665 3619 773 3690 nobit
792 3640 1053 3710 proponamus:
1102 3617 1257 3710 Vigilate
1280 3632 1315 3690 et
1367 3619 1583 3678 mimihilt
1600 3607 1806 3696 pohier'lldi,
1829 3628 1876 3676 lle
1899 3618 2083 3698 praelatu
2095 3603 2283 3696 Evangelii
2303 3629 2362 3676 rd-

315 3739 433 3804 onte,
462 3723 600 3817 inquit,
625 3745 670 3792 ne
684 3722 825 3794 intretis
840 3721 881 3790 in
899 3723 1142 3798 tentationem,
1178 3720 1315 3795 notan.
1337 3684 1343 3802 Ι
1365 3711 1442 3802 pist
1473 3709 1643 3801 imperia,
1684 3708 1777 3780 sicut
1796 3706 1953 3780 Romani
1976 3705 2168 3780 Pontifices
2192 3709 2363 3792 lecerunt,

319 3829 399 3898 dom
414 3841 473 3900 est
484 3825 696 3918 sapientiam
712 3820 906 3895 humanam
923 3821 1123 3918 plerunque
1137 3826 1177 3894 in
1192 3825 1312 3896 omni.
1337 3809 1342 3929 l
1366 3827 1402 3886 et
1416 3810 1693 3908 Anabaptistae',
1733 3825 1768 3882 et
1793 3832 1896 3902 saepe
1921 3811 1983 3880 alii
2006 3811 2156 3902 imperia
2177 3811 2361 3904 quaesive-

316 3931 382 4000 ιη,
397 3925 612 4000 hominibus
629 3927 836 4019 imaginati,
866 3939 989 3996 nostra
1012 3928 1196 4018 diligenti,
1214 3950 1315 4020 potae
1338 3938 1342 4009 ς
1367 3929 1453 3987 ιιιιιι
1468 3914 1569 3986 ιιιιΙΙι
1595 3912 1751 4003 legitima
1775 3935 1898 3998 causa,
1929 3915 1990 3985 sed
2015 3928 2155 3985 tantum
2178 3924 2361 4003 praetextu

316 4034 422 4104 vitari
443 4035 593 4125 laqueos
619 4031 771 4115 diaboli,
804 4046 840 4101 et
862 4051 987 4121 graves
1008 4028 1139 4123 lapsus,
1190 4027 1316 4102 Aedi.
1364 4014 1566 4108 Evangelii.
1618 4015 1739 4088 Simus
1762 4015 1872 4106 igitur
1889 4017 2006 4102 cauti,
2033 4039 2077 4086 ne
2093 4015 2258 4088 seditiosa
2274 4039 2362 4088 con·

317 4151 416 4207 rturn
442 4133 614 4204 ieremias
636 4132 742 4204 nobis
765 4131 812 4204 sit
834 4132 875 4202 in
895 4145 1104 4225 conspectu:
1138 4130 1223 4203 Scio
1238 4129 1315 4204 Do·
1366 4121 1448 4192 filia
1468 4121 1688 4192 adiuvem
2180 4149 2187 4154 '

315 4239 435 4320 nine,
462 4239 562 4332 qnod
578 4261 653 4308 non
670 4249 723 4308 est
741 4230 900 4307 bominis
915 4235 973 4304 via
998 4235 1085 4311 eius.
1137 4230 1239 4306 Nihil
1261 4235 1314 4308 fa-
1470 4237 1755 4332 Siguilicationes
1771 4237 1877 4308 etiam
1894 4238 2032 4311 suntin
2055 4239 2133 4331 ipso
2154 4241 2266 4324 facto,
2291 4235 2360 4308 Pe·

316 4342 424 4413 tilius
449 4352 503 4410 est
522 4333 679 4426 homini,
713 4361 821 4434 quam
846 4331 1079 4423 hallucinari,
1110 4338 1247 4432 decipi,
1280 4353 1315 4410 et
1367 4356 1445 4415 trus
1466 4343 1625 4413 dextram
1641 4341 1840 4412 auriculam
1855 4341 2027 4432 praecidit
2048 4361 2150 4412 servo
2165 4339 2360 4414 Pontificis.

315 4468 449 4516 enare.
503 4441 588 4513 ldeo
603 4437 673 4514 hoc
686 4441 824 4512 dictum
839 4436 977 4513 Christi
991 4463 1096 4534 saepe
1108 4441 1316 4532 cogitemus,
1365 4444 1561 4517 Ambitiosi
1582 4444 1746 4515 doctores
1766 4443 1977 4536 praecidunt
1997 4445 2211 4529 auriculam,
2243 4442 2361 4524 idest,

313 4545 493 4642 praecipit
507 4559 718 4640 utrumque,
753 4543 975 4633 vigilantiam
1003 4556 1037 4615 et
1060 4545 1314 4636 precationem,
1361 4549 1563 4620 offundunt
1591 4549 1733 4618 dextrae
1763 4546 1943 4616 auriculae
1965 4546 2071 4617 falsas
2100 4544 2364 4637 interpretatio-

315 4651 394 4722 vult
418 4671 489 4718 nos
504 4643 668 4720 Christus
694 4670 769 4718 esse
793 4649 949 4718 intentos
971 4658 1006 4717 et
1029 4647 1314 4739 circumspectos.
1367 4675 1451 4736 nes,
1476 4651 1609 4744 quibus
1623 4649 1836 4720 confirmant
1852 4649 2017 4720 seditiosa
2034 4647 2202 4732 consilia,
2227 4659 2361 4717 utrum

318 4751 418 4844 Quia
442 4774 529 4821 vero
546 4751 682 4844 precari
698 4751 809 4834 iubet,
834 4749 1008 4840 significat
1026 4763 1148 4821 nostra
1162 4749 1316 4821 circum·
1367 4752 1527 4828 Romani
1543 4751 1732 4824 Pontifices
1746 4765 1937 4824 moverunt
1953 4750 2045 4821 bella
2069 4762 2192 4820 contra
2209 4746 2362 4821 Germa-

316 4853 503 4950 speetione
530 4877 606 4924 non
639 4876 742 4947 posse
767 4876 893 4922 omnes
921 4850 1043 4945 lapsus
1077 4853 1214 4940 caveri,
1254 4855 1314 4923 sed
1367 4857 1468 4929 nicos
1484 4854 1719 4948 lmperatores
1742 4852 1936 4934 Henricos,
1960 4853 2140 4923 linxerunt
2162 4875 2198 4922 se
2215 4851 2362 4922 liberta·
2396 4909 2410 4918 .

317 4983 412 5051 opus
427 4979 505 5027 esse
519 4956 641 5026 divina
657 4953 935 5047 gubernatione,
956 4969 991 5025 et
1007 4977 1172 5048 magnam
1188 4979 1317 5026 conso-
1367 4973 1440 5030 tem
1470 4957 1735 5051 suffragationis
1767 4958 1806 5027 in
1831 4955 2005 5048 eligendis
2028 4953 2214 5048 Episcopis
2237 4953 2362 5026 deleta·

314 5061 492 5134 lationem
509 5059 616 5131 nobis
639 5059 859 5151 propositam
883 5079 958 5131 esse
981 5059 1150 5146 sciamus,
1177 5059 1317 5154 quoties
1367 5066 1473 5149 dere,
1505 5063 1640 5155 species
1668 5061 1736 5132 luit
1766 5056 1933 5145 honesta,
1968 5059 2031 5131 sed
2054 5071 2173 5132 tamen
2196 5055 2362 5128 nonfuit

314 5161 539 5258 praecipitur
552 5163 720 5257 precatio.
771 5159 945 5256 Sequitur
966 5161 1061 5231 enim
1076 5162 1317 5254 precationem
1368 5166 1461 5239 iusta
1479 5165 1656 5238 bellorum
1674 5163 1945 5235 inserendorum
1963 5185 2079 5234 causa.

314 5293 394 5340 oon
417 5288 495 5337 esse
516 5265 682 5352 manem,
722 5277 764 5336 nt
792 5285 918 5334 omnes
946 5258 1116 5356 Epicurei
1148 5263 1318 5356 cogitant,

315 5396 396 5444 non
411 5369 512 5440 enim
524 5368 656 5442 frustra
681 5367 910 5463 praecipitur.
969 5364 1047 5438 Hac
1070 5369 1317 5466 consolatione

315 5471 544 5558 confirmati,
587 5471 700 5542 simus
734 5468 956 5542 ardentiores
977 5471 1017 5540 in
1045 5472 1243 5563 precando,
1282 5485 1318 5543 et

316 5593 487 5673 petamus
510 5575 583 5667 regi
600 5598 620 5645 a
636 5569 713 5645 Deo
737 5587 874 5646 mentes
894 5585 1053 5669 nostras,
1080 5573 1259 5668 pericula,
1283 5587 1318 5645 et

1366 3182 1508 3253 cunque
1525 3158 1659 3230 luderis
1680 3153 1878 3229 humanum
1899 3160 2127 3249 sanguinem,
2160 3183 2222 3253 per
2242 3154 2362 3230 homi·

1367 3286 1448 3333 nem
1467 3262 1640 3333 fundetur
1656 3274 1689 3331 et
1702 3262 1844 3353 sanguis
1860 3261 1981 3355 ipsius.

1470 5299 1653 5375 Postrema
1670 5324 1751 5394 pars
1764 5314 1862 5374 actus
1877 5295 1985 5372 huius
2008 5301 2047 5370 in
2067 5294 2189 5382 horto,
2215 5309 2267 5368 est
2280 5293 2364 5388 iuga

1368 5403 1533 5476 omnium
1547 5402 1821 5498 Apostolorum,
1852 5425 1943 5497 quae
1968 5416 2022 5475 est
2040 5398 2240 5492 exemplum
2264 5422 2362 5469 com-

1369 5509 1490 5579 munis
1507 5505 1725 5630 infirmitatis
1739 5501 1941 5576 hominum.
1989 5501 2170 5576 Hactenus
2185 5501 2363 5594 deprimo

1368 5603 1989 5807 :intentaturcult
2007 5602 2364 5796 restituit

423 5813 568 5888 Deinde
585 5815 625 5888 in
640 5815 766 5888 eudem
780 5813 860 5884 loco
872 5812 1034 5909 sequitur
1052 5815 1216 5886 osculum
1233 5839 1319 5910 pro-
1369 5830 1459 5904 test,
1485 5816 1650 5889 videlicet
1671 5815 1749 5908 ipsa
1771 5835 1883 5906 pavor
1902 5825 1938 5884 et
1960 5813 2065 5884 dolor
2087 5805 2244 5889 Christi,
2275 5829 2362 5878 rou-

325 5921 464 6007 ditoris,
489 5922 587 6016 qood
602 5919 776 6014 significat
790 5917 1020 5992 simulatione
1032 5916 1318 5992 amicitiacneul·
1370 5921 1524 5994 lirmatio
1540 5915 1689 6002 Christi,
1715 5917 1873 6013 proditio
1889 5915 2011 6004 ludae,
2035 5912 2280 5988 testimonium
2298 5932 2363 6002 po·
2389 5999 2396 6014 ·
