5825 6950
571 706 672 788 110³
1105 735 1108 741 -
1171 692 1300 777 earn.
1325 694 1443 777 uro.
1469 693 1682 775 scnnra
1707 690 2010 773 exscertus.
2399 664 2403 672 ’
2478 708 2558 811 ern

574 888 673 977 signa
707 895 929 952 aeternarum
958 894 1182 967 poenarum,
1225 896 1319 965 quae
1349 888 1562 969 sequnntur,
1616 872 1733 966 potius
1759 871 1922 945 doctrina
1944 884 2017 945 tota
2039 858 2331 970 ‹te-poentientia
2355 884 2564 969 cognoscenda

576 987 649 1059 nisi
676 985 737 1055 fiat
763 980 949 1053 conversio
979 980 1023 1048 ad
1048 971 1178 1052 Deum.
1237 974 1564 1072 Quiajcnrporales
1618 978 1861 1047 etexcreende
1884 988 1948 1051 est.

578 1110 715 1183 poenae
740 1082 985 1178 principaliter
1008 1079 1052 1149 ad
1077 1072 1146 1148 boc
1168 1080 1357 1152 ordinatae
1383 1092 1485 1166 rrrnt,
1524 1092 1566 1150 ut
1721 1076 1829 1168 Quod
1852 1091 1969 1151 autem
1995 1076 2035 1147 in
2058 1076 2261 1175 aliquibus,
2308 1078 2368 1174 qui
2390 1082 2485 1157 initia
2503 1086 2571 1161 idei

581 1194 654 1265 sint
674 1185 1030 1261 commonelaetiones
1052 1181 1096 1251 de
1117 1182 1257 1253 iusticia
1272 1196 1307 1254 et
1321 1183 1375 1255 ira
1390 1180 1477 1266 Dei,
1500 1205 1567 1273 po·
1617 1182 1843 1274 habuerunt,
1881 1195 1934 1252 est
1955 1192 2074 1272 postea
2095 1181 2183 1273 lapsi
2208 1206 2283 1253 non
2306 1185 2468 1272 redeunt,
2502 1190 2573 1263 lides

582 1309 655 1365 stea
679 1293 784 1363 etiam
808 1288 954 1361 suntad
976 1281 1044 1355 lroc
1067 1285 1272 1373 ordinatae,
1299 1301 1340 1359 nt
1358 1285 1498 1380 prosint
1524 1284 1568 1355 ad
1620 1285 1707 1372 illa,
1732 1284 1940 1378 priusquam
1960 1283 2156 1369 excutitur,
2179 1308 2263 1357 vera
2288 1284 2353 1370 sit,
2373 1288 2498 1361 dictum
2518 1290 2574 1363 Pe·

429 1388 453 1406 ”
571 1418 704 1489 -pacem
728 1395 824 1463 inter
848 1385 1023 1462 homines.
1067 1428 1074 1433 -
1622 1384 2050 1461 antissioderense
2084 1385 2505 1485 lllecebriscapiuoteos,
2526 1394 2577 1487 qui

686 1494 766 1566 llnc
782 1493 891 1585 igitur
906 1485 985 1561 vult
1002 1488 1119 1559 dicere
1132 1486 1282 1561 Paulus:
1316 1488 1404 1562 lllae
1422 1511 1570 1580 poenae,
1624 1512 1706 1560 vere
1722 1488 1939 1580 effugerant,
1953 1483 2042 1569 τοὺς
2056 1485 2174 1571 ὅντως
2189 1484 2462 1591 ἀποφυγόντας.
2492 1493 2577 1567 item:

587 1622 675 1694 quas
690 1598 815 1668 recitat
828 1590 996 1678 historia,
1016 1591 1164 1663 fuerunt
1177 1590 1310 1683 figurae
1325 1593 1573 1683 significantes,
1624 1590 1717 1665 Cum
1742 1592 1839 1663 enim
1862 1587 1921 1672 bi,
1971 1591 2034 1683 qui
2065 1590 2261 1681 effugerant
2292 1595 2579 1669 contaminationes

587 1705 709 1775 Deum
734 1718 816 1770 vere
839 1694 943 1766 irasci
968 1694 1145 1766 similibus
1174 1697 1324 1787 peccatis
1347 1698 1387 1765 in
1415 1690 1573 1765 Ecclesia
1626 1688 1755 1765 mnndi
1785 1694 1823 1763 in
1856 1692 2039 1783 agnitione
2067 1692 2214 1765 Domini
2245 1706 2284 1767 et
2310 1696 2491 1768 servatoris
2520 1697 2580 1770 lese

589 1804 756 1877 omnibus
772 1798 1012 1891 temporibus,
1046 1809 1079 1867 et
1100 1810 1260 1867 aeternas
1278 1821 1412 1890 poenas
1434 1811 1575 1869 secuto·
1627 1792 1776 1884 Christi,
1796 1818 1919 1868 rursus
1934 1796 2058 1864 iimem
2073 1796 2244 1886 implicati
2258 1800 2498 1883 succumbunt,
2510 1798 2581 1873 boot

594 1928 653 1978 res
675 1928 769 1992 esse,
802 1900 873 1971 nisi
895 1901 957 1973 fiat
979 1900 1182 1985 conversio,
1214 1901 1304 1971 sicut
1328 1899 1579 1971 universaliter
1629 1901 1679 1970 eis
1703 1910 1879 1989 postrema
1904 1898 2081 1967 deteriora
2103 1900 2296 1989 prioribus.

590 2012 692 2080 docet
707 2031 775 2077 vox
792 2002 933 2088 divina,
959 2003 1160 2092 corporales
1173 2026 1305 2095 poenas
1322 2026 1396 2072 esse
1420 2022 1577 2071 eommo-
1728 1996 1776 2071 Et
1791 1994 1923 2071 Matth.
1943 2000 2001 2073 12.
2031 1996 2209 2073 Dominus
2226 2022 2388 2088 expresse
2407 1998 2504 2088 dicit,
2525 2000 2581 2071 Er·

591 2110 810 2181 nefartiones
832 2106 876 2175 de
902 2104 1139 2197 poenitentia,
1181 2118 1221 2175 ut
1249 2106 1342 2175 inira
1365 2103 1499 2174 Paulus
1520 2102 1578 2171 in·
1628 2102 1772 2196 pulsum
1801 2102 1909 2173 scrisse
1941 2102 2168 2173 immundum
2193 2103 2378 2195 spiritum,
2411 2115 2445 2171 et
2465 2106 2582 2173 stomun

593 2212 688 2307 quit:
714 2207 805 2282 Cum
822 2207 1044 2291 iudicamur,
1068 2208 1260 2278 aDomino
1276 2207 1509 2297 corripimur,
1535 2228 1580 2273 ne
1632 2218 1815 2297 purgatam
1841 2217 1875 2274 et
1895 2216 2069 2274 ornatam.
2131 2203 2229 2275 Haec
2252 2206 2299 2278 dc
2319 2226 2404 2277 sere
2430 2204 2584 2275 iustificate

593 2338 673 2385 cum
697 2310 919 2383 boemundo
937 2311 1162 2381 damnemur.
1215 2310 1320 2381 ltcm:
1350 2308 1497 2379 Vexatio
1519 2308 1580 2377 dat
1632 2308 1722 2391 dici,
1747 2328 1820 2376 non
1840 2305 1991 2377 dubium
2016 2320 2078 2379 cst.
2130 2302 2283 2379 EtSaul
2304 2306 2585 2389 vereiustruiuit,

591 2414 826 2488 intellectum.
1632 2408 1716 2501 qnia
1736 2421 1850 2479 tortus
1865 2408 1968 2477 dicit:
1994 2407 2152 2505 Spiritus
2168 2405 2316 2479 Domini
2332 2409 2470 2480 recessit
2483 2431 2501 2477 ιι
2512 2406 2585 2480 sat

1633 2508 1706 2581 Nec
1725 2510 1811 2591 tales
1825 2511 2028 2581 dicerentur
2044 2512 2153 2600 lapsi,
2179 2510 2209 2583 si
2226 2533 2412 2604 nunquam
2429 2510 2507 2581 insti
2521 2509 2584 2579 luis·

1633 2627 1722 2683 sent.
1774 2610 1852 2683 Hac
1874 2612 1976 2683 brevi
1998 2612 2244 2685 admonitione
2268 2608 2339 2683 lroc
2360 2612 2440 2682 loco
2461 2608 2581 2683 conuui

1634 2736 1755 2787 serenus.
1834 2744 1841 2751 ·

596 2580 699 2659 Ώστε
714 2579 734 2657 ὃ
749 2578 875 2655 δοκῶν
894 2570 1059 2664 ἑστάναι,
1084 2572 1251 2671 βλεπέτω
1267 2571 1318 2671 μὴ
1333 2572 1438 2671 πέσῃ.
1491 2570 1583 2648 Iden

684 2685 750 2783 qui
762 2707 799 2754 se
816 2680 1007 2755 existimat
1023 2688 1144 2765 stare,
1169 2674 1290 2749 videat
1306 2702 1350 2749 nc
1366 2674 1492 2753 codol.

696 2816 907 2889 Admonitio
929 2812 1029 2885 utilis
1055 2825 1125 2899 est,
1166 2812 1205 2882 in
1228 2836 1298 2907 qna
1330 2814 1484 2904 primum
1514 2807 1584 2882 hoc
1817 2876 1826 2905 ,
1874 2876 1886 2905 t
1928 2887 1944 2904 „
2009 2878 2020 2907 ³
2080 2884 2097 2910 n
2225 2850 2229 2855 -
2341 2880 2389 2909 Η
2489 2875 2497 2903 r

528 2923 533 2928 ’
596 2920 893 3005 considerandum
911 2930 962 2985 est
977 2929 1120 2986 renatos
1135 2936 1238 3006 posse
1255 2915 1347 2997 labi,
1372 2928 1406 2985 et
1422 2915 1582 2986 amittere
1634 2887 1851 3000 ΠΗθασμ99
1863 2908 1964 2978 vlia?
1978 2907 2047 2956 ουκ
2063 2888 2231 2979 Ηληφθνι
2247 2881 2584 3003 ,Ξῑμιιῦξιθρωπῑιιι

597 3026 746 3117 gratiam
769 3035 805 3091 et
825 3018 1002 3113 Spiritum
1027 3031 1209 3100 sanctum,
1255 3016 1502 3089 utmanif0310
1523 3018 1582 3086 in.
1661 2982 2007 3059 Teniolroeosnon
2022 2980 2286 3082 apprehendet,
2312 3011 2391 3059 nese
2408 2980 2564 3055 humone.

559 3136 568 3157 '
598 3128 676 3221 quit
691 3119 856 3197 Christus
877 3120 917 3191 in
943 3113 1346 3212 personalitatibus.
1397 3114 1445 3189 Et
1467 3144 1585 3189 exem·
1738 3116 1936 3193 Antithesis
1961 3122 2134 3212 cogitetur
2155 3124 2365 3196 tentationis
2390 3118 2589 3193 humanscet

597 3233 656 3321 pla
679 3226 864 3298 manifesta
888 3236 993 3303 sunt,
1029 3218 1166 3307 Adam,
1198 3217 1340 3307 Aaron,
1375 3219 1481 3307 Saul,
1513 3220 1585 3292 Da·
1636 3224 1845 3295 diabolicse.
1898 3220 1952 3295 Ac
1991 3225 2130 3314 mitigat
2167 3225 2300 3298 Paulus
2340 3224 2588 3315 obiurgationes

596 3332 679 3417 vid,
707 3344 741 3399 et
754 3326 865 3420 aliqui
883 3323 1111 3416 resipiscunt,
1135 3337 1177 3395 ιιι
1191 3322 1328 3409 Adam,
1343 3322 1486 3408 Aaron,
1509 3325 1587 3394 Da·
1638 3320 1932 3410 Corinthiorum,
1951 3343 1992 3399 ut
2007 3330 2300 3420 eosconsoletur,
2327 3327 2591 3414 neiractidespe·

597 3434 680 3514 vid,
716 3428 827 3525 aliqui
851 3427 927 3498 sine
952 3426 1172 3520 poenitentia
1195 3439 1423 3520 perseverant
1447 3427 1486 3495 in
1512 3424 1586 3496 suis
1639 3430 1777 3502 ratione
1803 3450 1948 3521 prorsus
1970 3452 1991 3500 a
2011 3427 2089 3500 Deo
2112 3429 2290 3504 debriant.

597 3535 800 3614 furoribus,
825 3545 862 3604 et
876 3542 988 3602 ruunt
1003 3530 1042 3597 in
1061 3541 1243 3599 aeternum
1260 3530 1419 3600 exitium.
1741 3529 1956 3625 eranquam
1973 3540 2089 3603 autem
2108 3546 2181 3604 erat
2196 3550 2295 3604 atrox
2312 3524 2594 3627 peccatum,q=1⁰d

702 3634 988 3706 Tumultuantur
1003 3643 1120 3701 autem
1136 3633 1181 3701 de
1198 3623 1585 3726 hacquaestioneAna·
1643 3658 1748 3726 supra
1767 3634 1927 3704 recitavit
1943 3634 1988 3702 de
2002 3634 2155 3719 incesto,
2182 3637 2242 3730 qui
2260 3659 2343 3720 cum
2370 3656 2515 3704 noverca
2534 3650 2595 3698 con-

599 3737 771 3831 baptistac
796 3735 919 3805 multis
946 3733 1075 3806 modis.
1138 3733 1264 3827 Aliqui
1297 3745 1427 3823 negant
1458 3733 1589 3823 eleetos
1640 3735 1864 3806 suetudinem
1888 3730 2033 3822 habuit,
2074 3737 2193 3806 etalii
2220 3737 2289 3808 alia
2316 3731 2595 3827 peccataadmisc·

599 3843 672 3912 labi
697 3861 817 3931 posse,
842 3836 956 3930 aliqui
978 3847 1109 3924 negant
1128 3858 1187 3906 eos
1205 3835 1386 3906 effundere
1411 3832 1587 3926 Spiritum
1642 3853 1743 3922 rant,
1769 3837 1953 3908 certabant
1971 3837 2208 3910 aemulatione
2224 3854 2257 3910 et
2278 3839 2391 3910 odiis:
2418 3853 2527 3910 tamen
2542 3829 2595 3899 vul

601 3957 782 4026 sanctum,
806 3939 942 4010 etiamsi
966 3937 1151 4024 labantur,
1176 3938 1288 4032 aliqui
1304 3938 1429 4007 dicunt
1445 3935 1590 4008 Saulem
1642 3938 1730 4012 haec
1754 3952 1892 4030 peccata
1907 3940 2060 4010 discerni
2079 3966 2099 4013 a
2115 3935 2370 4040 blasphemiis,
2396 3942 2483 4010 sieut
2500 3931 2596 4006 lolun·
2620 4012 2621 4015 Ἴ

602 4059 638 4115 et
665 4045 756 4114 alios
780 4063 855 4114 non
886 4040 1036 4126 electos,
1071 4063 1276 4134 quanquam
1308 4036 1440 4110 babere
1470 4059 1590 4110 veram
1643 4066 1706 4113 nes
1728 4040 1898 4111 discernit
1929 4057 2069 4133 peecata
2097 4045 2142 4114 ad
2168 4058 2319 4126 mortem
2345 4066 2365 4115 a
2387 4039 2529 4135 peccatis
2548 4056 2621 4135 not¹

600 4148 719 4220 fidem.
1643 4148 1686 4216 ad
1717 4156 1878 4213 mortem.
1981 4201 1985 4208 .
2620 4158 2621 4235 t

581 4243 593 4258 '
705 4244 775 4318 Sed
798 4241 856 4317 bis
877 4243 1045 4316 omnibus
1064 4265 1288 4338 opponamus
1310 4239 1380 4314 hoc
1404 4263 1592 4314 commune
1746 4245 1916 4315 Tentatio
1940 4244 2116 4316 diabolica
2142 4261 2212 4333 est,
2256 4245 2405 4341 quando
2428 4242 2559 4316 Satanas
2575 4235 2598 4303 in

602 4351 737 4421 dietum
762 4345 884 4418 Pauli:
920 4343 993 4434 Qui
1015 4360 1103 4433 etat,
1142 4348 1259 4418 videat
1280 4347 1454 4420 necadat.
1506 4339 1592 4414 Ele·
1645 4340 2598 4437 coringreditur‚vel,sieutinleucadicitur,qnando

602 4467 678 4525 ctos
700 4471 804 4545 posse
827 4448 901 4519 labi
927 4464 961 4520 et
983 4450 1144 4521 amittere
1159 4449 1325 4542 {gratiam
1350 4461 1384 4518 ct
1415 4445 1591 4539 Spiritum
1645 4450 1794 4522 Satanas
1817 4449 1909 4543 rapit
1924 4448 2082 4520 Verbum
2108 4445 2176 4520 Dei
2199 4474 2240 4521 ex
2262 4449 2372 4521 corde
2394 4445 2598 4525 humidas

602 4565 782 4638 sanctum,
822 4563 998 4622 testantur
1022 4551 1223 4622 tristissima
1252 4549 1409 4641 exempla
1435 4546 1537 4618 Adae
1558 4561 1594 4619 et
1644 4551 1841 4644 Epicureus
1871 4548 2177 4639 consommatio,
2218 4564 2259 4625 ut
2287 4553 2328 4621 in
2357 4549 2529 4630 Rabsacc,
2558 4549 2598 4610 ³¹¹¹

603 4653 774 4740 Aaronis,
801 4655 934 4745 dequo
955 4650 1261 4725 dieiturDcut.9.
1284 4651 1414 4742 capite:
1451 4647 1593 4722 Advcr·
1645 4656 1769 4726 odium
1795 4667 1828 4725 et
1851 4653 1905 4725 ira
1928 4655 2096 4725 adversus
2120 4651 2255 4741 Deum,
2288 4668 2329 4725 ut
2353 4653 2393 4723 in
2420 4651 2534 4725 Saule,
2558 4662 2620 4733 ³²¹¹,

604 4779 664 4830 sus
696 4757 819 4828 Aaron
840 4755 945 4824 valde
972 4756 1083 4827 iratus
1106 4769 1158 4826 est
1181 4755 1379 4838 Dominus,
1414 4766 1449 4824 et
1479 4754 1594 4823 voluit
1646 4753 1865 4849 oppugnatio
1900 4757 2078 4840 veritatis,
2126 4781 2189 4828 seu
2225 4757 2368 4827 rabiosa
2403 4741 2599 4848 propugnatio

604 4871 786 4931 conterere
803 4879 896 4929 eum.
947 4855 992 4930 Et
1009 4871 1092 4928 sunt
1106 4857 1208 4928 valde
1229 4855 1333 4928 multi
1354 4856 1594 4954 plurimorum
1646 4861 1750 4950 impii
1776 4857 1963 4948 dogmatis.
2017 4855 2123 4928 'l'ales
2145 4861 2290 4931 fuerunt
2305 4859 2516 4929 tentationes
2529 4845 2598 4919 Cain

606 4973 809 5032 sanctorum
835 4958 953 5031 tristes
987 4975 1021 5031 et
1045 4973 1181 5031 atroces
1202 4960 1340 5051 lapsus,
1370 4970 1411 5028 ut
1435 4955 1595 5042 Davidis,
1648 4961 1752 5043 Saul,
1789 4959 1918 5045 ludas,
1951 4959 2194 5046 samosateni,
2238 4961 2341 5047 Arii,
2388 4976 2422 5032 et
2452 4951 2599 5026 similium

547 5072 552 5082 '
606 5061 827 5146 Salomonis,
865 5058 964 5132 Petri
987 5075 1023 5133 et
1041 5062 1215 5147 aliorum,
1251 5083 1293 5131 cx
1324 5060 1455 5154 quibus
1477 5073 1596 5130 tamen
1648 5085 1813 5135 accensae
1842 5062 1988 5134 diabolo
2016 5062 2221 5155 impellente
2248 5077 2405 5147 mentes,
2444 5073 2477 5129 et
2506 5049 2597 5122 confir·

604 5165 760 5236 revocati
774 5185 836 5256 per
852 5163 1106 5253 poenitentiam
1123 5164 1191 5234 bdc
1205 5163 1410 5254 eriguntur,
1425 5175 1460 5233 et
1474 5180 1597 5231 rursus
1647 5179 1768 5237 mente
1794 5166 1981 5249 tenebras,
2021 5177 2056 5235 et
2082 5165 2173 5236 sicut
2196 5167 2240 5236 de
2266 5161 2355 5236 luda
2382 5162 2540 5254 scripturn
2559 5156 2598 5218 ιιι

605 5269 787 5338 donantur
805 5265 916 5354 gratia
941 5278 976 5337 et
995 5265 1133 5359 Spiritu
1147 5278 1289 5354 sancto,
1313 5277 1349 5338 et
1364 5257 1596 5336 finothaere·
1651 5265 1808 5338 Diabolo
1832 5267 1990 5357 ingresso
2012 5265 2051 5335 in
2070 5270 2177 5338 corda
2202 5289 2339 5340 corum.

604 5371 667 5440 des
689 5367 781 5437 vitae
802 5381 975 5438 aeternae.
1543 5397 1556 5408 -
1751 5364 1831 5440 Etsi
1853 5383 1970 5440 autem
1994 5363 2062 5437 boc
2080 5370 2204 5458 ingens
2223 5369 2359 5440 maium
2386 5387 2458 5435 non
2480 5369 2598 5462 compr}-

706 5467 753 5538 Et
776 5462 941 5540 Christus
966 5467 1080 5541 sciens
1104 5467 1284 5561 ingentem
1315 5465 1596 5540 imbecillitatem
1649 5465 1760 5542 hendi
1792 5483 1907 5562 potest
1934 5468 2069 5541 iudicio
2100 5472 2278 5557 rationis,
2334 5481 2467 5562 quanta
2496 5459 2597 5529 misem

606 5568 822 5657 hominnm,
867 5569 967 5642 iubet
1007 5572 1186 5645 remittere
1225 5571 1422 5666 septuagies
1456 5568 1601 5664 septies,
1649 5573 1715 5658 sit,
1740 5571 1920 5643 dominari
1935 5571 2117 5643 diabolum
2135 5572 2173 5642 in
2193 5577 2300 5644 corde
2315 5565 2490 5642 hominis:
2516 5570 2595 5630 taut?¹¹

605 5667 738 5746 Mattb.
763 5669 821 5740 18.
1650 5699 1732 5746 cum
1757 5674 1944 5746 manifesta
1970 5675 2044 5745 sint
2069 5673 2162 5746 dicta
2195 5675 2234 5746 in
2262 5668 2521 5746 narrationibus
2543 5672 2618 5766 ιιι,

711 5769 836 5864 ltaque
853 5771 1066 5865 explodendi
1090 5788 1174 5846 sunt
1193 5795 1331 5844 errores
1345 5767 1596 5853 Catharorum,
1649 5772 1800 5868 pbeticis
1826 5789 1860 5846 et
1886 5774 2109 5865 apostolicis,
2136 5787 2368 5866 expavescant
2381 5791 2499 5842 omnes
2516 5759 2597 5870 hott·

607 5887 642 5944 et
666 5895 742 5942 non
764 5885 848 5943 sont
879 5876 1093 5948 extenuandi
1128 5889 1331 5948 sanctornm
1360 5877 1496 5968 lapsus,
1535 5875 1598 5945 sed
1650 5902 1731 5966 nes,
1758 5877 1972 5969 cogitatione
1996 5879 2088 5949 tanti
2112 5877 2218 5966 mali,
2251 5891 2286 5950 et
2311 5886 2453 5969 petant,
2483 5880 2518 5937 ιιι
2534 5857 2596 5929 lint
