5825 6950
301 674 402 755 tes·
612 678 716 761 xt11.
767 681 801 755 1.
827 672 1223 790 annotationes
1246 675 1301 753 ΙΝ
1323 672 1484 757 aelst.
1506 672 1658 753 PAULI
1682 674 1751 753 An
1776 673 2041 765 Romanoa.
2270 688 2346 765 lli

303 872 392 923 nam
408 848 599 925 irridetur
621 853 767 925 damnat
789 875 865 926 non
881 852 1107 933 intellectam.
1158 845 1208 925 Et
1228 842 1298 921 ho-
1352 868 1414 917 rae
1436 848 1483 919 de
1509 848 1617 920 tantis
1638 849 1770 938 rebus,
1807 864 1850 925 nt
1871 852 1973 927 frma
1994 870 2029 930 et
2054 871 2147 933 certa
2169 806 2377 954 praesidia'

303 954 423 1025 mines
445 950 669 1047 philosophi,
709 955 740 1026 si
763 955 826 1050 qui
848 956 976 1028 volunt
1001 955 1118 1029 videri
1138 978 1214 1025 non
1234 952 1300 1023 ab·
1351 944 1531 1039 hahoaut,
1556 954 1601 1023 ad
1620 974 1709 1047 quae
1725 953 1764 1023 in
1780 956 2038 1058 tentationibus
2054 984 2091 1033 sc
2104 962 2292 1057 recipiant.

305 1052 459 1129 horrere
489 1080 513 1129 a
543 1051 748 1131 Christiana
778 1057 929 1151 pietate,
969 1071 1090 1131 tamen
1117 1054 1300 1131 somniant

304 1154 548 1249 Evangelium
577 1155 672 1231 nihil
703 1160 832 1233 docere
861 1160 980 1247 aliud,
1017 1160 1089 1232 nisi
1116 1159 1299 1252 politicam
1664 1150 1669 1164 '
1698 1114 1798 1196 1¹⁰⁶?
1820 1122 1979 1202 ‘Midili
2077 1132 2082 1167 ³

304 1262 510 1350 iusticiam,
545 1262 639 1335 sicut
668 1259 872 1335 Aristotelis
899 1258 1016 1335 ethica
1046 1265 1201 1348 docent,
1238 1270 1300 1329 aut
1452 1252 1652 1327 Exordium
1677 1259 1837 1335 continet
1859 1262 1984 1355 locos,
2020 1266 2155 1363 quihus
2182 1269 2342 1343 benevo-

303 1362 421 1451 Cato,
454 1376 518 1437 aut
541 1359 766 1460 Phocylides.
821 1361 873 1435 Hi
894 1365 1086 1437 sententias
1104 1362 1300 1456 scripturae
1349 1354 1460 1431 lenus
1481 1358 1527 1429 de
1540 1382 1640 1432 more
1654 1374 1826 1457 captatur.
1852 1424 1857 1433 .
2176 1350 2186 1367 ⁹

304 1469 350 1539 de
366 1467 513 1540 iusticia
528 1466 630 1555 fidei,
651 1467 748 1539 varie
764 1466 979 1539 cavillantur
992 1480 1027 1540 ει
1042 1468 1204 1539 eludunt.
1248 1457 1300 1535 At

311 1569 424 1643 sancti
448 1569 519 1639 viri
540 1582 676 1646 norunt
695 1566 829 1641 territis
853 1569 1034 1641 mentibus
1065 1568 1204 1639 nullam
1223 1588 1298 1639 esse

315 1670 531 1767 propositam
557 1671 697 1742 firmam
725 1670 1024 1759 consolationem,
1067 1672 1138 1743 nisi
1160 1670 1199 1741 in
1217 1670 1298 1739 lide.
1452 1661 1495 1735 ln
1514 1666 1634 1759 priore
1649 1667 1794 1742 affectus
1815 1684 1888 1755 est,
1914 1674 2127 1751 coniunctus
2141 1704 2221 1752 cum
2241 1704 2341 1773 prae·

1704 1526 1983 1615 Benevoleotio.

314 1770 430 1869 Opera
463 1786 587 1845 nostra
626 1797 702 1845 non
739 1787 889 1865 possunt
925 1773 1181 1845 conscientiam
1216 1772 1299 1841 red·
1349 1766 1456 1837 conio
1471 1764 1738 1842 Romanorum:
1782 1771 1861 1865 A'go
1878 1776 2007 1867 gratias
2026 1776 2124 1868 Deo,
2148 1785 2244 1875 quod
2265 1809 2343 1855 cre-

312 1881 393 1948 clerc
420 1876 674 1971 tranquillam,
714 1875 806 1948 sicut
843 1888 994 1947 testatur
1025 1873 1168 1947 David:
1214 1872 1298 1943 Non
1349 1868 1447 1944 ditis.
1504 1868 1704 1944 Posteriora
1724 1874 1805 1945 loro
1826 1874 1983 1949 officium
2009 1882 2124 1956 defert
2144 1884 2234 1955 illis:
2268 1882 2343 1959 Cu·

308 1977 520 2071 ingredieris
536 1979 574 2049 in
591 1976 762 2050 iudicium
779 2000 860 2049 cum
878 2000 981 2049 servo
999 1993 1073 2054 too.
1122 1976 1212 2051 Cum
1229 1976 1298 2045 ita·
1349 1971 1490 2063 piebem
1513 1974 1557 2043 ad
1581 1990 1644 2045 vo's
1665 1972 1867 2069 proficisci,
1907 1993 1948 2052 ut
1968 2005 2030 2054 vos
2057 1985 2237 2073 docerem,
2277 1990 2339 2059 sed

305 2107 377 2175 que
412 2094 514 2152 tauta
543 2080 590 2152 sit
623 2078 797 2151 dissensio
833 2080 966 2152 rationi
1003 2077 1180 2152 humanae
1216 2101 1297 2149 cum
1349 2096 1427 2146 sum
1445 2072 1648 2169 impeditus.
1699 2070 1747 2149 Et
1765 2080 1963 2153 subiectum
1987 2100 2038 2156 est
2055 2086 2176 2178 legans
2192 2084 2342 2181 epipho-

303 2181 527 2276 Evangelio,
559 2180 693 2254 Paulus
719 2181 860 2275 scripsit
883 2182 1067 2275 epistolam
1096 2184 1141 2253 ad
1161 2178 1300 2253 Roma·
1350 2197 1455 2248 nema
1472 2199 1511 2247 cx
1529 2178 1686 2266 generali
1701 2182 1876 2254 sententia
1896 2208 1937 2253 ex
1959 2187 2075 2258 oflicio
2092 2190 2257 2284 Apostoli
2273 2194 2343 2261 dn-

305 2312 391 2373 nos,
425 2286 466 2355 in
492 2308 561 2378 qua
585 2278 679 2355 hanc
702 2285 981 2357 controversiam
1008 2285 1213 2378 complexus
1236 2296 1299 2369 est,
1349 2290 1466 2350 ctum:
1509 2276 1657 2349 Graecis
1681 2294 1716 2351 et
1735 2277 1905 2357 Barbaria
1938 2288 2158 2380 sapientibus
2187 2306 2222 2364 et
2253 2292 2342 2363 insi-

307 2405 352 2461 nt
371 2391 415 2461 de
442 2388 523 2459 loco
551 2387 742 2479 praecipuo
766 2378 990 2459 Christianae
1017 2385 1201 2457 doctrinae
1222 2408 1299 2454 non
1348 2378 1529 2469 pientibus
1551 2380 1691 2453 debitor
1716 2404 1806 2454 sum.
1861 2384 1952 2458 Nam
1973 2390 2061 2463 boni
2080 2386 2248 2486 Episcopi
2270 2418 2338 2491 pro

315 2506 447 2563 tantum
468 2486 679 2573 Romanos,
706 2487 767 2559 scd
797 2511 922 2559 omncs
943 2482 1117 2561 Ecclesias
1143 2491 1298 2560 doceret.
1348 2480 1487 2552 viribus
1510 2482 1607 2554 iuxta
1634 2508 1757 2555 omnes
1781 2486 1915 2559 discere
1939 2492 2138 2585 cupientes,
2172 2482 2342 2568 adinrare

319 2591 405 2665 liam
424 2592 492 2662 nisi
514 2585 685 2663 hocloco
706 2590 867 2681 cognito,
900 2614 973 2662 non
999 2603 1114 2684 potest
1135 2588 1298 2679 intelligi,
1349 2584 1499 2671 dehent,
1525 2597 1559 2661 et
1574 2599 1859 2681 attemperatum
1874 2594 1991 2685 captui
2006 2593 2227 2668 discentium.
2260 2598 2342 2669 Ali-

321 2719 375 2767 cur
394 2694 535 2767 venerit
553 2688 729 2767 Christus.
781 2690 911 2766 Voluit
933 2694 1041 2785 igitur
1062 2689 1196 2769 Paulus
1219 2703 1298 2761 tan.
1350 2700 1404 2758 ter
1427 2686 1699 2764 tractandisint
1722 2690 1938 2783 imbecilles,
1961 2696 2065 2773 aliter
2085 2696 2144 2773 isti
2166 2720 2255 2797 quos
2276 2724 2341 2797 ap-

315 2822 414 2892 quam
436 2791 649 2867 methodum
674 2790 862 2889 Evangelii
892 2820 1103 2891 proponere.
1171 2792 1299 2885 Quan-
1349 2801 1449 2881 paret
1464 2808 1536 2860 esse
1551 2788 1740 2871 firmiores.
2133 2784 2137 2797 '
2344 2787 2349 2795 ’

313 2916 382 2972 tum
397 2911 520 2971 autem
538 2899 713 2969 conducat
734 2897 775 2966 in
796 2899 896 2969 omni
910 2899 1071 2970 doctrina
1089 2892 1297 2969 methodum
1696 2888 1700 2899 ’
1891 2964 1900 2983 ,

312 3020 449 3088 tenere,
469 3024 544 3072 non
558 3000 725 3090 ignorant
740 2993 904 3072 homines
917 3001 1144 3075 mediocriter
1155 2998 1298 3070 literati.
1755 2970 1929 3043 mmm·

308 3104 401 3177 Tota
425 3102 587 3175 doctrina
602 3096 805 3173 Christiana
826 3116 987 3173 versatur
1008 3104 1101 3174 circa
1122 3098 1220 3173 hunc
1242 3101 1299 3171 lo·
1450 3090 1516 3168 Est
1539 3111 1574 3170 ct
1596 3096 1740 3171 additus
1761 3104 1861 3175 locus
1876 3094 2140 3183 attentionis'ah
2153 3100 2343 3205 Evangelii

310 3232 409 3289 cum.
436 3204 617 3301 quomodo
636 3226 755 3275 coram
767 3200 844 3275 Deo
861 3204 1105 3299 iustificemur,
1134 3228 1195 3275 sen
1210 3204 1303 3297 quid,
1349 3195 1547 3289 dignitate:
1603 3197 1688 3272 Non
1722 3207 1832 3296 pudet
1859 3231 1918 3277 rne
1944 3206 2157 3303 Evangelii,
2200 3216 2339 3289 tametsi

313 3311 356 3381 sit
377 3307 519 3379 iusticia
540 3302 756 3378 Christiana.
828 3303 926 3377 Haec
951 3306 1111 3379 delinitio
1135 3318 1299 3398 caputet
1350 3304 1508 3372 mundus
1526 3302 1661 3387 oderit,
1687 3320 1749 3376 aut
1771 3320 1986 3397 aspernetur.
2054 3312 2173 3405 Quam
2196 3330 2340 3389 senten·

314 3435 447 3482 summa
460 3422 513 3480 est
525 3409 713 3482 universae
726 3406 909 3480 doctrinae
924 3404 1163 3496 Christianae,
1188 3430 1298 3501 quare
1349 3404 1435 3475 tiam
1462 3404 1682 3476 confirmatio
1713 3430 1773 3480 seu
1805 3400 2015 3514 airrotoylo
2043 3414 2224 3514 sequitat,
2255 3416 2341 3516 quia

313 3509 401 3584 hanc
423 3513 668 3585 definitionem
690 3511 966 3604 patefaciendam
992 3523 1026 3583 et
1045 3511 1298 3583 illustrandam
1348 3505 1583 3596 Evangelium
1606 3520 1658 3578 est
1679 3513 1837 3600 potentia
1861 3513 1948 3596 Dei,
1977 3517 2015 3588 id
2038 3533 2109 3607 est,
2136 3543 2199 3612 per
2218 3515 2340 3594 Evan-

316 3616 473 3709 suscepit.
506 3612 603 3684 Haec
616 3612 700 3685 satis
713 3613 760 3685 sit
773 3607 843 3684 hoc
860 3613 939 3684 loco
953 3613 998 3684 de
1015 3615 1166 3686 consilio
1181 3611 1298 3699 Pauli,
1349 3608 1480 3700 gelium
1494 3607 1591 3680 Deus
1613 3622 1665 3679 est
1689 3612 1828 3693 efficax,
1857 3630 1975 3689 movet
1998 3625 2105 3692 corda
2130 3626 2174 3693 ad
2191 3627 2340 3696 creden·
2384 3661 2391 3672 ,

316 3733 348 3790 et
360 3721 403 3789 dc
420 3728 629 3808 argumento
643 3711 825 3808 Epistolae
841 3716 983 3789 dixisse.
1349 3713 1454 3790 dum,
1489 3723 1523 3780 el
1544 3735 1621 3781 tem
1643 3713 1747 3782 fidem
1764 3717 1914 3808 imputat
1931 3706 1997 3812 pro
2014 3723 2161 3794 iusticia.
2205 3721 2254 3799 Et
2272 3730 2338 3800 ad-

410 3802 584 3922 Propriae
604 3819 756 3909 pertinet
770 3812 1030 3919 haecEpistola
1046 3816 1091 3887 ad
1113 3838 1224 3907 geum
1241 3815 1298 3888 di·
1348 3813 1424 3883 dita
1445 3826 1496 3884 εει
1523 3814 1599 3886 εἰει
1626 3815 1773 3889 rationis
1796 3824 2042 3910 comprobatio
2065 3842 2105 3898 es
2126 3824 2338 3911 definitione

317 3922 509 4004 dacticum,
550 3921 633 4014 quia
661 3919 743 3990 linis
777 3921 852 3989 eius
881 3934 951 4008 est,
991 3933 1033 3990 ut
1064 3921 1189 3990 doceat
1220 3941 1297 4005 nos,
1347 3912 1564 4004 Evangelii.
1601 3939 1684 3986 nam
1723 3912 1961 4010 Evangelium
2003 3927 2113 4002 docet*
2146 3929 2348 4020 iusticiam,

319 4026 399 4118 quid
421 4027 467 4096 sit
495 4022 634 4094 iusticia
665 4045 781 4092 coram
804 4020 892 4094 Deo.
965 4019 1228 4094 Potesttamen
1251 4022 1297 4091 ad
1348 4039 1439 4110 quae
1461 4040 1580 4089 coram
1594 4014 1671 4089 Deo
1687 4018 1864 4098 iustificat.
1914 4023 2101 4102 Dialectici
2124 4048 2231 4124 caput
2251 4035 2338 4110 artis

318 4125 478 4198 iudiciale
499 4147 610 4216 genus
630 4123 775 4210 reterri,
795 4124 878 4218 qnia
901 4119 971 4194 hoc
992 4147 1135 4219 quoque
1159 4123 1203 4195 ad
1228 4125 1295 4194 do·
1348 4141 1422 4189 esse
1443 4121 1591 4205 docent,
1616 4134 1710 4191 recte
1733 4122 1899 4214 definire,
1924 4151 1966 4198 ac
1987 4129 2229 4207 definitionem
2253 4137 2341 4210 dili-

316 4231 462 4300 cendum
472 4228 774 4299 accommodatum
793 4239 854 4299 est.
887 4221 1199 4320 StatosEpistolae
1214 4225 1297 4294 lini-
1351 4221 1474 4310 genter
1500 4221 1679 4294 inculcare
1703 4223 1863 4303 discenti.
1913 4227 1984 4302 Hic
2005 4233 2114 4322 igitur
2136 4237 2339 4312 meminerit

313 4332 402 4402 tirus
418 4345 480 4405 est.
530 4326 621 4398 Nam
647 4325 787 4398 iusticia
801 4325 869 4398 Dei
894 4328 1065 4398 delinitur
1084 4322 1155 4398 hoc
1175 4327 1295 4401 modo.
1349 4323 1462 4394 lector
1476 4324 1561 4416 quid
1576 4319 1809 4415 Evangelium
1830 4329 1895 4416 sit,
1919 4331 2069 4424 quidin
2090 4336 2227 4410 summa
2251 4365 2345 4421 con-¹

311 4430 452 4504 lusticia
468 4429 535 4503 Dei
558 4442 609 4500 est
630 4431 795 4515 credere,
827 4430 924 4524 quod
947 4443 1091 4523 propter
1110 4423 1294 4501 Christum
1347 4425 1486 4511 tineat,
1525 4425 1605 4519 quis
1644 4429 1810 4519 proprius
1835 4453 1876 4500 ac
1912 4435 2123 4526 praecipuus
2149 4437 2338 4530 Evangelii

305 4535 520 4628 recipiamur
544 4531 583 4601 in
608 4532 756 4622 gratiam
783 4533 910 4622 patris.
936 4533 1014 4602 siue
1037 4529 1168 4602 nostris
1187 4532 1295 4601 meri·
1346 4526 1518 4598 locussit.
1568 4525 1620 4598 lta
1637 4527 1740 4600 facilc
1755 4531 1906 4622 intelligi
1931 4538 2081 4626 poterit,
2106 4543 2338 4633 quomodoa

303 4639 372 4728 tis,
399 4652 465 4712 etc.
517 4633 630 4705 Vocat
654 4647 771 4706 autem
795 4657 858 4704 sua
880 4629 1001 4727 phrasi
1026 4634 1202 4706 iusticiam
1227 4630 1295 4702 Dei
1346 4628 1449 4718 lege,
1486 4629 1667 4722 quomodo
1700 4654 1720 4702 a
1755 4627 1983 4726 philosophia
2016 4639 2171 4714 differat.
2243 4641 2349 4721 Nam,

305 4737 417 4826 hanc,
442 4761 512 4834 qua
527 4735 625 4808 Deus
649 4748 788 4826 reputat
811 4759 878 4808 nos
896 4737 1026 4821 iustos,
1053 4759 1115 4806 seu
1135 4759 1205 4828 qua
1228 4755 1295 4804 nos
1345 4728 1581 4820 Evangelium
1598 4732 1761 4822 patefacit
1776 4734 1949 4808 iusticiam
1971 4738 2072 4826 fidei,
2097 4745 2348 4838 mot-coram,

307 4865 431 4914 sumus
463 4839 548 4910 iusti
578 4861 698 4910 coram
718 4837 829 4922 Deo.
871 4831 1065 4932 opponitur
1090 4838 1186 4908 enim
1217 4861 1295 4906 ear·
1345 4830 1421 4902 Deo
1437 4832 1521 4903 iusti
1538 4827 1752 4920 habeantur,
1777 4835 2056 4928 quiereduntse
2070 4843 2336 4936 propterChri-

306 4946 375 5015 nali
397 4969 462 5014 seu
482 4939 660 5013 hnmanae
682 4939 860 5025 iustitiae,
897 4963 990 5034 quae
1016 4941 1066 5011 sic
1094 4940 1295 5029 appellatur
1344 4932 1492 5006 stomin
1509 4933 1657 5023 gratiam
1674 4937 1797 5028 recipi.
1833 4936 2218 5037 Leraliamquandam
2234 4950 2337 5022 iusti·

307 5051 347 5114 ab
377 5047 555 5118 efficiente
584 5066 714 5129 causa,
753 5065 824 5138 qna
847 5065 932 5112 caro
955 5067 992 5113 se
1017 5042 1201 5127 iustificat,
1231 5055 1294 5113 aut
1344 5035 1435 5107 tiam
1460 5037 1582 5124 docel,
1614 5031 1839 5130 philosophia
1866 5040 2073 5117 civilitatem
2098 5071 2238 5120 morum
2263 5067 2336 5124 tra·

307 5148 433 5222 iustam
457 5148 577 5218 efficit,
656 5231 662 5244 ,
1345 5139 1419 5224 elit,
1442 5138 1567 5228 procul
1594 5138 1703 5226 igitur
1727 5141 1773 5211 ah
1788 5138 1984 5234 Evangelio
2009 5147 2155 5223 distant.
2208 5151 2336 5242 Quen.

405 5249 457 5320 Et
488 5249 572 5341 quia
601 5245 776 5338 optimum
808 5243 1066 5336 interpretandi
1098 5267 1210 5333 genus
1240 5257 1294 5314 est
1346 5256 1452 5332 quam
1478 5255 1595 5311 autem
1620 5240 1717 5311 inira
1738 5257 1893 5335 ponatur
1913 5249 2134 5346 propositio,
2167 5266 2201 5324 ct
2225 5255 2337 5328 totius

303 5347 529 5445 οἰκονομίαν
546 5347 720 5420 orationis
738 5350 945 5431 ostendere,
982 5347 1109 5418 seriem
1129 5347 1293 5416 omniurn
1345 5340 1596 5432 disputationis
1611 5353 1723 5419 status
1736 5345 1921 5438 aliquanto
1947 5349 2109 5442 pluribus
2127 5357 2246 5440 verbis
2271 5359 2336 5428 sle-

299 5457 490 5539 locorom,
515 5449 798 5544 propositionum
814 5463 851 5520 ct
872 5461 1162 5538 argumentorum
1177 5471 1292 5516 anno
1344 5455 1580 5527 monstretur,
1612 5459 1730 5517 tamen
1750 5461 1785 5519 et
1812 5441 2038 5539 hiclerordio
2061 5475 2234 5526 summam
2260 5459 2334 5530 dis-

295 5563 478 5639 tavimus,
504 5569 544 5625 ut
559 5551 714 5640 genuina
735 5550 908 5622 sententia
928 5549 1030 5620 Pauli
1053 5550 1149 5621 cerni
1171 5549 1291 5639 possit,
1343 5546 1559 5636 putationis,
1582 5545 1680 5618 velut
1702 5571 1926 5641 proponens,
1950 5553 2118 5626 brevibus
2142 5559 2259 5628 verbis
2276 5561 2336 5628 in-

293 5684 333 5739 et
356 5657 514 5745 intelligi
538 5653 718 5748 quomodo
740 5651 966 5724 consentiant
980 5653 1075 5721 inter
1094 5674 1131 5722 se
1151 5651 1290 5739 singula
1343 5647 1480 5732 seruit,
1520 5649 1616 5742 quod
1649 5645 1887 5742 Evangelium
1922 5655 2107 5744 patefaciat
2145 5657 2334 5747 iusticiam,

287 5765 462 5841 membra
479 5753 743 5852 disputationis.
790 5751 882 5824 Nam
897 5753 1131 5823 conscientiae
1145 5753 1195 5823 ita
1210 5775 1292 5823 mu·
1341 5772 1470 5841 nempe
1511 5750 1608 5846 quod
1649 5753 1792 5825 credere
1833 5751 1875 5824 in
1916 5749 2120 5846 Christum,
2167 5760 2331 5838 iustificat

288 5867 456 5944 niendae
477 5872 578 5943 sunt,
601 5871 644 5930 nt
658 5868 753 5928 certo
770 5854 884 5929 sciant
905 5855 1115 5928 sententiam
1138 5853 1292 5946 scripto·
1340 5863 1375 5923 et
1394 5851 1555 5950 pacificet
1570 5851 1691 5930 corda.
