5825 6950
584 683 660 764 sta
1179 671 1305 750 tutt-
1330 671 1448 754 mu
1474 671 1689 752 SCRIPTA
1712 671 2015 754 munuca
2521 681 2573 760 ttt

590 857 742 940 vocoad
757 838 926 939 sanorum
940 846 1211 922 eteruditorum
1225 848 1377 937 iudicia,
1403 847 1469 944 qui
1488 847 1582 920 rela-
1631 860 1776 920 econtra
1807 848 1897 920 lidcs
1920 845 2066 921 dimicat
2093 870 2141 919 ne
2157 847 2335 922 admittat
2364 843 2476 920 Dani

592 966 666 1036 tiva
681 959 876 1032 secuudum
896 950 986 1039 dici,
1010 964 1260 1039 utrocautur,
1291 951 1521 1044 intelligunt,
1547 967 1583 1026 et
1633 947 1950 1038 avellaturaDeo,
1975 951 2099 1024 statuit
2120 974 2195 1023 esse
2209 949 2346 1038 Deum,
2374 954 2475 1047 quie
2604 993 2605 1010 κ

595 1064 887 1136 animadvertunt
915 1054 996 1151 quis
1020 1054 1069 1126 sit
1097 1077 1183 1128 usus
1222 1050 1349 1127 harum
1387 1055 1582 1148 puerilium
1633 1053 1709 1141 nit,
1735 1067 1853 1125 tamen
1869 1051 2008 1125 addidit
2022 1053 2293 1146 promissionem
2310 1055 2483 1144 gratuitae

594 1163 886 1261 praeceptionum
908 1159 947 1229 in
970 1157 1222 1228 controversiis
1243 1158 1481 1246 gravioribus.
1535 1154 1584 1230 Ut
1634 1155 1809 1226 ricordiae
1832 1170 1976 1248 propter
1997 1156 2110 1226 filium
2136 1180 2258 1242 suum,
2299 1156 2399 1229 dedit
2418 1156 2486 1228 filiu
2525 1161 2530 1170 ’

594 1271 704 1359 igitur
717 1263 807 1335 haec
822 1259 1160 1332 oratio-correlative
1174 1259 1405 1350 intelligitur:
1433 1257 1583 1330 Fiducia
1636 1257 1811 1343 intorem,
1845 1257 2008 1350 promisit
2029 1270 2208 1328 aeternam
2233 1259 2395 1334 salntem.
2450 1257 2486 1328 Cr

583 1369 756 1444 thesauri
777 1365 834 1436 sui
856 1364 955 1434 dives
979 1375 1032 1432 cst
1052 1362 1247 1455 tranquillo
1272 1363 1447 1432 animuin
1470 1385 1584 1432 auno-
1636 1354 1831 1452 ergoDeus
1850 1359 1890 1428 in
1913 1349 2022 1429 v'erbo
2045 1383 2127 1445 suo,
2152 1373 2185 1432 et
2206 1386 2306 1430 mens
2330 1363 2368 1430 in
2392 1363 2485 1432 verbi·

597 1497 666 1544 uae
682 1469 909 1546 difficultate,
933 1465 973 1533 id
989 1476 1063 1543 cst,
1089 1478 1234 1560 propter
1250 1459 1457 1536 thesaurum
1478 1485 1583 1534 snum
1637 1475 1766 1548 tuens,
1808 1463 1877 1531 fide
1903 1462 2108 1531 confirmata
2138 1488 2211 1532 nun
2236 1463 2354 1534 delicit
2385 1461 2490 1534 aDco
2525 1543 2528 1549 ¹

585 1576 698 1647 -dives
718 1585 771 1642 est
791 1566 984 1660 tranquillo
1007 1565 1146 1637 auimo:
1182 1567 1231 1636 ita
1253 1567 1467 1638 comendis:
1496 1565 1586 1636 Fide
1637 1586 1830 1654 agnoscens
1854 1565 1929 1633 cius
1954 1561 2232 1634 misericordiam
2264 1567 2408 1636 invocat
2429 1589 2490 1635 eun
2581 1563 2586 1600 ³

598 1675 850 1755 iustificamur,
874 1692 958 1738 mox
985 1667 1106 1738 veniat
1127 1668 1168 1738 in
1190 1683 1343 1739 mentem
1365 1669 1585 1752 correlativa,
1639 1677 1754 1758 pectat
1775 1665 2039 1752 liberationem,
2065 1679 2100 1736 et
2122 1667 2266 1738 subiicit
2289 1692 2327 1738 se
2347 1669 2495 1738 voluntat
2604 1703 2605 1714 κ

506 1791 510 1799 ’
599 1778 673 1848 Per
691 1772 970 1844 miscricordiam
993 1785 1138 1862 propter
1154 1760 1340 1843 Christum
1371 1771 1457 1842 iusti
1480 1795 1586 1861 repu-
1639 1793 1704 1837 nec
1727 1769 1772 1836 ab
1792 1792 1833 1836 co
1860 1767 1946 1837 sinit
1970 1791 2007 1836 se
2033 1767 2150 1840 avelli.
2212 1765 2260 1840 Et
2281 1771 2361 1840 laus
2385 1769 2496 1840 victori
2604 1787 2605 1790 ’

599 1894 727 1950 tamur.
777 1866 862 1944 ldco
883 1873 978 1944 enim
1002 1872 1134 1944 dicitur
1156 1871 1263 1957 Fide,
1293 1874 1426 1958 idest,
1460 1871 1587 1942 fiducia
1640 1869 1741 1940 ducis
1763 1855 1919 1949 Christi,
1959 1869 2020 1962 qni
2044 1869 2189 1941 adiuvat
2219 1895 2323 1957 suos,
2362 1871 2450 1942 sicut
2468 1873 2498 1964 ip
2545 1881 2549 1918 ²

601 1969 637 2050 C
652 1973 856 2060 bristi,
899 1999 965 2047 seu
989 1973 1119 2044 fidncia
1151 1975 1413 2046 misericordiae
1443 1988 1590 2067 propter
1641 1971 1736 2068 quit:
1763 1970 1850 2042 Sine
1865 1995 1920 2040 me
1938 1967 2030 2038 nihil
2048 1972 2193 2062 potestis
2210 1974 2339 2047 facere.
2389 1969 2503 2062 Haece
2575 2037 2578 2042 .

600 2076 783 2153 Christum
806 2079 1019 2170 promissae,
1053 2077 1138 2147 iusti
1165 2100 1297 2147 sumus.
1363 2078 1417 2146 Ac
1440 2074 1590 2145 memini
1641 2075 1713 2144 vita
1727 2087 1761 2144 et
1776 2073 1815 2142 in
1831 2073 2055 2142 invocatione
2072 2076 2324 2166 experiuntur,
2351 2074 2505 2164 intelliget

602 2183 790 2276 aliquoties
812 2205 868 2248 me
888 2179 1145 2267 interrogatum
1171 2201 1264 2265 esse,
1302 2203 1367 2249 cur
1395 2179 1588 2248 dicendum
1641 2177 1791 2247 utrinam
1812 2177 1856 2244 de
1875 2175 1943 2243 fide
1968 2189 2134 2267 possunt,
2161 2175 2194 2246 it
2216 2178 2324 2248 simul
2339 2178 2504 2248 ‘diiudicat
2543 2235 2546 2242 .

604 2287 665 2356 sit:
692 2283 780 2352 Fide
801 2304 924 2352 sumus
946 2281 1050 2365 iusti,
1084 2280 1115 2350 si
1141 2281 1292 2350 velimus
1314 2276 1503 2350 hominum
1529 2302 1590 2369 per
1641 2289 1744 2364 runt,
1766 2279 1862 2369 quod
1881 2277 1983 2362 iusti,
2009 2277 2133 2363 idest,
2159 2280 2294 2370 accepti
2314 2276 2390 2349 Deo
2413 2281 2507 2348 simus

602 2384 880 2456 miscricordiam
915 2405 989 2451 esse
1022 2384 1168 2454 iustum.
1228 2379 1287 2452 Ad
1317 2383 1354 2450 id
1381 2384 1590 2473 respondeo,
1641 2394 1719 2474 pter
1732 2374 1933 2464 Christum,
1962 2391 1997 2448 ct
2013 2392 2129 2450 tamen
2146 2381 2280 2452 interea
2297 2382 2337 2450 in
2359 2383 2459 2451 nobis
2478 2405 2508 2448 ac

604 2487 670 2560 has
693 2511 766 2557 esse
791 2485 1018 2556 correlativas
1032 2485 1226 2569 orationes:
1254 2482 1343 2554 Fide
1357 2506 1480 2554 sumus
1494 2483 1590 2566 iusti,
1642 2493 1783 2572 oportet
1805 2482 1929 2566 fidem,
1972 2506 2061 2573 qnae
2092 2485 2147 2555 est·
2172 2507 2252 2554 vera
2283 2484 2417 2575 agnitio
2438 2480 2509 2568 Dei,
2604 2527 2605 2586 ,

605 2606 656 2661 ct:
683 2589 752 2658 Per
765 2587 1044 2657 miscricordiam
1061 2609 1182 2660 snmus
1197 2585 1293 2655 iusti.
1355 2584 1427 2658 Sed
1451 2609 1590 2656 necesse
1642 2586 1719 2655 sine
1733 2583 1903 2653 acerrimo
1920 2585 2112 2678 certamine
2127 2586 2271 2656 retineri
2288 2600 2415 2680 potest.
2604 2591 2605 2634 l

606 2705 660 2764 est
682 2689 766 2759 fidei
790 2689 1007 2758 mentionem
1031 2688 1125 2768 fieri,
1162 2689 1246 2782 quia
1267 2700 1411 2780 oportet
1435 2687 1590 2780 aliquem
1742 2683 1847 2755 Nunc
1870 2685 1980 2772 igitur
2002 2687 2131 2756 addam
2155 2691 2381 2774 testimonia,
2406 2711 2506 2782 quaec

606 2806 746 2864 motum
772 2813 866 2875 esse,
889 2812 960 2881 quo
976 2790 1168 2880 accipimus
1180 2812 1332 2876 munus,
1357 2803 1391 2860 et
1406 2790 1513 2859 nobis
1528 2813 1591 2881 ap-
1644 2789 1736 2858 dunt
1747 2786 1850 2873 fidem
1873 2810 1947 2854 non
1965 2799 2102 2859 tantum
2118 2790 2318 2878 significare
2335 2783 2503 2862 noticiam

606 2896 792 2988 plicamus.
843 2887 892 2962 Et
914 2913 994 2961 cum
1014 2890 1118 2960 fidem
1143 2892 1390 2978 nominamus,
1416 2915 1515 2960 mens
1534 2894 1590 2960 in·
1643 2891 1737 2976 riae,
1776 2891 1837 2959 scd
1872 2889 2036 2960 fiduciam
2072 2891 2362 2975 misericordiae,
2401 2891 2496 2962 dimic

608 3009 751 3070 tueatur
762 2988 967 3081 Christum,
992 3003 1027 3062 ct
1042 2993 1172 3081 cogitet
1184 2997 1374 3084 gratuitam
1392 2994 1592 3063 misericor·
1645 3016 1725 3062 cum
1744 2989 1986 3082 desperatione
1999 3007 2032 3062 ct
2049 3008 2228 3065 contemtu
2243 2992 2324 3068 Dei.

609 3101 706 3168 diam
730 3109 874 3188 propter
898 3119 978 3164 cnm
1004 3095 1233 3187 promissam,
1272 3120 1313 3165 ac
1333 3108 1465 3167 statuas
1487 3097 1594 3166 tein-
1750 3091 1858 3165 Rom.
1884 3090 1935 3167 4.:
1976 3092 2110 3165 Paulus
2139 3097 2276 3168 confert
2307 3093 2502 3190 promission

608 3212 703 3270 atum
726 3198 901 3290 reputari,
935 3220 1009 3266 uun
1035 3211 1180 3289 propter
1207 3198 1300 3267 ullas
1332 3210 1411 3267 tuas
1435 3199 1595 3283 virtutes,
1647 3197 1782 3275 fidem,
1826 3207 1991 3288 tanquam
2028 3199 2264 3284 correlative,
2314 3203 2441 3270 docens
2467 3218 2504 3284 op

610 3326 674 3372 seu
691 3302 867 3384 actiones,
893 3301 954 3368 sed
971 3313 1115 3389 propter
1131 3300 1229 3370 aliud
1245 3313 1342 3369 extra
1355 3323 1440 3384 nos,
1470 3300 1595 3370 videli-
1649 3295 1919 3390 promissionem
1943 3298 2056 3396 accipi
2082 3300 2161 3374 fide.
2231 3297 2331 3396 Ergo
2357 3297 2509 3384 fidessig·
2604 3303 2605 3366 l

611 3418 685 3489 cet,
711 3416 855 3496 propter
870 3397 1052 3471 Christum
1075 3402 1326 3487 mediatorem,
1350 3405 1531 3472 sedentem
1552 3405 1595 3472 ad
1651 3400 1833 3485 fiduciam,
1859 3423 1949 3495 quae
1972 3399 2099 3470 nititur
2122 3405 2358 3493 promissione
2375 3400 2494 3472 divina.

612 3510 771 3575 dextram
786 3505 1213 3595 patris,intcrpellantem
1229 3521 1294 3596 pro
1309 3503 1423 3579 nubis.
1459 3505 1597 3575 Interea
1651 3503 1893 3573 testimonium
1916 3504 2003 3572 adeo
2028 3506 2253 3597 perspicuum
2278 3522 2350 3592 est,
2386 3520 2424 3575 nt
2443 3500 2508 3571 null
2604 3522 2605 3527 ¹

613 3604 673 3677 hic
696 3610 771 3697 ipsc
793 3617 912 3675 motus
935 3606 1018 3675 fidei
1039 3606 1078 3673 iu
1101 3606 1230 3675 animis
1259 3606 1410 3690 uostris,
1444 3621 1595 3677 nonest
1652 3603 1799 3675 lumniis
1816 3604 2018 3674 labefactari
2037 3608 2156 3696 possit.
2208 3607 2293 3679 ldeo
2313 3608 2579 3679 exfideetsmn-

614 3712 726 3781 otiosa
745 3706 930 3796 cogitatio,
955 3707 1015 3775 sed
1031 3708 1188 3777 luctatur
1202 3730 1283 3777 curn
1301 3709 1498 3777 terroribus
1520 3732 1600 3797 pec·
1654 3711 1737 3777 dum
1756 3710 1923 3797 gratiam,
1950 3718 1989 3775 nt
2009 3707 2108 3778 firma
2127 3710 2172 3781 sit
2187 3713 2395 3801 promissio,
2419 3708 2520 3783 idest,
2544 3695 2579 3761 lt·

612 3813 703 3900 eati,
728 3834 809 3880 cum
825 3822 956 3893 morte,
981 3808 1127 3879 dimicat
1145 3832 1227 3879 cnm
1247 3808 1411 3889 diabolo,
1435 3804 1602 3903 quihur-
1657 3812 1729 3899 gito
1759 3812 1890 3895 fidem,
1936 3830 2005 3901 qna
2038 3808 2231 3904 accipiatur
2264 3812 2446 3906 promissio
2472 3794 2580 3874 reconti-

610 3914 786 3985 ribilihus
799 3912 915 3980 modis
930 3925 1114 4002 oppugnat
1129 3911 1287 3980 infirmas
1304 3925 1457 3996 mentes,
1480 3926 1520 3982 ut
1544 3912 1600 3982 vel
1656 3912 1822 3981 liationis.

617 4018 662 4087 ad
681 4026 898 4084 contemtum
913 4011 1000 4097 Dei,
1028 4015 1086 4081 vel
1101 4016 1145 4083 ad
1161 4013 1442 4102 desperationem
1457 4036 1516 4083 eas
1529 4016 1602 4083 im—
1756 4008 1885 4103 Ephes.
1905 4013 1956 4083 3.:
1985 4011 2053 4083 Per
2068 4038 2173 4109 quem
2189 4018 2360 4087 audemus
2373 4014 2517 4085 accedere
2529 4021 2580 4071 con·

617 4119 746 4209 pellat:
773 4117 863 4186 sicut
880 4114 990 4199 Cain,
1016 4113 1121 4198 Saul,
1147 4112 1270 4198 ludas,
1300 4128 1335 4186 ct
1358 4114 1601 4185 innumerahi-
1657 4118 1805 4185 fidenter
1822 4140 1883 4205 per
1898 4116 2001 4185 fidem
2019 4118 2105 4191 eius,
2158 4116 2266 4207 Quod
2281 4118 2431 4214 requiris
2453 4116 2538 4182 lector
2553 4120 2581 4168 te

618 4222 670 4289 les
695 4219 778 4303 alii,
818 4232 1005 4310 postquam
1030 4229 1287 4286 statuernutse
1310 4240 1329 4285 a
1350 4214 1430 4286 Deo
1451 4218 1606 4288 abiectos
1658 4218 1864 4287 stimonium
1890 4218 2088 4289 illustrius?
2127 4220 2196 4289 iam
2218 4222 2314 4293 enim
2335 4244 2405 4289 non
2430 4240 2498 4285 cnm
2521 4224 2581 4299 syro

605 4344 710 4406 esse,
734 4322 896 4390 furenter
912 4321 1066 4388 oderunt
1085 4313 1254 4389 Dauni..
1300 4316 1376 4387 Alii
1389 4320 1482 4391 finnt
1497 4316 1604 4391 Athei
1659 4315 1802 4412 phontis
1818 4319 1916 4408 litigo
1923 4370 1935 4403 ,
1962 4322 2022 4389 sed
2048 4322 2125 4411 pius
2146 4338 2182 4393 et
2200 4324 2370 4393 candidos
2383 4312 2513 4389 lectores
2529 4306 2582 4375 allo·

619 4446 684 4494 seu
698 4419 884 4513 Epicurei,
910 4416 1123 4501 utPharao,
1146 4444 1237 4489 cnm
1256 4420 1295 4489 in
1313 4424 1613 4510 magnisaernm-'
1659 4446 1770 4515 quur,
1802 4416 1866 4490 ltus
1887 4416 2076 4507 adhortor,
2112 4435 2146 4494 ct
2166 4440 2313 4517 propter
2335 4420 2462 4494 Christi
2484 4409 2583 4503 glorian

619 4527 677 4595 nis
700 4537 935 4615 aspernantur
963 4524 1114 4591 verbum
1136 4520 1223 4606 Dei,
1259 4535 1296 4592 ct
1328 4525 1604 4595 consolationem
1660 4526 1833 4605 obtestor,
1859 4537 1899 4594 nt
1914 4520 1999 4592 haec
2014 4527 2213 4596 testimonia
2230 4528 2417 4619 diligenter
2431 4514 2584 4620 expendanl·

621 4628 800 4697 divinam:
824 4624 1151 4693 necsustentants'e
1167 4624 1254 4708 fidu,
1279 4625 1339 4692 scd
1357 4626 1460 4696 fracti
1479 4626 1607 4694 animis
1658 4624 1791 4693 Paulus
1819 4620 1876 4693 hie
1900 4626 1983 4694 fidei
2007 4641 2169 4696 naturam
2193 4631 2348 4699 declarat
2364 4614 2584 4697 tribusinsignt·

623 4734 753 4798 cedunt
781 4727 946 4808 diabolo,
986 4726 1076 4795 sicut
1105 4725 1286 4795 clamitant
1310 4727 1413 4816 impii
1440 4727 1479 4794 in
1501 4729 1607 4795 rebus
1661 4728 1726 4795 bus
1755 4729 1954 4797 vocabulis:
1999 4730 2049 4799 ait
2078 4749 2144 4799 nos
2176 4732 2244 4801 fide
2271 4726 2400 4801 habere
2422 4706 2584 4813 παῤῥησιάν,

604 4830 797 4900 adversis:
822 4827 917 4925 Sunt
933 4827 1037 4897 nubis
1054 4829 1151 4895 nialla
1168 4830 1326 4917 profectu
1343 4828 1504 4912 numina,
1528 4852 1606 4901 cnm
1660 4824 1914 4927 προσαγωγὴν
1936 4826 2000 4901 καὶ
2031 4826 2266 4925 πεποίθησιν.
2335 4831 2426 4902 llaec
2446 4848 2507 4895 non
2525 4832 2585 4919 conj

624 4956 727 5001 caeco
750 4929 934 5018 rapiantur
963 4930 1077 4998 secula
1103 4952 1196 4999 casu.
1262 4927 1334 5000 Sed
1363 4930 1427 5019 qui
1449 4931 1607 4998 laudiunt
1661 4946 1787 5023 petunt
1803 4932 1952 5001 noticiae
1970 4929 2271 5028 historiae,·quae
2286 4938 2401 5025 potins
2416 4916 2605 5009 deterret2⁵¹l

625 5031 876 5117 Evangelium,
908 5030 968 5121 qui
992 5045 1127 5101 norunt
1148 5031 1215 5101 Dei
1235 5054 1342 5119 opera
1364 5053 1462 5114 esse,
1495 5033 1608 5111 dedu?
1661 5034 1889 5122 cogitandum
1904 5037 1975 5114 est,
2001 5048 2087 5105 tunc
2102 5060 2166 5105 nos
2183 5058 2379 5107 accessuros
2393 5035 2432 5101 ad
2447 5022 2605 5099 Christum

627 5158 703 5205 cere
720 5136 765 5203 ad
781 5132 912 5201 inlesos
934 5146 968 5203 ct
985 5135 1169 5218 reducere,
1192 5135 1232 5201 in
1254 5132 1318 5201 tali
1341 5155 1453 5221 agone
1472 5147 1608 5202 susten·
1661 5158 1741 5204 cnm
1755 5137 1890 5205 erimu's
1904 5136 2014 5225 dlgni.
2064 5136 2212 5209 Necesse
2226 5156 2277 5208 est
2295 5141 2399 5228 igitur
2414 5134 2503 5201 fidem
2518 5112 2584 5228 inlfl·

625 5249 704 5305 tant
732 5260 769 5303 se
805 5234 893 5315 fide,
932 5231 1143 5321 confugiunt
1175 5236 1220 5304 ad
1251 5227 1376 5302 ducem
1410 5230 1608 5305 Christum.
1661 5237 1725 5325 ligi
1747 5237 1909 5307 fiduciam
1933 5240 2206 5315 misericordiae.
2259 5228 2496 5325 NecCucltlacl
2517 5210 2585 5321 canl:

625 5337 733 5405 llunc
751 5351 885 5407 norunt
913 5360 987 5405 esse
1019 5339 1206 5417 victorem,
1246 5333 1310 5426 qni
1333 5337 1485 5406 conterit
1506 5352 1610 5427 capnt
1661 5340 1798 5409 latione'
1809 5340 2012 5409 labefactari
2035 5344 2165 5433 poterit
2185 5342 2270 5414 haec
2292 5330 2529 5430 interpretatio,
2548 5334 2583 5406 ¹1⁰¹

517 5524 520 5539 Ι
620 5440 820 5529 serpentis:
856 5460 936 5523 seu,
968 5451 1010 5507 nt
1032 5438 1119 5505 alibi
1144 5436 1296 5520 dicitur,
1329 5439 1479 5508 destruit
1503 5462 1609 5527 opera
1663 5441 1798 5533 inquit:
1835 5440 1873 5511 Si
1898 5444 1992 5511 idem
2012 5460 2126 5514 essent
2150 5428 2237 5515 fides
2259 5462 2291 5517 et
2313 5434 2448 5519 fiducia,
2472 5448 2530 5499 1¹⁰ss
2546 5414 2583 5485 ll

499 5605 503 5620 ,
625 5543 776 5623 diaboli,
817 5563 858 5609 ac
883 5562 1022 5627 semper
1050 5539 1135 5607 inde
1159 5560 1271 5629 usque
1299 5539 1344 5607 ah
1367 5540 1611 5610 initioadluit
1663 5546 1823 5631 iungeret
1848 5558 2015 5637 tanquam
2040 5546 2220 5630 effectum,
2258 5546 2414 5619 fiduciam
2436 5524 2581 5627 perfidttl·

626 5645 711 5717 suis.
772 5639 893 5729 Quare
915 5638 1028 5710 adiuti
1050 5663 1071 5708 a
1093 5640 1167 5709 filio
1189 5638 1279 5723 Dei,
1311 5640 1459 5711 vincunt
1485 5644 1611 5711 diabo·
1664 5642 2132 5717 OacumenCarneadeum.
2184 5632 2582 5727 Motusincordcdescrr

626 5738 1131 5828 lmn,.neudcficiuntaDco.
1180 5739 1272 5811 Nam
1296 5736 1362 5811 hac
1383 5744 1611 5812 de'redimi·
1664 5748 1761 5817 bitur
1775 5770 1866 5815 unus
1882 5748 2043 5837 pluribus
2059 5752 2187 5821 serbis.
2239 5749 2379 5823 Etcum
2401 5715 2580 5809 lidcssitltc

621 5860 742 5930 eatur,
769 5845 933 5916 diabolus
948 5858 1050 5933 urget
1064 5844 1222 5928 animos,
1246 5857 1285 5914 ut
1299 5867 1320 5915 a
1335 5844 1416 5917 Deo
1433 5846 1621 5943 deficiant:¹
1664 5864 1779 5921 motus
1794 5872 1865 5942 quo
1884 5852 1927 5921 ad
1943 5850 2057 5922 Deum
2083 5853 2408 5941 accedimus,.ccrte
2426 5859 2489 5910 non
2508 5824 2580 5919 P⁰¹ll
