5825 6950
355 665 421 748 698
534 663 636 740 Xlll.
683 670 723 743 Ξ.
747 662 1114 744 COMMllNTdel
1142 667 1194 744 ΙΝ
1218 665 1554 746 salamandr
1585 661 1654 740 au
1679 663 1945 744 ROMANOS.
1992 673 2098 749 CAP.
2122 678 2168 755 X.
2293 683 2370 758 sat

282 906 283 915 ,
353 850 450 928 atet,
471 839 789 932 carenosptseere
804 836 901 928 Deo,
921 863 1005 918 tum
1017 839 1102 917 sads
1115 841 1325 918 meritorum
1374 841 1474 912 tione
1497 837 1645 914 Domini
1666 839 1756 910 salvi
1788 841 1887 914 eritis
1909 845 1957 916 ab
1984 844 2057 916 illis
2080 846 2167 940 ipsis
2193 851 2366 940 malis,a
2432 859 2437 868 '

350 937 558 1018 bunnae
606 939 706 1014 Ilaec
729 946 769 1016 iu
792 967 922 1038 genere
940 947 987 1020 de
1006 946 1177 1018 omuibus
1198 941 1326 1018 huius·
1374 957 1516 1038 peceato
1530 955 1793 1024 etamorte,·a
1807 945 1940 1038 quibus
1962 971 2035 1020 non
2048 950 2223 1024 liberabat
2239 955 2306 1026 ιρι,

347 1045 437 1119 modi
448 1044 555 1116 dictis
569 1046 655 1118 seiri
678 1050 837 1138 prodest.
1048 1061 1052 1065 ’
1474 1043 1571 1118 llaec
1586 1059 1638 1116 est
1653 1045 1802 1138 simplex
1815 1060 1852 1119 ιι
1871 1073 1952 1120 vera
1966 1055 2139 1124 sententia
2155 1049 2262 1128 buius
2278 1083 2362 1151 pro-

435 1143 542 1219 Nunc
555 1151 602 1218 ad
618 1161 751 1225 testum
765 1152 966 1224 redeamus.
996 1146 1145 1224 Certum
1161 1165 1212 1221 est
1228 1147 1324 1222 Pau·
1372 1147 1563 1222 missionis.
1615 1145 1700 1219 ldeo
1715 1162 1796 1239 apte
1809 1151 1962 1243 quadrat
1984 1155 2027 1224 ad
2045 1151 2301 1246 Evangelium,
2327 1175 2362 1234 et

346 1249 412 1318 lum
432 1271 507 1319 nou
529 1251 681 1340 probare
709 1254 989 1339 confessionem,
1016 1254 1089 1324 nisi
1110 1254 1204 1325 adsit
1224 1253 1322 1333 fides,
1370 1253 1471 1324 addit
1485 1248 1621 1346 aliquid
1638 1250 1729 1321 lucis
1745 1251 1946 1324 definitioni
1960 1255 2120 1328 iusticiac
2134 1260 2233 1345 fidei,
2252 1288 2359 1356 quam

345 1372 418 1441 erpo
439 1373 517 1422 non
545 1353 672 1426 tribuit
698 1356 933 1444 confessioni,
961 1358 1059 1450 quod
1089 1355 1136 1428 sit
1166 1355 1320 1448 pretium
1369 1377 1475 1446 supra
1500 1353 1664 1426 tradidit:
1709 1351 1853 1425 iusticia
1887 1355 1975 1446 legis
2006 1372 2056 1430 est
2086 1361 2198 1431 lacere
2232 1365 2356 1454 legem.

344 1452 576 1524 autmeritum
591 1455 686 1528 vitae
710 1471 885 1532 aeternae.
931 1453 1035 1530 Esset
1056 1459 1152 1529 enim
1177 1472 1319 1529 contra·
1369 1454 1439 1528 Sed
1456 1456 1594 1531 iusticia
1617 1455 1700 1524 fidei
1722 1467 1774 1527 est
1799 1457 1965 1528 invocare
1988 1457 2207 1549 Dominum,
2233 1478 2267 1537 et
2286 1479 2357 1536 sta.

344 1553 458 1639 dictio,
481 1569 526 1628 ut
545 1556 680 1628 dictum
701 1574 774 1642 est,
799 1576 835 1633 et
867 1577 986 1634 tamea
1007 1559 1161 1654 requirit
1180 1561 1321 1632 conlea-
1369 1573 1487 1652 tuere,
1513 1559 1608 1654 quod
1627 1571 1772 1650 propter
1793 1558 1907 1630 lilium
1923 1557 1991 1632 Dei
2015 1563 2211 1635 liberemur
2233 1592 2253 1636 a
2275 1592 2356 1661 pee-

343 1655 484 1737 siouesn,
512 1660 597 1751 quia
613 1662 837 1749 obedientie,
862 1678 901 1736 ut
924 1663 1060 1735 dictum
1084 1676 1156 1747 est,
1180 1675 1233 1736 est
1255 1685 1320 1734 ne·
1367 1665 1445 1734 catu
1462 1676 1495 1732 ct
1513 1687 1532 1732 a
1548 1675 1682 1748 morte,
1708 1674 1744 1733 et
1765 1661 1811 1732 ab
1827 1661 1899 1749 ira,
1924 1688 1944 1735 a
1965 1665 2097 1759 quibus
2120 1666 2177 1737 Ιιι
2200 1691 2274 1739 nou
2291 1695 2355 1764 po.
2424 1709 2429 1718 -

342 1758 496 1843 senaria,
522 1775 557 1832 et
571 1767 761 1836 ostendere
778 1767 891 1840 voluit
906 1763 1040 1838 Paulus
1055 1789 1092 1837 se
1107 1765 1207 1860 loqui
1220 1819 1232 1850 ,
1244 1788 1318 1835 non
1366 1775 1456 1836 terat
1471 1765 1633 1834 liberare.
1658 1815 1662 1820 -

342 1860 377 1929 de
396 1853 575 1954 hypocrisi
600 1865 700 1953 fidei,
731 1866 769 1941 id
794 1882 868 1954 est,
891 1869 938 1940 de
959 1868 1073 1939 otiosa
1095 1867 1319 1958 cogitatione,
1467 1863 1653 1938 Dulcescet
1683 1865 1792 1953 igitur
1821 1866 2030 1960 promissio,
2071 1893 2151 1940 curn
2179 1871 2353 1963 particula
2453 1949 2465 1966 .

342 1962 448 2032 sedda
474 1987 563 2036 vero
585 1981 686 2040 motu
706 1970 847 2056 cordis,
871 1968 934 2065 qui
955 1963 1190 2062 apprehendit
1210 1969 1316 2040 mise·
1364 1967 1473 2058 gratis
1490 1969 1528 2039 in
1545 1993 1584 2040 ea
1601 1967 1823 2061 intelligitur.
1874 1963 1923 2040 llt
1936 1971 1988 2039 sic
2009 1975 2202 2043 exercenda
2224 1988 2274 2045 est
2295 1977 2354 2044 iu-

282 2084 289 2143 l
341 2063 519 2136 ricerdism
544 2071 755 2160 promissam
778 2085 924 2166 propter
943 2067 1149 2158 Christum,
1174 2087 1211 2144 et
1231 2096 1316 2162 pro·
1366 2071 1525 2162 vocatio,
1555 2094 1601 2141 ue
1626 2072 1801 2143 deterreat
1824 2091 1889 2141 nos
1912 2071 2105 2162 indignitas
2127 2091 2266 2162 nostra,
2292 2079 2353 2147 sed

283 2182 288 2233 t
341 2179 448 2258 pterea
466 2167 566 2243 lueet
590 2170 629 2241 in
652 2174 894 2261 confessione,
930 2174 1123 2267 patientia,
1152 2173 1317 2246 ethonis
1362 2175 1517 2244 sciamus
1534 2174 1738 2244 mandatum
1757 2171 1822 2242 Dei
1837 2187 1981 2259 esse,ut
1997 2176 2217 2248 invocemus.
2254 2176 2354 2264 ltem,

340 2269 492 2358 eremplis
508 2273 631 2342 omnis
647 2276 821 2366 generis„
1364 2278 1572 2346 mandatum
1597 2297 1689 2359 esse,
1720 2290 1760 2344 ut
1786 2277 1971 2345 credamus
1996 2301 2061 2347 nos
2083 2279 2241 2350 exaudiri
2269 2304 2353 2370 pro-

424 2368 614 2446 Praeteres
628 2377 800 2449 discernit
815 2376 1042 2450 iusticiamet
1064 2377 1212 2451 salutem
1232 2403 1314 2472 pru·
1363 2393 1443 2467 pter
1456 2372 1657 2461 Christum,
1682 2401 1755 2447 nou
1781 2391 1926 2468 propter
1950 2378 2156 2466 dignitatern
2179 2397 2353 2456 nostram.

284 2504 289 2527 ι
340 2482 404 2564 pter
416 2479 735 2565 perseverantiam.
784 2475 865 2552 Etsi
886 2482 983 2552 enirn
1006 2479 1169 2575 quisquis
1192 2482 1316 2552 estiu-
1363 2477 1486 2568 erare
1510 2479 1719 2554 obediamus
1743 2479 1837 2564 Deo,
1868 2491 1902 2550 et
1927 2473 2023 2550 hunc
2046 2482 2181 2554 cultum
2198 2499 2354 2575 praeste-

287 3462 290 3471 ,
422 3389 591 3466 Primum
622 3399 888 3470 observandum
915 3412 986 3481 est,
1028 3400 1123 3492 quod
1159 3397 1314 3470 inculcat

341 2587 418 2660 stus,
440 2591 493 2649 est
512 2593 553 2652 et
568 2575 693 2652 lueres
706 2584 800 2657 vitae
814 2595 997 2668 aeternae,
1021 2596 1141 2656 tamen
1157 2583 1233 2654 deri
1252 2608 1316 2674 poa
1363 2604 1462 2669 mus,
1495 2605 1646 2676 cumque
1667 2582 1895 2666 invocamus,
1925 2583 2195 2655 meminerimus
2219 2609 2284 2656 uos
2299 2586 2353 2654 al-

340 2687 409 2761 tcst,
430 2693 471 2752 ut
486 2680 605 2756 iustus
620 2682 750 2760 iterum
764 2684 905 2762 amittat
917 2685 1105 2758 iusticiam.
1156 2683 1243 2756 ldeo
1258 2685 1309 2756 in·
1362 2684 1455 2755 lerre
1476 2681 1722 2774 indignitatem
1740 2697 1771 2751 et
1790 2698 1948 2781 peccata,
1975 2699 2009 2754 ιι
2026 2700 2186 2778 petamus
2209 2703 2354 2780 propter

339 2779 417 2870 quit:
451 2780 494 2854 Si
532 2783 775 2874 confiteberis,
816 2787 981 2860 videlicet
1017 2800 1163 2880 propter
1198 2791 1316 2873 fidem,
1362 2781 1566 2874 Christum,
1602 2796 1643 2855 ut
1676 2786 1871 2855 liberemur
1900 2799 1935 2856 et
1965 2789 2214 2876 exaudiamur,
2254 2792 2353 2883 qrrod

339 2881 422 2972 uni
448 2885 567 2958 dicat:
610 2887 650 2964 Si
682 2889 771 2960 fides
799 2889 908 2962 luerit
930 2890 1052 2974 arma,
1087 2903 1123 2962 ιι
1153 2915 1315 2981 perseve-
1362 2913 1443 2957 cum
1467 2887 1635 2972 iacimus,
1665 2887 1773 2956 simul
1795 2887 1933 2976 agimus
1956 2891 2226 2979 poenitentiam.
2280 2889 2353 2960 lam

340 3003 416 3056 rsus
467 2985 557 3058 Non
571 2989 667 3062 enirn
690 2992 816 3084 probat
837 2991 1118 3080 confessionem,
1142 2994 1212 3064 nisi
1231 3019 1315 3085 pro·
1361 2989 1465 3060 facile
1488 3005 1540 3062 est
1563 2989 1765 3060 dissimiles
1776 2989 1968 3060 sententias
1991 2991 2197 3062 conciliare:
2224 2991 2353 3062 Pecca-

339 3097 399 3172 pter
418 3087 544 3163 fidem.
1362 3105 1456 3162 tores
1479 3087 1576 3162 Deus
1598 3115 1672 3160 nun
1696 3093 1858 3176 exaudit,
1893 3091 2027 3164 scilicet
2050 3095 2112 3190 qui
2135 3096 2213 3165 siue
2228 3095 2353 3188 poeni·

639 3253 649 3276 .
740 3257 749 3278 .
865 3257 912 3278 ..
1094 3259 1103 3279 ,
1362 3195 1472 3264 tentia
1488 3207 1523 3266 ct
1537 3195 1615 3265 siue
1629 3195 1697 3262 lide
1713 3193 1891 3268 invocant.

526 3246 664 3330 Omnes
687 3281 783 3330 emm
804 3285 870 3362 pus
894 3269 1128 3338 invocaverat.

1360 3356 1555 3461 Quomodo
1578 3371 1701 3435 nalem
1730 3361 1953 3434 invocabunt
1977 3383 2077 3458 eum,
2104 3363 2144 3435 in
2159 3387 2262 3465 qnam
2279 3389 2352 3440 nou

341 3495 536 3583 particulam
567 3500 825 3587 universalem,
866 3514 900 3573 et
932 3500 1199 3573 meminerimus
1231 3526 1315 3593 pro·
1731 3461 1989 3538 ‘sedulum-³

290 3667 294 3696 Ι
340 3597 507 3673 missiones
539 3623 615 3676 esse
642 3604 871 3676 universales.
933 3602 1121 3691 Secundo,
1151 3604 1313 3675 conside·
1463 3600 1575 3675 Addit
1599 3601 1733 3675 Paulus
1754 3605 1922 3687 modum,
1952 3628 2024 3697 quo
2043 3604 2211 3674 beneficia
2233 3602 2350 3675 Evan-

340 3702 470 3772 nndum
495 3716 573 3789 est,
597 3705 685 3799 quid
708 3704 779 3775 sibi
803 3706 889 3779 velit
912 3700 1001 3779 ltaec
1021 3730 1114 3776 nova
1128 3707 1314 3793 sententia,
1359 3705 1445 3798 gelii
1467 3706 1574 3777 nobis
1600 3705 1830 3795 contingunt,
1864 3705 1997 3777 scilicet
2030 3730 2093 3799 per
2116 3707 2355 3778 ministerium

290 3853 294 3866 .
340 3811 421 3873 ctan
443 3806 489 3875 ad
512 3800 753 3897 Evangeliusu
779 3809 988 3883 conveniat:
1018 3804 1151 3881 Omnis
1171 3809 1235 3904 qui
1255 3810 1314 3879 in·
1361 3808 1461 3880 verbi
1485 3806 1564 3879 Dei.
1620 3806 1756 3907 Estque
1779 3804 1838 3879 hie
1864 3807 1966 3879 locus
1991 3808 2201 3900 praecipuus
2222 3812 2268 3878 de
2288 3832 2354 3879 ne·

339 3907 498 3981 vocaverit
516 3920 585 3981 etc.
1140 3948 1147 3958 ·
1360 3910 1521 3982 cessitate
1535 3924 1570 3983 et
1584 3909 1759 3999 dignitate
1779 3910 1969 3981 ministerii
1994 3910 2262 3999 diligentissime
2284 3912 2351 3981 nb·

421 4006 662 4099 Respondeo:
688 4008 787 4083 Haec
807 4026 860 4085 est
883 4036 977 4083 nova
998 4007 1207 4106 prophetia,
1240 4012 1314 4082 dis·
1360 4014 1574 4098 servandus,
1598 4026 1637 4083 ut
1651 4012 1824 4102 sciamus,
1850 4012 2031 4108 quomodo
2047 4010 2144 4083 Deus
2158 4013 2204 4084 sit
2230 4014 2351 4083 ellicus

341 4127 468 4182 cernens
486 4106 730 4205 Evangelium
747 4138 768 4183 a
783 4113 876 4204 lege,
899 4114 983 4209 quia
1005 4117 1062 4186 lex
1084 4117 1193 4189 etiam
1212 4116 1315 4188 docet
1360 4115 1400 4183 in
1416 4113 1540 4201 nobis,
1563 4138 1629 4187 nec
1641 4136 1853 4207 quaeramus
1876 4114 1963 4184 alias
1988 4114 2268 4187 illuminationes
2291 4140 2351 4185 er·

341 4204 611 4301 invocationem,
633 4240 715 4287 cnm
731 4217 938 4289 conditione
954 4218 1127 4307 perfectae
1143 4218 1313 4290 obedien·
1359 4230 1415 4289 ιιι
1431 4219 1597 4302 verbum,
1612 4240 1677 4286 nec
1693 4215 1922 4287 admittamus
1938 4216 2207 4305 imaginationes
2222 4230 2255 4289 et
2270 4218 2350 4307 opi·

341 4308 404 4386 liae.
450 4314 527 4389 Sed
544 4312 828 4409 haecproplvetis
844 4319 1023 4412 promittit
1040 4320 1191 4393 salutem
1210 4321 1314 4389 invo-
1360 4320 1546 4391 nioneade
1563 4316 1659 4411 Deo,
1686 4318 1762 4391 sine
1784 4333 1879 4388 certo
1905 4318 2015 4388 verbo
2032 4314 2108 4390 Dei.
2165 4318 2350 4391 Latiuime

342 4414 508 4511 cantibus,
540 4418 676 4491 scilicet
702 4420 835 4513 qsribus
861 4435 965 4493 antea
994 4421 1052 4493 lex
1080 4446 1155 4492 non
1178 4434 1314 4514 poterat
1362 4434 1456 4511 patet
1479 4415 1546 4492 lruc
1570 4418 1860 4514 praeceptumde
1885 4422 1996 4491 verbo
2017 4419 2149 4505 vocali,
2180 4434 2233 4490 est
2252 4420 2348 4489 enim

341 4516 515 4604 opitulari,
538 4534 573 4596 et
587 4520 746 4617 quisunt
763 4524 834 4593 ism
848 4522 958 4607 tales,
982 4536 1021 4595 ut
1042 4548 1118 4595 nou
1136 4538 1314 4614 praestent
1361 4522 1506 4593 difficile
1523 4519 1663 4594 homini
1679 4520 1841 4592 resistere
1854 4523 1892 4590 iu
1910 4523 2019 4591 verbo
2033 4519 2118 4607 Dei,
2144 4536 2177 4591 et
2198 4536 2350 4591 statuere

341 4616 584 4705 obedientiam,
618 4646 725 4718 quarn
756 4624 814 4695 lex
842 4624 1005 4719 requirit.
1062 4623 1214 4697 Talibus
1240 4626 1312 4696 iam
1360 4639 1477 4705 certo,
1503 4620 1595 4695 hanc
1610 4646 1684 4694 ease
1699 4622 1918 4693 voluntatem
1935 4622 2024 4706 Dei,
2056 4646 2161 4716 quam
2178 4623 2216 4691 iu
2240 4624 2349 4695 verbo

342 4722 499 4805 puniceis
527 4726 698 4811 alutem,
736 4727 766 4797 si
793 4725 960 4799 invocent
990 4750 1124 4799 nomen
1155 4726 1314 4813 Domini,
1361 4726 1642 4819 proponit,ideo
1657 4725 1759 4795 facile
1775 4726 1953 4796 delabitur
1969 4723 2007 4793 in
2023 4725 2111 4794 alias
2125 4724 2349 4815 imaginatio·

283 4917 287 4926 Ι
342 4816 446 4906 idest,
469 4826 500 4896 si
520 4826 689 4899 invocent
703 4828 807 4900 illum
824 4827 1042 4913 Dominum,
1066 4829 1129 4925 qui
1151 4854 1190 4900 se
1213 4854 1312 4902 reve·
1360 4852 1434 4899 nes·
1487 4828 1587 4901 Sicut
1603 4822 1681 4899 Eva
1701 4826 1827 4899 leviter
1847 4826 2002 4898 sentiens
2022 4827 2067 4896 de
2091 4828 2217 4911 verbo,
2250 4828 2349 4897 addit

343 4918 436 4996 latin
456 4929 521 5001 illo
538 4930 667 5015 verbo,
692 4933 790 5025 quod
811 4932 911 5003 dedit
934 4930 1114 5025 patribus,
1138 4934 1235 5028 quod
1251 4957 1313 5003 ex·
1361 4930 1670 5022 imaginationem,
1711 4929 1859 5002 tortasse
1887 4952 1963 4999 nou
1989 4942 2061 5001 tam
2083 4929 2221 5001 duriter
2240 4928 2349 5001 sensit
2499 5010 2502 5019 ,

343 5012 461 5101 libebit
476 5030 516 5101 in
530 5034 688 5103 adventu
700 5031 779 5109 lilii,
1359 5030 1470 5105 Deus.

282 5153 283 5206 ι
428 5129 548 5220 Quare
570 5128 630 5207 hic
653 5158 794 5208 necesse
808 5148 861 5207 est
880 5133 1035 5226 intelligi
1051 5134 1312 5208 invocationem
1463 5132 1523 5207 Sic
1539 5132 1576 5203 in
1593 5130 1717 5205 multia
1731 5129 1891 5205 articulis
1910 5132 2057 5220 accidit,
2087 5132 2235 5203 verbum
2260 5130 2348 5203 dicit

344 5246 411 5299 tum
432 5236 604 5324 particula
620 5234 754 5313 Gratis.
791 5233 961 5332 Requirit
985 5236 1100 5319 enirn,
1125 5251 1166 5310 ut
1188 5237 1312 5309 creda-
1360 5238 1473 5309 clare:
1500 5234 1591 5307 Fide
1613 5259 1737 5307 sumus
1758 5236 1841 5307 iusti
1868 5250 2012 5329 propter
2023 5230 2217 5307 Christum.
2269 5230 2348 5303 llos

347 5347 412 5401 uus
429 5336 553 5425 gratis,
585 5354 733 5430 propter
755 5339 860 5411 illum
880 5339 1092 5430 promissum
1114 5336 1311 5411 Dominum
1361 5342 1511 5409 verbum
1524 5338 1611 5409 mali
1626 5340 1789 5409 doctores
1804 5352 1963 5409 tenentes
1984 5338 2203 5429 languidius,
2236 5347 2270 5406 et
2291 5357 2347 5404 se-

282 5453 283 5506 t
348 5450 402 5500 Μ*
419 5440 573 5512 masiti
592 5454 627 5511 et
638 5440 784 5515 salvari.
832 5439 926 5513 Νιιιι
945 5436 1032 5513 baec
1046 5441 1233 5534 promissio
1246 5464 1313 5533 op-
1359 5454 1509 5535 qraentes
1538 5463 1637 5511 suam
1667 5439 1977 5530 imaginationem,
2019 5440 2220 5529 cogitarunt
2249 5460 2347 5507 com·

348 5542 494 5619 ponenda
509 5556 559 5613 est
574 5542 664 5636 legi,
688 5543 790 5639 qusai
813 5543 925 5615 dicat:
959 5540 1055 5632 Quia
1075 5544 1133 5615 les
1148 5568 1223 5615 uon
1247 5566 1312 5635 po·
1359 5543 1503 5613 modius
1523 5542 1616 5628 dici,
1646 5538 1821 5613 Homines
1840 5564 1914 5613 esse
1937 5542 2068 5627 iustos,
2100 5555 2347 5633 propensum

282 5701 283 5710 ,
350 5633 406 5707 tuit
427 5642 613 5732 opitulari,
650 5648 738 5743 quia
767 5647 852 5717 estis
871 5645 940 5717 sub
965 5658 1108 5737 peccato
1130 5659 1166 5716 et
1188 5658 1313 5724 morte,
1359 5644 1510 5716 virtutes
1525 5656 1561 5715 et
1580 5644 1720 5719 merita.
1777 5641 1917 5713 Deinde
1938 5644 2155 5713 addiderunt
2178 5640 2347 5710 dubitan-

282 5759 283 5782 ι
351 5732 524 5819 aliomodo
544 5748 764 5838 promittitur
788 5746 950 5822 salvatio,
1008 5742 1105 5819 Deus
1125 5748 1226 5819 dabit
1247 5748 1314 5817 do-
1359 5749 1446 5817 dum
1464 5767 1556 5831 esse,
1582 5760 1617 5819 et
1632 5746 1780 5817 omnino
1794 5746 1993 5817 obruerunt
2007 5767 2127 5817 veram
2148 5741 2346 5813 doctrinam

353 5846 487 5931 noum,
508 5849 666 5923 effundet
690 5851 736 5923 de
756 5846 895 5947 spirito
907 5870 997 5940 suo,
1027 5862 1063 5922 ιι
1082 5872 1147 5922 vua
1167 5848 1314 5921 invoca-
1361 5850 1406 5919 de
1422 5848 1504 5921 lide.
1553 5846 1657 5922 Sicut
1670 5863 1706 5923 et
1726 5871 1831 6021 nuni
1840 5844 2093 6023 ffpabaptistse
2116 5852 2349 5916 contemnunt
