5825 6950
531 707 582 780 85
1121 699 1251 780 PlllL.
1282 699 1403 777 MEL.
1439 699 1651 777 SCRIPTA
1684 699 1988 777 EXEGlllTICA.
2536 703 2589 778 84

531 879 802 977 consequimur,
827 878 936 972 iusti,
958 875 1029 950 hoc
1051 892 1119 964 est,
1146 877 1280 971 accepti
1296 876 1372 949 Deo
1387 891 1533 970 reputa·
1587 901 1722 972 poenae
1738 903 1861 950 omnes
1876 879 2062 951 inferiores
2076 890 2159 953 scint
2183 889 2296 949 morte
2312 877 2377 948 filii
2393 873 2474 954 Dei.
2512 875 2586 950 Ne·

533 1011 637 1069 marr,
663 998 698 1055 et
718 985 957 1069 vivificamur,
983 978 1052 1053 hoc
1078 996 1148 1069 est,
1183 1006 1278 1052 nova
1301 982 1373 1050 vita
1399 996 1434 1054 et
1455 983 1535 1052 luce
1588 1005 1679 1052 cesse
1695 995 1747 1052 est
1764 981 1873 1071 igitur
1887 1005 2007 1052 veram
2026 997 2061 1053 et
2076 981 2256 1072 ingentem
2272 982 2361 1052 iram
2380 1004 2467 1066 esse,
2494 1004 2587 1074 quae

536 1089 744 1171 induimur,
777 1111 867 1179 quae
892 1100 945 1156 est
964 1085 1120 1155 incoatio
1143 1084 1236 1156 vitae
1258 1098 1433 1156 aeternae.
1488 1081 1536 1155 Et
1590 1085 1721 1177 placari
1736 1083 1807 1153 alio
1821 1087 1929 1155 modo
1947 1110 2020 1153 nun
2039 1085 2172 1177 potuit,
2196 1109 2271 1154 uon
2287 1085 2482 1169 neceAbel,
2510 1107 2587 1152 non

538 1187 646 1261 Zach.
665 1192 739 1260 12:
778 1185 973 1259 Effundam
989 1211 1096 1287 super
1115 1190 1261 1257 domum
1275 1184 1393 1258 David
1420 1203 1455 1259 et
1477 1213 1536 1258 su·
1589 1201 1722 1274 morte,
1749 1200 1783 1257 et
1799 1187 1878 1256 aliis
1895 1187 2046 1258 miseriis
2064 1188 2225 1258 omnium
2243 1201 2457 1263 sanctorum.
2511 1183 2588 1256 lam

541 1315 605 1385 per
636 1287 874 1363 habitatorem
901 1289 1011 1361 lsrael
1041 1291 1207 1382 spiritum
1232 1285 1365 1380 gratiae
1397 1304 1432 1361 et
1456 1315 1538 1383 pre·
1590 1290 1784 1380 cogitemus
1807 1304 1939 1384 quanta
1962 1291 2008 1360 sit
2034 1291 2216 1381 impietas,
2254 1287 2445 1383 propositis
2476 1289 2587 1360 tantis
2653 1379 2654 1382 Ἴ

543 1419 636 1469 cum.
686 1391 753 1465 Est
766 1408 800 1465 et
815 1390 902 1464 haec
915 1393 1095 1465 luculenta
1112 1393 1302 1484 descriptio
1328 1393 1540 1464 reconcilia·
1590 1392 1760 1484 exemplis
1779 1393 1873 1478 irae,
1904 1407 2022 1462 tamen
2043 1416 2185 1484 secure,
2218 1394 2274 1463 vel
2298 1391 2588 1482 negligere,.vel
2653 1433 2654 1442 κ

542 1499 654 1569 tionis
670 1511 702 1569 et
718 1496 1005 1587 regenerationis.
1057 1494 1213 1588 Spiritus
1229 1495 1380 1585 gratiae,
1413 1497 1451 1565 id
1476 1509 1539 1580 est,
1592 1495 2003 1566 contemnereiudicium
2018 1493 2099 1569 Dei.

544 1600 836 1695 quitestificatur
864 1597 1054 1680 innubis,
1095 1621 1161 1667 uos
1184 1599 1259 1669 Deo
1284 1613 1402 1688 gratos
1426 1612 1460 1669 et
1481 1623 1538 1668 ac·
1694 1594 1764 1667 Sed
1781 1608 1821 1667 ut
1837 1612 2016 1688 peccatum
2032 1597 2235 1668 cumulatur
2251 1597 2290 1672 in
2304 1592 2381 1682 his,
2407 1597 2470 1690 qui
2489 1619 2590 1665 mor·

545 1717 771 1792 ceptosesse,
798 1705 833 1772 id
857 1703 913 1785 fit,
938 1725 1019 1771 cum
1043 1700 1111 1770 lide
1129 1699 1318 1790 erigimur,
1352 1727 1392 1770 ac
1414 1701 1540 1771 statui-
1593 1712 1663 1769 tem
1676 1697 1741 1767 filii
1757 1700 1824 1771 Dei
1839 1713 2089 1782 contemnunt,
2116 1701 2164 1769 ita
2181 1723 2303 1772 rursus
2324 1694 2382 1769 his
2396 1699 2457 1792 qui
2480 1723 2589 1788 expa-

545 1828 626 1874 mus
664 1805 770 1874 nobis
810 1803 942 1873 remitti
983 1816 1122 1894 peccata
1162 1816 1309 1894 propter
1346 1799 1542 1875 Christum.
1594 1816 1757 1882 vescant,
1785 1803 2093 1874 esttestimonium
2118 1825 2297 1874 summurn
2321 1802 2588 1874 misericordiae

544 1903 684 1978 Deinde
712 1908 830 1996 agnita
855 1905 1097 1976 misericordia
1123 1903 1209 1991 Dei,
1242 1906 1432 1998 incipimus
1461 1930 1542 1977 eum
1592 1900 1677 1986 Dei,
1714 1900 1782 1973 hoc
1811 1905 2001 1974 discrimen
2027 1901 2191 1976 Christus
2222 1904 2314 1974 infra
2346 1903 2474 1982 tradit:
2513 1902 2602 1992 Qui

546 2011 732 2091 invocare,
758 2023 792 2080 et
807 2032 873 2078 nos
891 2009 922 2078 ei
943 2009 1134 2092 subiicere,
1160 2008 1250 2078 sicut
1263 2006 1396 2078 Paulus
1414 2009 1543 2100 iuquit,
1592 2006 1684 2075 mala
1701 2007 1788 2096 agit,
1814 2008 1890 2079 odit
1906 2008 2034 2082 lucem.
2068 2007 2213 2090 Securi,
2236 2007 2363 2098 ferrei,
2385 2030 2460 2080 nou
2478 2031 2588 2102 agen·

410 2183 420 2192 ,
546 2110 654 2184 Rom.
667 2113 721 2185 8.:
742 2109 947 2202 *Accepistis
971 2110 1135 2201 spiritum
1155 2111 1358 2202 adoptionis
1376 2111 1544 2190 tiliorum,
1593 2123 1644 2180 tes
1668 2111 1942 2200 poenitentiam,
1984 2123 2219 2204 contemnunt
2243 2125 2392 2184 mortem
2420 2116 2485 2185 filii
2509 2115 2588 2199 Dei,

546 2239 619 2308 quo
635 2215 829 2286 clamamus
842 2213 947 2282 Abba
969 2226 1080 2304 pater.
1133 2211 1255 2301 Quare
1273 2209 1464 2282 Zacharias
1481 2237 1545 2302 ap·
1594 2211 1654 2308 sed
1673 2212 1754 2296 alii,
1779 2211 1840 2305 qui
1854 2213 2036 2286 veritatem
2058 2214 2212 2295 faciunt,
2247 2213 2310 2306 qui
2333 2238 2405 2285 non
2427 2233 2510 2289 sunt
2533 2243 2586 2290 se·

546 2317 682 2389 tissime
695 2313 1040 2408 uominat‘spiritum
1057 2340 1222 2407 precum,
1255 2316 1338 2409 quia
1365 2317 1545 2385 invocatio
1594 2314 1671 2383 curi
1685 2312 1872 2406 Epicurei,
1903 2316 1962 2386 rel
1983 2309 2207 2408 hypocritae,
2231 2317 2293 2386 sed
2315 2337 2510 2405 agnoscunt
2530 2322 2584 2392 iu·

547 2420 717 2511 proprius
733 2421 849 2488 cultus
874 2432 926 2488 est
940 2419 1052 2488 solius
1069 2415 1267 2505 Ecclesiae,
1289 2442 1329 2488 ac
1344 2418 1476 2489 deinde
1491 2441 1547 2487 re-
1593 2414 1728 2487 dicium
1750 2415 1838 2503 Dei,
1873 2430 1908 2487 et
1931 2418 2072 2488 veritati
2095 2419 2245 2503 cedunt,
2275 2417 2433 2492 fatentur
2453 2447 2489 2494 se
2512 2449 2583 2494 esse

441 2551 446 2559 ·
547 2519 683 2616 liquam
701 2521 941 2592 obedientiam
956 2520 1215 2615 complectitur.
1594 2542 1694 2604 reos,
1724 2533 1959 2610 expavescunt
1987 2533 2022 2590 et
2048 2519 2259 2610 confugiunt
2287 2523 2331 2590 ad
2350 2521 2463 2594 Deum
2487 2527 2579 2596 iuxta

1595 2620 1866 2713 promissiones,
1892 2617 1949 2692 his
1965 2646 2060 2692 mors
2080 2623 2146 2691 lilii
2161 2623 2228 2693 Dei
2253 2623 2320 2694 erit
2337 2626 2458 2716 pignus
2473 2629 2574 2696 mise-

1594 2723 1787 2809 ricordiae,
1815 2739 1848 2796 et
1863 2720 1979 2794 dehis
2000 2725 2148 2796 dicitur:
2181 2723 2230 2799 Ut
2253 2729 2371 2796 omnis
2393 2729 2450 2824 qui
2469 2732 2580 2800 credit

650 2829 705 2902 De
730 2831 799 2902 lide
824 2845 859 2903 et
879 2831 1128 2901 iustificatione
1159 2832 1230 2900 iam
1256 2831 1341 2901 satis
1363 2829 1547 2923 perspicue
1594 2828 1635 2897 in
1651 2851 1744 2911 eum,
1768 2850 1842 2897 non
1860 2840 2000 2918 pereat,
2026 2830 2085 2897 sed
2103 2822 2232 2899 habeat
2247 2831 2355 2902 vitam
2370 2848 2558 2906 aeternam.

549 2935 781 3005 concionatus
802 2947 854 3005 est
870 2929 1054 3014 Christus,
1089 2949 1206 3003 tamen
1230 2935 1379 3003 eandem
1403 2946 1546 3002 senteu-
1697 2927 1956 3000 Mouetautem
1972 2924 2031 2999 hic
2044 2930 2166 3028 locuss
2187 2927 2284 3019 Quid
2304 2933 2350 3001 sit
2364 2933 2465 3019 fides,
2490 2934 2583 3003 scili-

510 3120 513 3125 ,
549 3038 637 3107 tiam
664 3041 734 3105 iam
766 3060 890 3107 rursus
917 3036 1091 3125 inculcat,
1125 3037 1246 3106 addita
1268 3035 1368 3106 brevi
1390 3059 1547 3104 comme·
1595 3044 1649 3101 cet
1665 3033 1808 3101 credere
1833 3034 1929 3125 quod
1955 3031 2147 3122 diligamur
2170 3031 2282 3104 aDeo
2299 3051 2443 3127 propter
2461 3037 2583 3120 filium,

548 3140 748 3213 moratione
775 3163 911 3209 causae.
980 3136 1040 3208 Sic
1068 3134 1166 3208 Deus
1196 3137 1322 3207 dilexit
1357 3139 1546 3211 mundum.
1594 3157 1673 3220 seu,
1700 3136 1795 3226 qnod
1821 3135 1914 3204 idem
1936 3147 2006 3220 est,
2036 3136 2171 3206 dictum
2192 3137 2273 3205 aliis
2297 3139 2433 3224 verbis,
2461 3141 2581 3210 tiducia

547 3239 647 3312 llaec
669 3266 749 3333 pars
769 3240 954 3313 concionis
975 3241 1081 3310 etiam
1105 3240 1217 3330 magis
1238 3254 1379 3332 superat
1403 3253 1545 3329 captum
1594 3237 1858 3307 misericordiae
1872 3249 2016 3328 propter
2030 3238 2156 3308 lilium.
2207 3233 2256 3309 Et
2270 3240 2315 3309 ad
2330 3234 2394 3312 has
2409 3243 2583 3332 explican-

547 3339 767 3430 humanum,
807 3369 914 3439 quam
942 3343 1137 3434 superiora.
1197 3341 1278 3412 Non
1310 3343 1424 3413 cernit
1454 3341 1545 3413 ratio
1593 3341 1675 3426 das,
1701 3353 1840 3432 oportet
1854 3338 1940 3409 addi
1955 3338 2117 3410 exPaulo
2134 3341 2345 3432 particulam
2362 3346 2494 3434 gratis,
2520 3341 2586 3416 hoc

549 3447 653 3536 diligi
668 3441 833 3517 homines
848 3471 868 3515 a
883 3443 981 3532 Deo,
1008 3469 1090 3515 cum
1108 3445 1217 3517 tantis
1240 3446 1421 3517 aerumnis
1435 3458 1470 3516 et
1488 3468 1547 3515 ca·
1594 3455 1664 3529 est,
1697 3444 1795 3535 quod
1819 3446 1964 3535 propter
1986 3442 2098 3513 lilium
2121 3442 2353 3536 recipiamur,
2383 3471 2588 3543 quanquam

549 3550 771 3620 lamitatibus
795 3544 951 3620 humana
975 3562 1102 3619 natura
1129 3571 1294 3640 oppressa
1320 3549 1384 3633 sit,
1416 3548 1547 3617 deinde
1593 3544 1746 3635 indigui.
1797 3544 1889 3615 Nam
1913 3567 2036 3615 omnes
2057 3539 2121 3617 has
2144 3547 2334 3619 conciones
2355 3550 2400 3619 de
2424 3551 2589 3643 fidepas·
2653 3580 2654 3585 ¹

551 3652 685 3722 accedit
715 3676 783 3721 vox
813 3650 919 3741 legis,
957 3674 1048 3744 quae
1079 3650 1191 3741 magis
1222 3651 1327 3719 etiarn
1355 3650 1548 3721 denunciat
1594 3648 1660 3719 sim
1689 3648 1728 3716 in
1757 3642 1916 3717 historiis
1940 3642 2128 3736 Evangelii
2152 3651 2313 3721 obruunt
2335 3664 2370 3721 et
2391 3654 2590 3745 depravant

551 3756 658 3840 iram,
683 3753 817 3825 accedit
832 3767 866 3824 et
888 3753 1060 3823 iudicium
1087 3752 1341 3837 conscientiae,
1376 3754 1473 3846 quod
1497 3764 1548 3822 est
1595 3744 1988 3839 Monachialliugentes
2010 3750 2133 3819 falsam
2157 3752 2505 3842 interpretationem:
2534 3757 2592 3829 Sic

551 3870 593 3927 ut
608 3854 740 3927 Paulus
758 3856 893 3950 inquit:
920 3850 1209 3948 chirographum
1226 3856 1397 3947 scriptum
1425 3868 1547 3923 contra
1596 3852 1775 3941 diligeris,
1807 3852 1857 3922 sic
1879 3854 2023 3943 prodest
2044 3855 2187 3923 credere
2212 3855 2251 3923 in
2274 3854 2407 3947 lilium,
2449 3860 2478 3926 si
2506 3862 2590 3930 satis

552 3982 636 4044 nos,
679 3960 716 4027 id
746 3972 893 4030 testatur
920 3981 986 4028 nos
1015 3972 1240 4029 contumaces
1271 3981 1346 4026 esse
1375 3956 1442 4045 legi
1468 3952 1548 4028 Dei.
1595 3948 1726 4024 habeas
1750 3954 1971 4027 meritorum.
2029 3952 2127 4026 Haec
2150 3956 2395 4047 interpretatio
2418 3964 2593 4033 transtor-

554 4059 660 4133 Unde
675 4060 782 4151 igitur
799 4075 933 4133 constat
950 4084 1016 4130 nos
1039 4059 1299 4150 diligiaDeo?
1349 4056 1419 4127 llic
1439 4054 1548 4129 Chri·
1596 4068 1669 4126 mat
1691 4051 1927 4146 Evangelium
1958 4057 1996 4125 in
2022 4057 2154 4148 legem,
2202 4074 2238 4130 et
2268 4061 2442 4151 extinguit
2472 4064 2593 4135 fidem.
2653 4064 2654 4107 l

553 4177 627 4233 stus
649 4188 712 4233 sua
738 4187 824 4233 voce
852 4164 987 4253 profert
1014 4157 1084 4233 hoc
1103 4158 1362 4250 Evangelium,
1394 4182 1436 4229 ex
1466 4152 1549 4229 sinu
1594 4156 1684 4227 Nam
1708 4154 1944 4249 Evangelium
1967 4160 2048 4229 ideo
2066 4176 2240 4234 monstrat
2260 4157 2466 4249 Christum,
2509 4169 2592 4262 quia
2653 4182 2654 4203 t

552 4267 688 4336 aeterni
707 4266 827 4357 patris.
879 4264 975 4349 lmo,
999 4263 1142 4358 inquit,
1168 4264 1267 4335 Deus
1290 4261 1408 4350 diligit
1430 4258 1549 4331 homi·
1596 4284 1671 4341 non
1704 4255 1876 4331 hahemus
1905 4262 2049 4348 merita,
2094 4275 2130 4333 et
2153 4262 2223 4353 legi
2247 4287 2322 4334 non
2346 4266 2595 4345 satisfacimus.
2652 4274 2654 4313 l

552 4391 634 4447 nes,
666 4382 701 4437 et
728 4366 971 4439 testimoninm
1002 4366 1147 4460 evidens
1176 4365 1294 4447 addit,
1328 4364 1410 4456 quia
1435 4364 1549 4433 lilium
1597 4361 1718 4452 Quare
1742 4364 1931 4453 diligenter
1952 4364 2171 4436 observanda
2194 4379 2246 4436 est
2266 4367 2438 4456 particula
2454 4371 2594 4461 Gratis,
2651 4376 2654 4417 l

554 4494 658 4539 suum
685 4466 911 4560 unigenitum
940 4467 1058 4555 dedit,
1088 4466 1172 4538 fecit
1197 4465 1377 4538 victimam
1399 4489 1464 4556 pro
1491 4489 1551 4557 ge·
1597 4477 1638 4537 ut
1653 4489 1734 4535 vere
1750 4466 1987 4555 intelligatur,
2016 4468 2103 4558 quid
2119 4463 2295 4539 hicfidem
2313 4470 2475 4544 nominet
2485 4472 2595 4549 Chri-

555 4568 828 4642 nerehumano.
1597 4580 1690 4659 stus,
1726 4568 1892 4639 videlicet
1913 4568 2099 4654 fiduciam,
2135 4560 2235 4664 duod
2260 4594 2279 4639 a
2300 4569 2376 4643 Deo
2397 4575 2596 4666 diligamur
2653 4586 2654 4625 l

658 4672 797 4743 Mirum
832 4686 886 4743 est
915 4672 1123 4752 consilium,
1175 4685 1209 4742 et
1238 4672 1344 4762 longe
1378 4694 1550 4764 superans
1596 4682 1632 4740 et
1653 4671 1868 4762 recipiamur
1891 4666 2037 4763 propter
2060 4672 2175 4741 filium
2205 4673 2436 4745 mediatorem
2468 4684 2595 4769 gratis,

554 4775 717 4846 omnium
742 4774 950 4865 angelorum
973 4789 1078 4868 atque
1102 4770 1289 4844 hominum
1320 4788 1480 4864 captum,
1516 4790 1551 4847 et
1596 4796 1677 4843 eum
1709 4772 1855 4865 quidem
1884 4772 1994 4843 simus
2024 4773 2165 4863 indigui
2193 4788 2226 4846 et
2256 4776 2328 4860 rei,
2368 4778 2596 4855 observanda

554 4877 655 4948 cuius
687 4877 899 4967 cogitatione
933 4901 1057 4948 omnes
1089 4870 1253 4946 homines
1281 4879 1551 4947 contremiscere
1597 4888 1649 4947 est
1665 4888 1784 4947 autem
1806 4875 1998 4967 particula,
2025 4878 2122 4969 quod
2137 4876 2231 4948 lilius
2245 4878 2453 4952 nominatur
2466 4888 2597 4977 unige-
2653 4896 2654 4931 t

556 4981 756 5070 oportebat,
783 4981 874 5051 sicul
888 4992 958 5050 tota
978 4993 1103 5049 natura
1119 4979 1343 5062 contremuit,
1358 5003 1439 5048 cum
1453 4980 1550 5050 filius
1596 4978 1715 5063 nitus,
1739 5002 1823 5046 nam
1838 4969 1897 5049 hic
1914 4977 2261 5049 discerniturafiliis
2277 4980 2462 5075 adoptatis.
2500 4987 2597 5060 Nam
2653 4998 2654 5029 f

555 5080 1003 5171 Deiincruce-penderot.
1063 5079 1137 5151 Nec
1159 5082 1273 5151 ullum
1300 5093 1351 5149 est
1374 5081 1550 5152 illustrius
1579 5093 1676 5150 'cum
1691 5074 1854 5151 Christus
1871 5095 2018 5152 vocetur
2032 5082 2176 5173 proprie
2191 5084 2502 5181 genitusapatre,
2530 5116 2596 5162 ne·
2653 5108 2654 5113 ’

558 5186 803 5261 testimonium
821 5184 858 5254 in
877 5196 1053 5278 utrunque
1078 5196 1233 5274 partem,
1261 5181 1334 5250 irae
1349 5180 1415 5251 Dei
1429 5197 1463 5255 et
1481 5185 1550 5252 mi·
1597 5204 1690 5252 cesse
1706 5197 1757 5254 est
1773 5206 1853 5252 eum
1877 5207 1952 5254 esse
1972 5185 2018 5252 de
2039 5185 2235 5259 substantia
2259 5185 2386 5278 patris,
2420 5204 2461 5262 ut
2484 5216 2596 5287 supra

556 5288 787 5367 sericordiae‚
831 5310 936 5380 quam
959 5310 1054 5355 mors
1082 5286 1160 5356 filii.
1227 5282 1345 5354 Multa
1373 5286 1563 5356 suntalia'
1598 5284 1809 5359 dictumest·
2653 5302 2654 5307 ’

557 5385 1008 5479 signairaeDeiadversus
1031 5400 1231 5480 peccatum,
1257 5401 1297 5459 ut
1318 5410 1415 5455 mors
1441 5389 1552 5460 totius
1740 5452 1744 5459 .
1814 5454 1822 5471 ,
1929 5454 1971 5473 ,,
2087 5446 2091 5453 .
2200 5455 2209 5475 ‚

557 5490 696 5582 generis
718 5486 886 5581 humani,
912 5505 948 5563 et
962 5492 1156 5582 singulares
1172 5512 1307 5581 poenae
1321 5511 1427 5579 supra
1444 5504 1551 5561 natu·
1647 5448 1856 5573 N⁰”,⁶”¹m
1881 5465 1984 5528 ''²²⁸'‘
2003 5452 2112 5529 Deus
2135 5450 2267 5550 filium
2294 5482 2420 5547 suum»
2460 5472 2502 5535 Ἀ
2536 5468 2598 5539 ¹⁰²¹·

556 5618 653 5679 ram,
678 5607 717 5665 ut
740 5593 917 5665 diluvium
943 5616 1131 5663 commune
1156 5592 1221 5662 toti
1242 5590 1345 5675 orbi,
1372 5586 1549 5663 Sodoma·
1700 5552 1810 5643 (Μ’
1835 5567 1896 5633 “⁶⁶

556 5721 637 5765 rum
668 5696 916 5786 conflagratio,
955 5691 1152 5765 Pharaonis
1182 5692 1349 5763 interitus
1376 5690 1415 5760 in
1444 5718 1548 5787 aqua,
1671 5690 1818 5785 Repetit
1856 5696 2004 5764 eandem
2037 5696 2245 5766 concionem
2283 5698 2396 5769 multo
2433 5702 2594 5793 dulcius,

556 5822 638 5867 cum
654 5796 764 5869 lsraie'l
779 5799 818 5867 in
832 5800 953 5869 eadem
969 5798 1026 5867 via
1050 5821 1124 5865 non
1149 5795 1358 5880 interiisset,
1394 5796 1549 5891 denique
1597 5797 1661 5865 etsi
1676 5796 1770 5864 lilius
1786 5796 1918 5866 iudicat
1933 5799 2122 5884 mundum,
2136 5812 2176 5869 nt
2186 5799 2271 5870 alias
2287 5800 2434 5883 dicitur,
2462 5804 2597 5883 loaun.

555 5897 717 5972 infinitae
737 5903 900 5973 omnium
921 5894 1121 5998 hominum·
1135 5897 1370 5982 calamitates,
1396 5901 1456 5968 sed
1481 5893 1548 5971 hae
1596 5895 1649 5974 9.:
1682 5894 1725 5969 ln
1742 5898 1915 5972 iudicium
1942 5903 2025 5971 veni
2048 5900 2088 5969 in
2113 5896 2210 5973 hunc
2232 5904 2403 5975 mundum
2423 5919 2508 5995 etc,
2538 5925 2596 5983 ta-

671 2689 735 2765 Sic
750 2691 846 2764 enim
862 2689 970 2764 Deus
986 2685 1122 2763 dilexit
1137 2687 1334 2780 mundum,
1360 2700 1423 2767 etc.
