5825 6950
321 644 494 792 sos]
639 679 751 762 ιιιι
788 684 826 758 a
857 675 1227 760 connunrann
1253 677 1307 757 ιιι
1330 676 1487 757 ansa.
1513 675 1662 758 raon
1685 675 1758 758 ιιι
1781 675 2047 764 nonanus.
2289 689 2369 770 sco

318 857 461 931 baotm
474 848 516 929 io
531 854 876 953 omnibnspericolis
888 853 1148 946 etjseerortbus.
1174 850 1224 932 llt
1237 856 1320 954 qoi-
1375 865 1412 929 et
1435 853 1704 934 mernincrimus
1720 849 1958 950 Evangelium
1982 879 2058 936 esse
2076 879 2201 941 ιιιιιιι
2216 865 2368 958 promit-

319 963 408 1032 dem
420 974 552 1034 norant
567 953 667 1034 hooc
681 959 878 1034 Dominum
891 961 1121 1049 ‘sibi·adesse,
1153 961 1246 1032 sicut
1262 958 1318 1033 la-
1371 969 1507 1036 tentem
1522 975 1556 1034 ιι
1571 955 1795 1034 exhibentem
1816 957 1903 1036 haec
1918 963 2109 1052 beneficia,
2132 968 2223 1041 sieut
2247 969 2366 1064 inquit

318 1066 390 1136 cob
412 1067 545 1137 diserte
560 1065 679 1160 inquit
696 1061 827 1138 Gener.
844 1062 924 1135 tn:
959 1058 1120 1156 Angelus
1139 1064 1203 1160 qui
1227 1064 1317 1136 libe-
1369 1059 1522 1138 Paulus:
1548 1061 1786 1157 Evangeliurn
1805 1079 1859 1140 est
1882 1069 2039 1157 potentia
2056 1065 2125 1142 Dei
2145 1055 2364 1146 adsalutem

316 1165 415 1238 ravit
432 1167 550 1238 mede
565 1167 841 1253 cunctismalis,
869 1167 1057 1239 benedicat
1079 1167 1200 1260 pneris
1222 1167 1316 1238 istis:
1368 1167 1468 1238 cuni
1489 1169 1668 1254 credenti,
1702 1169 1742 1238 id
1765 1181 1838 1253 est,
1868 1165 2106 1262 Evangelium
2129 1172 2235 1246 offert
2257 1175 2363 1248 nobis

316 1269 503 1364 praedicat
517 1269 613 1339 enim
630 1294 711 1341 enm
728 1267 944 1353 Dominum,
970 1293 1035 1361 per
1056 1293 1161 1364 quern
1182 1293 1202 1339 a
1225 1293 1316 1341 cun·
1358 1269 1515 1367 'gratim
1540 1283 1576 1343 et
1600 1271 1707 1342 vitam
1731 1283 1933 1359 aeternam,-
1956 1274 2066 1362 gratis
2091 1289 2238 1368 propter
2254 1272 2362 1348 Chri·
2397 1327 2401 1332 -

314 1371 504 1444 ctismalis'
520 1371 691 1442 liberatus
711 1386 781 1453 est,
814 1385 851 1443 et
867 1372 914 1443 ab
933 1367 1000 1442 boc
1014 1373 1121 1462 petit,
1146 1385 1188 1443 nt
1203 1373 1313 1444 bene·
1365 1383 1480 1458 stum,
1505 1395 1580 1444 non
1606 1385 1750 1464 propter
1770 1373 1896 1462 legem.
1952 1373 2001 1446 Et
2021 1400 2083 1467 per
2105 1371 2175 1448 hoc
2197 1376 2362 1468 Evange-

314 1478 416 1546 dicat
430 1474 592 1565 posteris.
643 1471 741 1546 Haec
754 1497 853 1545 nnnc
868 1488 1017 1567 possunt
1031 1474 1153 1557 aliter,
1180 1474 1249 1544 nisi
1267 1476 1312 1544 de
1364 1471 1452 1544 lium
1467 1471 1563 1548 Deus
1577 1500 1658 1546 vere
1678 1488 1732 1548 cst
1755 1477 1896 1562 efficax,
1919 1478 1981 1553 dat
1996 1475 2170 1568 Spiritum
2187 1495 2360 1568 sanctum,

313 1577 392 1649 lilio
412 1573 484 1646 Dei
506 1575 670 1668 intelligi.
727 1571 1010 1664 EtPanlnsoit,
1035 1577 1149 1646 lilium
1163 1572 1231 1648 Ilei
1249 1599 1312 1647 co·
1363 1574 1484 1648 ἱιιιοιι
1497 1577 1533 1648 io
1550 1579 1655 1650 nobis
1670 1601 1799 1650 noram
1817 1579 1931 1650 lucem
1946 1592 1982 1650 ιι
1996 1579 2105 1670 vitam
2122 1596 2312 1656 aeternam.

312 1680 487 1751 mitatnrn
502 1702 577 1749 esse
592 1693 705 1752 castra
722 1679 847 1770 populi
864 1678 986 1750 lsrael.
1038 1676 1190 1762 loannes
1204 1679 1310 1751 etiarn
1469 1677 1655 1752 Peccatum
1675 1703 1749 1750 non
1771 1681 1945 1770 significat
1966 1693 2105 1754 tantum
2127 1684 2285 1754 actiones
2301 1685 2358 1754 vi-

310 1783 460 1876 inqnit,
485 1781 606 1852 omnia
631 1805 695 1874 per
712 1777 810 1852 hunc
832 1781 948 1852 lilium
970 1783 1061 1852 lacta
1083 1803 1175 1867 esse,
1200 1795 1235 1852 et
1252 1781 1312 1851 lu·
1361 1779 1469 1852 tiosas
1485 1833 1497 1867 ,
1512 1817 1519 1831 ·
1534 1782 1624 1855 sicut
1654 1777 1869 1883 Philosophi
1901 1785 1945 1856 ds
1982 1783 2156 1856 vocabulo
2183 1785 2357 1879 indicant,

310 1909 393 1954 cero
411 1885 452 1952 in
470 1885 625 1954 tenebris
640 1882 792 1959 fulsisse.
836 1879 974 1954 Omnes
989 1878 1165 1976 triumphi
1180 1884 1310 1953 adver·
1360 1884 1421 1954 sed
1445 1885 1695 1972 complectitur
1721 1888 1828 1954 etiam
1857 1886 2037 1977 ingentem
2062 1887 2355 1970 imbecillitatem,

309 2008 374 2058 sus
399 1986 588 2058 diabolum
607 1987 701 2080 parti
720 1998 805 2057 sunt
828 2009 891 2076 per
913 1980 1010 2058 hunc
1032 1985 1158 2060 filium.
1228 1983 1309 2058 Noli
1360 2007 1451 2080 qnae
1474 1986 1661 2058 nobiscnm
1684 1988 1863 2074 ιιιιιὶιιιι,
1887 2011 1978 2083 quae
2001 2001 2148 2060 vocatur
2173 2003 2354 2081 peccatum

311 2100 500 2175 servatus,
537 2089 703 2160 delensns
733 2083 941 2175 Abraham,
978 2087 1147 2160 excitatns
1168 2083 1309 2184 loseph,
1360 2086 1527 2176 originis,
1560 2092 1656 2182 quod
1681 2089 1746 2162 etsi
1767 2089 1883 2162 securi
1904 2085 2067 2162 homines
2090 2089 2251 2164 iudicant
2276 2092 2354 2164 leve

311 2193 660 2283 liberatuspopulns
683 2215 725 2262 ex
742 2190 926 2284 Aegypto,
950 2189 1080 2262 Daniel
1101 2190 1206 2264 etiam
1226 2215 1308 2263 cnm
1358 2189 1492 2260 malum
1515 2211 1610 2276 esse,
1648 2193 1722 2263 imo
1744 2186 1955 2284 Philosophi
1976 2217 2021 2262 ne
2049 2193 2183 2262 molum
2206 2193 2353 2287 quidem

313 2320 354 2364 eo
386 2292 622 2388 colloquitur.
695 2291 756 2366 Sic
780 2289 1017 2385 Evangelinm
1052 2289 1308 2385 Apostolorum
1358 2311 1433 2362 esse
1444 2291 1678 2380 arbitrantur,
1691 2307 1808 2366 tamen
1816 2295 1921 2385 longe
1933 2293 2037 2366 aliter
2046 2292 2275 2370 iudicandum
2291 2309 2354 2374 ιιι.

317 2396 554 2466 concionatur
577 2399 623 2467 de
644 2390 808 2481 Christo,
841 2409 992 2469 testatur
1013 2418 1087 2468 esse
1115 2395 1308 2480 victimam,
1356 2391 1439 2466 Non
1461 2408 1545 2466 sunt
1558 2395 1652 2468 levia
1664 2396 1759 2468 mala
1772 2397 1937 2468 tenebrae
1950 2421 1991 2468 ac
2007 2397 2244 2476 dubitatiode
2261 2395 2351 2483 Deo,

322 2499 546 2570 liberatorem
580 2511 617 2570 et
644 2501 881 2585 salvatorem,
921 2513 955 2572 et
976 2499 1077 2570 iubet
1107 2521 1174 2568 nos
1194 2497 1306 2568 conti·
1357 2521 1406 2568 an
1428 2510 1527 2570 curet
1549 2493 1727 2585 humana,
1756 2521 1804 2572 an
1828 2499 1972 2588 puniat,
2003 2523 2050 2573 ιιι
2069 2499 2159 2585 ιΙιι,
2182 2521 2228 2570 an
2242 2501 2352 2586 iuvet,

327 2603 404 2670 dere
424 2595 496 2670 hoc
519 2601 611 2671 duce
637 2615 671 2672 et
696 2599 901 2677 liberatore.
952 2599 1054 2674 Sicut
1074 2614 1108 2673 et
1131 2600 1307 2690 plurimae
1356 2623 1404 2668 ιιι
1426 2600 1592 2694 exaudiat
1612 2596 1791 2672 hominess
1827 2598 1915 2672 Item
1939 2623 2063 2673 vacare
2085 2615 2203 2682 metn,
2229 2625 2350 2676 amore

317 2702 514 2775 sententiae
537 2702 575 2772 in
592 2700 781 2792 Prophetis
802 2705 949 2785 docent,
981 2716 1020 2774 ut
1041 2701 1171 2777 Psalm.
1185 2706 1221 2776 ἴ.
1247 2701 1305 2770 ἱιι-
1355 2699 1442 2785 Dei,
1474 2725 1593 2774 amare
1617 2727 1683 2774 nos
1704 2703 1800 2796 ipsos
1821 2703 1980 2794 neglecto
2003 2700 2101 2788 Deo,
2133 2703 2258 2774 mirari
2280 2729 2361 2776 no·-

314 2805 409 2898 qnit:
435 2799 664 2876 Osculamioi
684 2805 811 2898 lilium.
860 2803 963 2876 Beati
985 2805 1193 2898 omnesqui
1217 2828 1304 2874 con·
1355 2817 1464 2875 stram
1486 2805 1716 2896 sapientiam,
1760 2805 1883 2876 ludere
1910 2805 2144 2897 opinionibus
2170 2805 2350 2896 fugiendis

312 2909 432 2978 lidunt
456 2906 497 2978 in
519 2929 572 2982 eo.
630 2907 684 2978 Ac
705 2907 782 2978 sine
810 2901 876 2978 hac
896 2907 984 2991 lide,
1010 2907 1048 2977 id
1072 2920 1143 2988 est,
1175 2906 1305 2976 fiducia
1357 2907 1402 2977 de
1416 2902 1517 2992 Deo,
1544 2903 1729 2999 Epicureis
1749 2921 1809 2978 aut
1833 2908 2102 2999 superstitiosis,
2128 2903 2259 2980 babere
2280 2909 2348 2978 im-

310 3008 581 3080 misericordiae
612 3010 805 3101 promissae
838 3023 984 3101 propter
1015 3008 1159 3096 filium,
1205 3008 1305 3080 nulla
1357 3020 1459 3098 petus
1475 3009 1572 3079 varie
1588 3024 1765 3095 errantes,
1791 3008 2075 3096 aversosaDeo,
2101 3023 2136 3082 et
2151 3023 2348 3103 pugnantes

311 3125 368 3182 cst
391 3135 476 3182 vera
499 3108 565 3182 Dei
589 3110 789 3198 invocatio,
822 3111 917 3183 nulli
939 3111 1014 3182 veri
1036 3110 1163 3186 cultus.
1213 3107 1305 3180 Nam
1357 3133 1439 3182 curn
1462 3111 1538 3202 lege
1561 3109 1640 3188 Dei.
1692 3112 1790 3182 llaec
1813 3135 1886 3182 esse
1908 3113 2066 3202 ingentia
2089 3113 2201 3196 mala,
2226 3125 2347 3205 osten7

313 3238 379 3307 per
395 3209 494 3285 hunc
508 3211 715 3287 Pontificem
740 3208 911 3284 hahemus
932 3213 1069 3284 aditum
1088 3213 1133 3281 ad
1157 3225 1306 3305 patrem,
1356 3213 1449 3284 dunt
1463 3236 1608 3304 poenae.
1665 3212 1755 3287 Nam
1778 3227 1923 3306 propter
1940 3209 2027 3283 haec
2042 3215 2134 3284 mala
2148 3212 2244 3289 Deus
2261 3215 2349 3286 sub-

312 3331 356 3388 ut
371 3339 476 3408 saepe
491 3315 662 3407 scriptum
680 3330 743 3391 est.
793 3311 1001 3388 Execranda
1020 3328 1073 3388 est
1095 3313 1207 3406 igitur
1227 3337 1307 3384 cae-
1357 3315 1439 3386 iecit
1459 3337 1570 3404 genus
1592 3311 1789 3387 Ιιιιιιιιιιιιιιι
1813 3317 1941 3402 morti,
1968 3315 2072 3407 punit
2085 3327 2121 3386 ιι
2135 3321 2272 3388 coiircet
2289 3315 2346 3384 in-

314 3419 403 3491 citas
421 3419 584 3505 illorum,
605 3419 666 3513 qni
684 3413 1072 3510 linguntEvangelinm
1094 3439 1168 3487 csse
1193 3415 1305 3508 legem
1358 3418 1523 3508 gentibus
1547 3418 1818 3493 calamitatibus.
1871 3417 2011 3490 Deinde
2032 3439 2113 3490 cum
2131 3417 2232 3489 Deus
2246 3417 2376 3492 nulla‘

313 3522 557 3593 continentem
586 3535 771 3622 praecepta
799 3524 972 3615 quaedam
1003 3521 1048 3591 de
1070 3534 1192 3591 mutua
1214 3518 1306 3591 ‹lile-
1359 3520 1502 3592 victima
1518 3520 1650 3621 placari
1671 3523 1843 3607 voluerit,
1867 3522 1937 3592 nisi
1958 3518 2026 3593 filii
2048 3534 2181 3606 morte,
2206 3544 2347 3595 necesse

316 3625 447 3709 ctione,
461 3622 596 3717 requiri
613 3637 729 3696 autem
746 3622 865 3714 fidem,
879 3624 915 3694 id
932 3636 995 3706 est,
1010 3622 1179 3697 noticiam
1189 3616 1305 3695 histo·
1356 3636 1411 3693 est
1432 3621 1556 3714 ingens
1580 3646 1653 3695 esse
1679 3624 1832 3709 malum,
1871 3624 1968 3717 qood
1992 3636 2091 3695 tanto
2116 3624 2229 3721 pretio
2248 3624 2347 3693 redi-

314 3728 386 3799 riae
412 3728 457 3797 de
472 3721 633 3811 Christo,
658 3740 692 3797 et
715 3720 812 3797 hunc
839 3721 1044 3796 habendum
1061 3746 1135 3797 esse
1157 3747 1223 3816 pro
1239 3726 1306 3794 do-
1357 3724 1528 3796 mendum
1542 3725 1623 3796 luit.
1677 3724 1814 3795 Mirum
1839 3738 1891 3795 est
1913 3738 2052 3795 tantum
2076 3725 2115 3793 io
2132 3724 2260 3795 animis
2277 3719 2347 3795 bu-

315 3844 433 3901 ctore:
474 3841 515 3898 ut
546 3826 710 3900 Socrates
745 3839 809 3899 ant
837 3823 1051 3921 Phocylides
1081 3826 1306 3899 tradiderunt
1356 3826 1474 3897 manis
1487 3840 1667 3919 stuporem
1683 3820 1776 3905 esse,
1801 3840 1842 3897 nt
1853 3819 1951 3898 hunc
1964 3828 2130 3899 morbum
2146 3849 2221 3897 oon
2237 3832 2348 3917 ag'no·

315 3934 410 4002 bona
432 3944 628 4021 praecepta.
686 3925 734 4001 Et
756 3928 1023 4018 imaginandum
1048 3922 1211 3999 homines
1232 3950 1307 3999 esse
1356 3942 1466 4004 scant.
1517 3926 1638 4018 Quare
1654 3926 1750 4001 Deus
1766 3928 1923 4022 patefieri
1939 3952 2022 3999 eum
2040 3951 2103 3998 sua
2118 3952 2203 3999 voce
2218 3950 2258 3997 ac
2280 3930 2346 3998 do-

314 4036 427 4106 instos
451 4046 597 4125 propter
620 4030 682 4103 illa
708 4031 911 4103 dilectionis
932 4031 1069 4122 officia,
1100 4030 1162 4103 sed
1186 4045 1306 4103 tamen
1356 4031 1471 4103 ctrina
1491 4031 1619 4102 voluit.
1676 4028 1772 4103 Huic
1793 4030 2045 4111 assentiamur,
2072 4054 2138 4101 nec
2159 4030 2347 4101 audiamus

313 4134 554 4209 dubitandum
571 4158 661 4216 esse,
688 4156 733 4203 an
751 4132 845 4205 Dens
861 4134 1018 4225 ignoscat
1030 4131 1158 4226 nobis,
1184 4156 1230 4204 an
1245 4156 1305 4203 ea·
1356 4133 1599 4206 cavillationes
1614 4128 1882 4225 sophistarum,
1910 4132 1974 4227 qui
1996 4133 2115 4205 rident
2130 4130 2348 4205 sardonium

311 4218 438 4309 anthat
460 4259 544 4317 nos,
582 4260 629 4306 an
656 4236 793 4329 aliquid
817 4236 864 4307 sit
888 4235 921 4306 ei
943 4234 1079 4327 negotii
1105 4234 1304 4309 nobiscnm.
1356 4236 1491 4321 risum,
1517 4249 1553 4309 et
1577 4239 1742 4307 morbum
1764 4247 1973 4319 extenuant,
1997 4234 2124 4307 leviter
2138 4249 2265 4310 curant
2280 4229 2348 4305 ho-

308 4340 366 4413 lta
409 4336 582 4411 Monacbi
621 4352 653 4410 et
696 4362 794 4409 nunc
834 4338 979 4432 quidam
1019 4333 1304 4433 Philosophastri
1356 4340 1460 4413 stiam
1481 4334 1683 4421 Christum,
1715 4338 1909 4411 autetiam
1934 4348 2346 4428 prorsuscontemnunt.

305 4443 569 4515 transformant
592 4438 827 4530 Evangelium
851 4441 890 4509 in
918 4439 1153 4511 academicam
1183 4434 1304 4534 philo·
1357 4436 1416 4511 Ab
1433 4440 1494 4511 illa
1509 4440 1618 4532 impia
1635 4434 1862 4533 philosophia
1884 4440 1986 4511 decet
2003 4462 2071 4509 nos
2091 4437 2221 4511 animis
2241 4449 2347 4530 atqoe

306 4542 499 4639 sophiam,
527 4543 656 4627 idest,
689 4542 888 4613 doctrinam
912 4545 958 4613 de
977 4542 1164 4632 operibus:
1190 4555 1227 4613 ιι
1249 4542 1305 4611 iu·
1356 4542 1504 4615 auribus
1526 4536 1730 4613 abhorrere.
1927 4596 1937 4605 .

305 4652 402 4720 beot
417 4646 584 4717 dubitare
600 4644 644 4713 de
660 4644 955 4745 promissionibus
970 4644 1124 4728 divinis,
1147 4667 1212 4715 nec
1236 4645 1303 4713 do·
1463 4641 1656 4716 lustificare
1677 4640 1853 4715 llebrsica
1883 4637 2005 4735 phrasi
2032 4640 2179 4725 usitate,
2210 4654 2263 4713 est
2289 4640 2347 4711 iu-

307 4764 398 4823 rent
418 4748 548 4835 fidem,
572 4748 610 4817 id
633 4762 702 4832 est,
727 4746 913 4834 fiduciam,
937 4770 1030 4841 quae
1050 4746 1179 4819 nititur
1197 4739 1306 4817 Chri·
1356 4758 1450 4817 stnm
1475 4746 1713 4838 pronunciare
1733 4744 1791 4815 vel
1812 4758 1995 4837 reputare,
2020 4758 2060 4815 ut
2074 4740 2226 4815 Ebraice
2251 4742 2348 4813 dice-

308 4870 370 4927 sto
402 4854 621 4935 liberatore,
662 4850 749 4941 petit
769 4862 805 4919 et
830 4861 988 4941 expectat
1014 4861 1159 4940 propter
1187 4848 1304 4939 ipsum
1356 4862 1471 4921 retur:
1496 4845 1656 4939 Populus
1671 4844 1859 4920 Romanus
1873 4843 2078 4937 Scipionem
2099 4856 2301 4917 accusatum
2325 4868 2346 4915 a

305 4954 489 5027 beneficia
502 4952 673 5045 promissa
688 4950 920 5023 necessariam
939 4973 1024 5025 esse.
1076 4948 1180 5039 Rogo
1198 4949 1307 5039 igitur
1357 4949 1532 5022 Tribunis
1548 4949 1769 5033 iustilicavit,
1793 4948 1917 5032 idest,
1941 4947 2112 5031 absolvit,
2137 4946 2345 5018 seuiustum

305 5082 441 5130 omncs
461 5055 537 5148 pios
556 5056 722 5135 lectores,
755 5053 786 5123 si
809 5067 931 5126 amant
954 5048 1158 5137 Christum,
1181 5064 1223 5123 nt
1248 5046 1306 5119 hic
1356 5052 1623 5144 pronunciavit.
1694 5048 1746 5123 lta
1769 5051 1807 5120 in
1828 5044 1888 5119 his
1913 5046 2017 5119 Pauli
2045 5048 2349 5141 disputationibus

305 5162 543 5232 considerent
573 5157 765 5227 discrimen
789 5156 875 5247 legis
904 5167 939 5226 et
959 5150 1169 5246 Evangelii,
1208 5150 1306 5223 Mosi
1357 5170 1452 5229 certo
1476 5153 1627 5227 sciamus
1646 5151 1932 5225 iustificationem
1948 5149 2146 5242 significare
2167 5151 2348 5223 remissio-

306 5282 346 5335 et
364 5258 521 5344 Christi,
547 5276 582 5331 et
593 5259 782 5349 diligenter
796 5258 966 5349 cogitent,
992 5280 1082 5351 qnae
1102 5256 1217 5346 gloria
1240 5255 1305 5325 tri·
1358 5280 1439 5325 nem
1456 5267 1691 5350 peccatorum,
1709 5267 1745 5326 ιι
1757 5252 2032 5346 acceptationem
2047 5254 2092 5323 ad
2109 5252 2218 5329 vitam
2234 5265 2348 5323 aeter-

307 5366 459 5437 bnenda
481 5364 529 5433 sit
549 5363 624 5433 lilio
642 5360 727 5447 Dei,
753 5361 814 5455 qni
830 5363 901 5433 sint
921 5360 998 5430 veri
1016 5354 1192 5444 Ιιιιιοιιι,
1215 5379 1306 5451 qnos
1356 5381 1459 5443 nam,
1483 5358 1574 5430 sicut
1589 5360 1673 5430 satis
1689 5356 1872 5448 perspicue
1890 5367 2038 5427 testatur
2052 5368 2158 5445 caput
2179 5368 2347 5449 quartum

308 5474 344 5541 ei
369 5467 590 5543 tribuerunt.
647 5462 771 5535 Patres
793 5460 932 5547 Adam,
955 5460 1082 5547 loeob,
1107 5455 1306 5553 Prophetae
1355 5460 1399 5531 ad
1425 5458 1629 5545 Romanos,
1654 5460 1719 5531 nbi
1742 5456 1866 5529 definit
1890 5456 2173 5529 iustificationem
2197 5479 2270 5525 esse
2291 5478 2381 5547 reg

306 5588 346 5645 et
371 5568 552 5662 Apostoli.
624 5561 685 5636 Ab
703 5562 760 5635 his
785 5566 961 5635 discamus
979 5560 1164 5635 Christum
1184 5564 1305 5633 adesse
1356 5562 1560 5632 missionem
1576 5574 1813 5654 peccatorum.
1871 5552 1938 5631 Est
1952 5580 2054 5647 crgo,
2076 5555 2165 5629 Fide
2179 5556 2348 5627 iustitica-

307 5696 400 5748 suae
419 5670 599 5742 Ecclesiae
620 5670 767 5751 ducem,
803 5668 1099 5757 gubernatorem,
1136 5666 1305 5737 liberato·
1354 5688 1457 5751 mur,
1482 5665 1577 5733 idern
1601 5668 1700 5758 quod
1724 5672 1931 5754 reputamur
1954 5660 2038 5731 iusti
2061 5683 2081 5728 a
2102 5657 2181 5729 Deo
2203 5668 2348 5748 propter

308 5802 412 5861 cem,
435 5774 660 5857 salvatorem,
684 5770 907 5858 defensorem
921 5770 1090 5839 adversus
1103 5767 1304 5838 diabolum:
1355 5761 1557 5847 Christum,
1582 5790 1662 5837 cum
1678 5764 1867 5835 credimus.
1918 5758 1966 5833 Et
1982 5759 2213 5844 vocabulum,
2238 5756 2348 5829 lusti-

308 5882 493 5953 discamus
507 5890 544 5949 et
563 5876 632 5945 lide
651 5872 858 5967 accipienda
877 5894 952 5945 esse
971 5870 1143 5943 beneficia
1157 5864 1305 5951 Christi,
1357 5869 1432 5953 cia,
1463 5892 1539 5941 non
1563 5862 1623 5939 hic
1646 5865 1821 5959 significat
1841 5862 2018 5975 iusticiam
2041 5862 2148 5953 legis,
2177 5882 2241 5936 seu
2262 5860 2349 5935 οιιι-
