5825 6950
322 714 395 799 sot
721 720 806 802 xtl.
854 708 1156 796 uuauuarto
1184 705 1444 792 lustuns.
1471 705 1685 787 loannis.
1742 704 1851 787 CAP.
1875 710 1977 789 xtt'.
2290 714 2366 790 302

324 920 409 969 soce
428 894 550 969 Adam
576 896 718 989 lapsum
750 894 791 964 in
815 890 985 965 Paradiso
1013 890 1242 981 obiurgabat,
1281 899 1316 959 et
1363 886 1598 957 moascendit
1614 884 1652 955 in
1668 884 1823 973 coelum,
1847 884 1917 957 nisi
1941 884 2002 980 qni
2027 910 2068 957 ex
2091 883 2191 961 coelo
2214 890 2360 963 descen-

323 1002 420 1073 misit
436 994 644 1083 Christum,
668 1011 711 1071 ut
728 998 905 1091 praedicet
925 994 1180 1087 poenitentiam
1203 1004 1238 1062 et
1258 1014 1316 1061 re·
1364 991 1436 1075 dit,
1469 988 1565 1059 lilius
1583 984 1760 1073 bominis,
1786 988 1850 1083 qui
1866 1002 1919 1060 est
1935 990 1972 1059 in
1990 990 2099 1067 coelo.

322 1104 530 1174 missionem
547 1114 782 1195 peccatorum.
832 1095 974 1170 Rursus
988 1096 1093 1170 etiam
1116 1116 1152 1164 se
1175 1106 1315 1166 susten·
1466 1087 1564 1180 llaec
1585 1090 1679 1163 dicta
1700 1091 1765 1161 etsi
1793 1091 1899 1183 longe
1929 1093 2091 1165 omnium
2114 1109 2354 1168 creaturarum

322 1218 396 1277 tent
410 1206 523 1277 corda
548 1226 634 1292 voce
651 1199 858 1293 Evangelii,
892 1212 926 1270 et
949 1200 1159 1271 intueantur
1178 1196 1315 1267 media·
1364 1205 1507 1285 captum
1539 1205 1728 1289 superant,
1775 1206 1895 1265 tamen
1925 1197 2075 1267 anobis
2101 1198 2170 1269 fide
2201 1202 2354 1270 tenenda

322 1324 435 1381 torem
450 1307 658 1378 crucifixum
675 1319 709 1376 et
724 1302 991 1387 resuscitatum,
1014 1314 1050 1371 et
1063 1321 1184 1370 revera
1201 1301 1315 1371 sciant
1363 1308 1468 1381 snut,
1493 1316 1533 1365 ae
1552 1298 1681 1368 docent
1697 1296 1738 1366 in
1754 1290 1899 1367 Christo
1914 1311 2078 1370 naturam
2094 1300 2254 1371 divinam
2270 1322 2355 1385 esse,

323 1436 357 1482 se
377 1422 532 1503 psopter
556 1432 639 1481 eum
660 1407 773 1499 recipi
795 1404 842 1476 ab
873 1417 1019 1476 aeterno
1037 1415 1148 1494 patre.
1205 1399 1315 1473 Hunc
1363 1413 1399 1470 et
1423 1410 1607 1469 aeternum
1630 1412 1764 1492 patrem
1787 1411 1822 1470 et
1843 1398 1957 1469 fllium
1979 1422 2118 1495 semper
2139 1404 2246 1475 simul
2270 1426 2354 1487 esse,

324 1514 557 1583 mediatorem
580 1510 693 1581 sciant
712 1511 833 1580 sedere
853 1507 898 1578 ad
923 1506 1081 1576 dextram
1106 1502 1234 1596 patris,
1273 1515 1314 1573 nt
1363 1514 1398 1573 et
1412 1500 1518 1572 simul
1536 1500 1672 1571 efficere
1685 1524 1791 1593 opera
1806 1501 1939 1585 omnia,
1960 1506 2238 1596 quaedirinitus
2251 1506 2354 1591 fiunt,

329 1618 386 1687 det
402 1616 498 1685 dona
520 1636 584 1685 sna
605 1606 802 1698 Ecclesiae,
834 1604 932 1680 bunc
951 1608 1140 1690 invocent,
1174 1599 1314 1678 abhoc
1363 1600 1592 1675 sicotloann.
1610 1598 1647 1678 5.
1672 1603 1822 1677 dicitur:
1860 1604 1966 1675 Pater
1988 1630 2220 1705 mensusque
2244 1610 2352 1680 modo

330 1730 440 1811 9212,st
455 1718 573 1801 dona,
597 1715 689 1787 sicut
701 1711 877 1807 promisit,
1363 1716 1551 1799 operator,
1576 1718 1611 1776 et
1626 1728 1690 1795 ego
1709 1730 1847 1799 operor.
1898 1694 2037 1778 Docent
2059 1710 2142 1780 item
2158 1734 2352 1801 congruere

532 1880 613 1985 os
628 1877 723 1957 o
844 1873 940 1954 o
955 1886 1111 1979 ,m
1362 1807 2352 2009 :satiassetbasiliculae:

421 2020 652 2097 Asseveratio
682 2033 733 2094 est
762 2014 871 2092 buius
900 2016 1100 2102 doetrinae,
1138 2035 1312 2111 quaeren-
1361 2012 1454 2104 gelio
1470 2036 1534 2113 per
1554 2011 1668 2084 lilium
1690 2015 1904 2085 annunciata
1926 2027 1989 2089 est.
2047 2015 2147 2089 Sicut
2165 2033 2199 2088 et
2213 2014 2273 2089 bic
2284 2020 2350 2089 ait:

322 2122 628 2202 domesseIlenm
653 2124 838 2217 agnitione
858 2120 927 2192 lilii
958 2116 1114 2191 crucifixi
1135 2131 1170 2191 et
1195 2140 1313 2189 resus-
1360 2111 1480 2185 Verba
1502 2138 1593 2209 quae
1615 2139 1679 2208 ego
1708 2117 1857 2211 loquor,
1890 2140 1991 2187 ame
2013 2116 2090 2209 ipso
2115 2142 2189 2191 non
2211 2119 2353 2215 loquor,
2416 2176 2420 2191 ,

321 2232 435 2317 citati,
457 2244 493 2302 et
507 2224 715 2319 Evangelii,
747 2226 786 2295 in
806 2220 952 2322 quobic
972 2216 1148 2293 filiusDei
1171 2219 1310 2312 praedi·
1359 2217 1421 2288 sed
1444 2231 1546 2309 pater
1571 2219 1612 2287 in
1636 2242 1692 2289 me
1713 2240 1881 2303 manens,
1920 2218 1995 2312 ipse
2015 2221 2100 2292 facit
2125 2245 2252 2315 opera,
2285 2232 2351 2297 etc.

323 2350 430 2409 cstnr.
489 2328 565 2402 Nec
593 2333 638 2402 de
665 2326 835 2416 essentia,
874 2347 940 2396 nec
970 2326 1016 2395 de
1036 2322 1220 2393 voluntate
1242 2319 1311 2392 Dei
1361 2314 1802 2413 Opponamusergohaec
1827 2321 1918 2391 dicta
1941 2322 2110 2396 omnibus
2136 2326 2350 2417 speculatio-

329 2450 416 2507 recte
440 2434 569 2517 sentit,
604 2432 774 2521 ignorans
797 2428 923 2503 filium.
983 2424 1183 2516 Sapientes,
1215 2418 1309 2494 Etls·
1358 2421 1466 2493 nibus
1481 2422 1527 2491 de
1541 2418 1638 2509 Deo,
1662 2445 1751 2516 quas
1764 2423 1857 2494 ratio
1875 2418 2031 2494 humana
2046 2426 2168 2496 relicto
2187 2422 2350 2519 Evange-

333 2540 421 2628 nici,
442 2529 736 2619 blahometistae‚
770 2528 893 2601 ludaei
916 2541 1091 2614 recentes,
1124 2528 1170 2595 de
1190 2548 1309 2595 essen·
1357 2523 1408 2593 lio
1438 2524 1740 2610 comminiscitur,
1779 2536 1814 2613 et
1838 2526 1882 2596 ad
1904 2520 2000 2596 hunc
2023 2522 2206 2599 Christum
2233 2530 2350 2600 cruci-

330 2640 376 2710 tia
392 2638 509 2732 palam
542 2648 681 2721 errant,
715 2633 797 2727 quia
827 2646 957 2722 negant
976 2623 1074 2699 hunc
1092 2650 1166 2699 ease
1190 2625 1305 2698 Deum
1358 2626 1468 2697 brom
1497 2640 1532 2697 et
1555 2627 1818 2712 resuscitatum,
1863 2641 1900 2699 et
1933 2628 1977 2698 ad
2006 2624 2239 2721 Evangelium
2271 2632 2349 2703 eius

325 2754 534 2829 creatorem,
572 2737 635 2832 qui
666 2735 766 2807 misit
795 2730 891 2806 bunc
910 2734 1023 2803 lilium
1045 2730 1249 2801 crucifixum
1275 2742 1310 2801 et
1358 2741 1496 2799 mentes
1511 2744 1651 2801 nostras
1666 2729 1870 2818 alligemus,
1895 2754 1960 2799 nec
1983 2728 2069 2801 inde
2085 2755 2151 2804 nos
2168 2734 2274 2804 avelli
2299 2736 2348 2804 si·

322 2842 577 2915 resnseitatnm.
630 2831 954 2908 lmobnnclilium
972 2834 1311 2918 abominantur,ut
1357 2852 1503 2915 namus,
1542 2844 1585 2902 ut
1605 2830 1711 2901 multi
1733 2831 1818 2901 inde
1842 2832 2158 2921 imaginationibus
2180 2831 2350 2908 humanis

324 2946 541 3018 teterrimum
558 2942 707 3012 idolum.
759 2937 813 3009 Ac
828 2939 970 3008 interim
985 2937 1125 3027 lingunt
1148 2934 1216 3005 sibi
1241 2934 1308 3002 ali·
1358 2956 1499 3028 semper
1513 2932 1629 3005 avulsi
1644 2946 1749 3023 suut,
1774 2934 2036 3009 stavelluntur.

323 3072 424 3129 onem
441 3058 657 3128 creatorem,
682 3054 716 3113 et
729 3062 813 3110 suos
834 3041 1006 3134 quosdam
1028 3036 1308 3126 cultusescogi-
1455 3099 1464 3118 ‚
1570 3102 1578 3119 ,
1617 3102 1624 3121 ,
2190 3111 2198 3131 ‚

322 3165 415 3236 tant,
440 3148 672 3241 quibuscum
693 3143 882 3217 celebrent.
938 3138 1042 3212 Hane
1061 3154 1171 3211 totam
1195 3138 1309 3208 caeci·
1381 3094 1648 3197 0⁸⁰de
1662 3128 1736 3187 ’Μ’
1763 3128 1892 3205 ⁰W⁰t
1919 3111 2237 3210 lu⁰²⁶5⁰s⁰⁰¹⁰2
2258 3122 2322 3189 ‘¹0⁰

321 3267 425 3327 tatem
448 3252 596 3320 damnat
617 3241 802 3331 Christus,
838 3242 983 3313 loannis
1004 3240 1040 3315 5.
1063 3242 1205 3313 dicens:
1234 3238 1308 3327 Qui
1460 3238 1593 3331 Magna
1618 3242 1813 3313 consolatio
1837 3260 1888 3317 est
1910 3246 1978 3339 piis
1999 3246 2036 3316 iu
2061 3252 2169 3321 tantis
2194 3252 2347 3324 miseriis

318 3380 390 3427 non
405 3349 564 3423 honorat
578 3349 801 3430 lilium,non
819 3342 971 3415 honorat
991 3356 1136 3435 patrem.
1170 3339 1309 3412 Deinde
1356 3338 1555 3429 Ecclesiae,
1592 3365 1679 3437 quas
1706 3366 1785 3414 cum
1813 3346 2021 3439 aspicimus,
2047 3352 2211 3423 videmur
2233 3353 2346 3426 allen
2470 3422 2473 3429 .

320 3475 352 3531 et
373 3460 420 3529 de
443 3454 629 3526 voluntate
650 3462 788 3536 errent,
822 3447 961 3518 etiamsi
985 3444 1071 3536 legis
1097 3442 1226 3515 noticia
1250 3457 1309 3516 ut·
1357 3443 1509 3535 negligi,
1548 3458 1582 3516 et
1609 3446 1738 3517 lrustra
1767 3448 1993 3522 circumferre
2014 3448 2269 3546 Evangelium,
2312 3475 2346 3530 e:

319 3579 461 3654 sunqne
476 3569 621 3639 manet,
645 3569 763 3623 tamen
780 3575 885 3621 nemo
900 3561 1018 3642 potest
1035 3561 1129 3618 certo
1156 3561 1310 3618 statuere
1357 3542 1451 3618 hanc
1465 3571 1586 3617 vocem
1603 3543 1791 3641 Evangelii
1807 3551 1948 3623 inanem
1971 3556 2128 3626 sonitum
2151 3582 2245 3645 esse,
2271 3548 2345 3632 non

318 3661 428 3754 recipi
445 3673 481 3730 et
504 3656 665 3730 exaudiri
686 3678 724 3724 se
745 3651 876 3738 aDeo,
908 3653 979 3722 nisi
998 3674 1062 3744 per
1073 3647 1309 3738 Evangelinm
1356 3664 1496 3721 mutare
1511 3645 1693 3738 homines,
1717 3676 1791 3723 non
1805 3655 1929 3726 afferre
1945 3659 2268 3731 reconciliationem
2280 3663 2345 3736 Dei

323 3776 486 3854 agnoscat
500 3756 682 3834 Christum
700 3757 952 3827 mediatorem:
982 3753 1196 3824 invocarunt
1215 3745 1308 3823 Eth·
1357 3765 1391 3822 et
1406 3753 1514 3824 vitam
1530 3766 1720 3830 aeternam.
1762 3752 1928 3852 Denique
1944 3759 2106 3830 videmur
2121 3763 2248 3834 frustra
2267 3791 2347 3837 mo-

320 3867 412 3952 niet,
453 3876 487 3934 ⁶¹
512 3863 638 3953 '⁰⁰8⁰ss
661 3855 816 3954 hymssot
837 3857 1068 3954 recitarunt,
1085 3854 1254 3924 invocant
1274 3867 1308 3922 et
1358 3879 1439 3926 vere
1454 3857 1577 3926 orbem
1593 3870 1786 3946 terrarum,
1810 3873 1845 3930 et
1859 3873 1997 3932 tautum
2018 3864 2121 3936 nobis
2137 3867 2295 3938 miserias
2313 3885 2347 3940 et

318 3960 720 4046 nnneMabometistae,
747 3958 891 4045 ludaei,
916 3957 1094 4050 Papistae,
1127 3966 1161 4028 et
1184 3977 1308 4026 omnes
1357 3957 1533 4030 eruciatus
1548 3983 1736 4035 accersere.
1788 3959 1970 4036 Adversus
1992 3962 2084 4036 hanc
2108 3969 2233 4038 falsam
2256 3972 2346 4042 ima.

321 4075 524 4162 ignorantes
538 4063 793 4156 Evangeliom,
819 4063 878 4132 sed
894 4083 1118 4156 nequaquam
1137 4071 1308 4145 statuunt,
1356 4061 1575 4149 ginationem
1592 4061 1757 4137 Christus
1771 4069 1994 4154 consolatur,
2023 4081 2056 4140 et
2080 4071 2264 4142 confirmae
2281 4099 2346 4144 n„

324 4197 355 4243 se
377 4187 412 4244 et
431 4192 554 4262 preces
576 4191 655 4238 suas
678 4163 797 4254 recipi.
857 4162 1020 4234 ludicant
1044 4173 1200 4253 mentes,
1231 4185 1306 4232 non
1354 4157 1423 4233 hac
1442 4165 1659 4262 amplissima
1682 4169 1935 4260 promissione:
1975 4168 2048 4261 Qui
2072 4174 2183 4245 credit
2213 4176 2252 4244 in
2277 4201 2348 4258 me,

322 4273 427 4368 recipi
448 4273 633 4362 indignos,
666 4282 698 4339 et
719 4281 914 4357 agnoscunt
934 4287 972 4334 se
996 4265 1127 4356 singuli
1152 4287 1226 4336 esse
1246 4265 1307 4336 in·
1356 4293 1479 4362 opera,
1505 4293 1595 4364 quae
1611 4293 1673 4360 ego
1701 4271 1809 4358 facio,
1844 4288 1878 4345 et
1899 4276 1974 4363 ipse
1995 4274 2118 4358 laciet,
2150 4289 2184 4346 et
2212 4279 2346 4347 maiora

319 4378 462 4466 dignos,
500 4374 668 4445 dubitant
688 4370 798 4459 igitur
818 4393 863 4438 sn
895 4369 1132 4463 recipiantur,
1173 4381 1306 4440 ettan·
1355 4368 1542 4446 bisfaciet.
1593 4369 1675 4442 Non
1700 4374 1860 4468 loquitur
1880 4371 2042 4446 Christus
2063 4389 2200 4448 tantum
2217 4383 2261 4447 de
2277 4383 2347 4449 mi-

319 4483 397 4549 d‘m
414 4476 659 4571 d‘⁸P‘f³¹l⁰¹¹⁰
677 4473 941 4563 opprimuntur,
1355 4475 1506 4558 raculis‚
1533 4497 1624 4567 quae
1639 4475 1828 4546 incurrunt
1848 4476 1884 4544 in
1905 4477 2046 4562 oculos,
2069 4493 2109 4549 ut
2125 4483 2168 4548 de
2190 4483 2346 4552 sanatio-

416 4581 599 4652 adversus
621 4570 686 4644 has
706 4574 869 4646 tenebras
894 4590 1061 4672 utrasque
1083 4577 1236 4649 tenenda
1254 4588 1306 4647 est
1355 4577 1464 4646 uibus
1478 4577 1714 4668 leprosorum,
1740 4590 1802 4647 aut
1821 4601 2017 4664 caecorum,
2043 4595 2104 4650 aut
2122 4581 2346 4655 claudorum.

314 4683 507 4756 sententia:
535 4679 609 4771 Qui
627 4677 724 4750 videt
739 4701 814 4763 me,
850 4678 946 4751 videt
969 4693 1115 4772 patrem.
1167 4677 1221 4748 De
1238 4675 1324 4747 Dei'
1355 4679 1456 4750 Haec
1471 4703 1546 4748 non
1560 4691 1644 4750 snut
1660 4680 1846 4771 praecipua
1871 4704 1978 4770 opera
2000 4697 2148 4780 propter
2171 4711 2260 4776 qssae
2282 4703 2344 4755 rc-

314 4787 463 4858 essentia
491 4798 527 4856 et
550 4783 734 4854 voluntate
763 4805 954 4875 quaerens,
1001 4781 1173 4853 intuearis
1197 4773 1306 4851 Chri·
1355 4784 1408 4852 nit
1425 4780 1604 4871 Christus,
1632 4795 1825 4873 etpropter
1847 4806 1938 4878 quae
1960 4783 2040 4852 data
2065 4799 2116 4856 est
2139 4811 2205 4856 vox
2223 4785 2345 4858 Evan-

309 4905 404 4960 stum
432 4886 638 4960 crucifixum
665 4899 699 4956 et
721 4885 977 4956 resuscitatum.
1042 4881 1113 4954 llic
1142 4897 1304 4954 estsere
1355 4883 1439 4974 gelii
1448 4932 1462 4973 ,
1488 4884 1548 4952 sed
1564 4883 1633 4952 elia
1649 4885 1783 4954 maiora
1801 4897 1902 4966 sunt,
1928 4886 1973 4953 de
1997 4885 2127 4978 quibus
2149 4889 2233 4960 dicit
2252 4887 2344 4961 l‘an-

309 4985 428 5076 ΒΜ,
454 4990 520 5090 qul
543 5013 580 5059 ⁸⁶
604 5012 667 5080 per
686 4981 783 5056 hunc
805 4987 917 5058 fillum
942 4987 1123 5076 patefecit,
1159 4998 1194 5055 et
1216 4979 1304 5053 haec
1352 4987 1427 5056 lus:
1452 4981 1688 5074 Evangelium
1706 4999 1758 5057 est
1772 4983 2006 5078 potentiaDei
2019 4989 2063 5056 ad
2080 4990 2228 5060 salutem
2246 4995 2345 5062 omni

311 5091 749 5170 rereeiusvoluntasest,
782 5115 887 5182 quam
911 5084 1302 5169 bicfilinsannunciat,
1353 5089 1523 5158 eredenti.
1586 5085 1796 5158 sanationes
1826 5087 1909 5157 illae
1938 5113 2126 5184 corporum
2152 5107 2237 5165 sunt
2264 5099 2347 5189 qui-

306 5195 371 5286 qui
390 5197 496 5268 dixit:
527 5191 624 5264 Haec
641 5205 692 5262 est
710 5191 874 5261 voluntas
891 5194 1015 5282 patris,
1039 5191 1102 5284 qui
1120 5189 1218 5260 misit
1233 5213 1301 5270 me,
1352 5193 1433 5259 dem
1463 5189 1665 5260 testimonia
1695 5189 1897 5277 doctrinae,
1937 5205 1973 5264 et
1994 5216 2129 5284 semper
2151 5189 2256 5267 habet
2277 5195 2347 5266 Ee-

306 5313 345 5366 ut
364 5300 487 5366 omnis
505 5297 568 5390 qni
584 5295 696 5365 credit
712 5293 751 5360 in
768 5293 894 5374 lilium,
920 5287 1047 5364 habeat
1062 5293 1169 5362 vitam
1186 5307 1300 5361 aeter·
1350 5289 1454 5363 clesia
1495 5289 1613 5385 aliqua
1658 5291 1763 5364 etiam
1801 5293 1997 5386 corporalia
2045 5295 2233 5384 miracula,
2284 5299 2345 5368 secl

305 5421 404 5470 nam.
455 5397 555 5468 Haec
572 5397 733 5467 doctrina
751 5419 815 5463 nee
831 5396 1001 5483 intelligi,
1035 5418 1100 5464 uec
1122 5393 1210 5464 dissi
1235 5417 1301 5485 po-
1351 5394 1440 5463 alias
1468 5393 1598 5484 magis,
1637 5393 1725 5464 alias
1754 5395 1877 5466 minus
1907 5398 2096 5490 conspicua
2121 5411 2155 5468 et
2179 5401 2345 5492 gloriosa,

304 5515 394 5586 test,
431 5501 505 5572 nisi
524 5500 564 5568 in
582 5522 667 5567 vero
684 5513 841 5586 agoneet
858 5498 950 5566 veris
965 5497 1139 5568 exercitiis
1153 5497 1298 5566 invoca·
1351 5496 1411 5564 sed
1437 5494 1543 5584 longe
1568 5518 1673 5587 supra
1692 5491 1762 5570 has
1785 5521 1976 5593 corporum
2006 5501 2205 5572 sanationes
2232 5505 2347 5572 eollo·
2469 5567 2472 5573 .

302 5604 431 5676 tionis.
490 5597 680 5693 Aspiciens
702 5599 834 5682 lilium,
867 5599 954 5668 scito
979 5594 1076 5669 hunc
1097 5622 1237 5688 semper
1261 5597 1300 5666 in
1352 5610 1479 5667 centur
1507 5597 1676 5668 beneficia
1707 5613 1859 5670 aeterna.
1919 5595 2156 5690 Evangelium
2186 5619 2347 5676 nonest
2398 5653 2402 5660 -

302 5707 387 5778 sinn
420 5727 496 5776 esse
525 5703 659 5776 aeterni
686 5695 813 5792 patris,
850 5697 938 5769 sieut
960 5695 1020 5772 laic
1043 5702 1176 5793 inquit:
1223 5697 1299 5788 Ego
1353 5697 1472 5768 inanis
1503 5699 1661 5785 sonitus,
1702 5703 1761 5770 sed
1788 5725 1874 5771 vere
1906 5715 1957 5771 est
1980 5703 2237 5796 ministerium,
2273 5731 2348 5800 quo

300 5809 439 5878 snmin
456 5818 579 5900 patre,
606 5818 641 5874 et
665 5817 764 5893 pater
786 5803 825 5870 in
848 5825 905 5870 me
929 5817 989 5874 est.
1041 5799 1228 5875 Etloann.
1249 5805 1300 5872 i.:
1354 5799 1452 5872 Dens
1468 5803 1527 5870 dat
1545 5803 1790 5872 remissionem
1809 5817 2046 5896 peecatorum,
2072 5801 2244 5894 Spiritum
2263 5830 2348 5876 sau-

305 5911 423 5983 lilius
437 5909 502 6007 qni
517 5920 570 5979 est
587 5906 633 6006 in·
649 5906 731 5976 sinn
752 5903 871 5997 patris.
922 5899 1031 5987 ltem,
1051 5905 1195 5998 cap,3.:
1229 5899 1300 5974 Ne·
1354 5917 1473 5990 ctum,
1499 5904 1608 5976 vitam
1625 5919 1814 5992 aeternam,
1842 5905 2023 5976 mercalis
2041 5909 2090 5974 ad
2107 5907 2214 5976 sitam
2233 5923 2348 5978 aetes-
