5825 6950
539 754 619 834 265
1126 737 1254 821 oum
1278 730 1398 818 Mau
1422 733 1635 814 SCRIPTA
1661 731 1971 877 mousson·
2459 799 2463 808 -
2496 747 2571 823 264
2641 737 2642 740 ‘

594 923 720 1002 Motis·
746 903 864 1022 fgifor
892 943 940 996 es·
968 909 1144 1006 ludaeis,
1186 919 1255 1022 qai
1281 931 1453 996 venerant
1482 915 1539 994 od
1686 921 1741 995 De
1762 923 1865 996 tortia
1886 924 2100 1020 quaestione·
2115 927 2333 1018 respondeo,
2364 925 2484 996 Deum
2510 947 2574 994 nec

646 1023 862 1105 Martinam.
1586 1027 1695 1109 velle,
1722 1051 1786 1098 nec
1809 1030 2006 1119 approbare
2028 1043 2166 1120 peccata
2188 1053 2249 1098 seu
2275 1028 2404 1099 iniusta
2426 1028 2575 1098 consilia

1265 1121 1271 1134 ’
1586 1143 1620 1199 et
1635 1129 1784 1200 iniustas
1796 1131 1949 1201 actiones
1964 1133 2252 1218 gubernatorum,
2276 1132 2336 1200 scd
2354 1131 2472 1223 potius
2489 1125 2576 1198 hor-

1585 1233 1738 1301 ribiliter
1756 1232 1919 1302 irascitur
1935 1233 2006 1321 eis,
2030 1233 2120 1303 sicut
2137 1235 2230 1303 clare
2244 1234 2348 1313 dicit,
2376 1230 2506 1302 Psalm.
2521 1233 2576 1305 fn:

1586 1333 1667 1404 Non
1692 1333 1790 1402 Deus
1819 1334 1942 1404 volens
1968 1335 2181 1426 impietatem
2203 1350 2243 1404 tu
2266 1357 2321 1414 es,
2355 1347 2388 1404 et
2410 1329 2577 1406 Christus

1587 1435 1680 1506 clare
1700 1435 1803 1506 dicit:
1831 1433 1905 1524 Qui
1920 1437 2066 1507 tradidit
2083 1437 2237 1521 me'tibi‚
2263 1436 2377 1506 maius
2392 1451 2578 1527 peccatum

1587 1532 1713 1622 habet,
1746 1550 1781 1609 ct
1805 1535 1971 1611 leand:
2007 1536 2081 1607 Vos
2110 1563 2150 1607 ex
2182 1555 2281 1627 patre
2311 1539 2456 1608 diabolo
2481 1540 2579 1623 estis,
2641 1563 2642 1586 ι

1587 1653 1621 1710 et
1644 1639 1855 1730 cupiditates
1873 1640 1981 1730 patris
1997 1641 2103 1710 vestri
2119 1642 2227 1710 vultis
2242 1640 2376 1720 facere,
2402 1654 2437 1711 et
2453 1664 2579 1709 rursus

1587 1739 1716 1812 Psalm.
1731 1741 1783 1811 a:
1810 1739 1939 1812 Virum
1962 1743 2173 1830 sanguinum
2198 1757 2230 1813 ct
2253 1742 2418 1814 dolosum
2440 1743 2581 1812 abomi-

1587 1857 1695 1913 natur
1722 1843 1899 1917 domiuus.
1958 1840 2122 1937 Denique
2148 1845 2300 1935 plurima
2327 1858 2410 1915 suut
2430 1845 2580 1914 eviden-

1589 1946 1722 2015 tissima
1743 1946 1962 2030 testimonia,
1987 1970 2079 2043 quae
2097 1947 2272 2016 affirmant
2289 1945 2404 2018 Deum
2422 1969 2488 2016 nec
2504 1947 2581 2016 vel·

1589 2047 1642 2131 le,
1678 2071 1744 2116 uec
1774 2051 1971 2140 approbare
2004 2049 2134 2118 iniusta
2162 2050 2329 2129 consilia,
2363 2063 2395 2119 et
2429 2049 2581 2118 iniustas

1591 2153 1746 2220 actiones
1776 2152 2075 2239 gubernatorum,
2116 2154 2174 2221 sed
2207 2153 2326 2244 potius
2358 2145 2582 2221 horribiliter

1591 2249 1646 2322 his
1671 2251 1861 2338 sceleribus
1885 2254 2007 2338 irasci,
2034 2266 2068 2323 et
2092 2279 2131 2322 ea
2157 2255 2302 2340 riunire,
2326 2265 2366 2324 ut
2384 2253 2454 2345 ipsi
2468 2253 2580 2324 exitus

1590 2367 1774 2429 testantur.
1826 2351 1976 2446 Propter
1998 2355 2131 2426 occisos
2146 2352 2359 2447 Prophetas,
2385 2352 2580 2434 Christum,

1590 2456 1801 2550 Apostolos,
1826 2477 1912 2544 gens
1935 2456 2077 2544 ludaica
2100 2459 2238 2528 excidio
2261 2460 2370 2528 totius
2389 2481 2474 2527 suae
2492 2455 2580 2529 Rei-

1592 2559 1753 2651 publicae
1770 2559 1986 2629 tristissimas
2002 2583 2131 2653 poenas
2147 2561 2256 2632 dedit.
2312 2557 2397 2629 ldco
2412 2573 2578 2654 tauquam

1593 2662 1818 2732 manifestum
1840 2663 1998 2732 furorem
2021 2686 2224 2754 execramur
2239 2663 2462 2754 opinionem,
2488 2683 2575 2754 quae

1592 2789 1611 2835 a
1633 2763 1709 2835 Deo
1734 2763 1835 2854 lingit
1855 2764 1961 2848 oriri,
1997 2762 2154 2849 aut‘Deo
2179 2766 2315 2856 placere
2340 2764 2465 2833 iniusta
2490 2786 2578 2832 con-

653 2886 808 2978 Magnae
829 2898 865 2955 et
885 2882 1049 2953 difficiles
1071 2880 1296 2973 quaestiones
1318 2876 1378 2951 bic
1400 2903 1437 2950 ee
1451 2879 1542 2949 offe.
1593 2867 1670 2936 silia
1692 2867 1979 2955 gubernatorum.
2038 2865 2181 2936 Diaboli
2205 2869 2357 2957 impetus
2378 2880 2460 2936 sunt
2484 2887 2580 2953 gras-

552 3005 657 3077 runt,
682 3013 728 3060 an
745 2983 897 3080 Caiphas
912 2987 957 3056 sit
970 2984 1169 3052 membrum
1186 2979 1364 3053 Ecclesiae
1378 2982 1542 3066 visibilis,
1593 2968 1702 3038 santis
1725 2969 1762 3036 iu
1781 2967 1921 3060 impiis,
1946 2968 2009 3061 qui
2026 2968 2140 3039 Deum
2158 2983 2327 3039 rectorem
2344 2981 2583 3052 excusserunt,

554 3119 634 3164 cum
654 3093 842 3185 aperte·sit
863 3084 975 3159 hostis
990 3083 1202 3174 Evangelii?
1250 3081 1408 3164 Deinde,
1431 3109 1477 3154 an
1497 3085 1543 3155 sit
1594 3085 1628 3143 et
1648 3083 1833 3163 propterea
1851 3072 2006 3141 vicissim
2024 3071 2151 3141 abiecti
2166 3082 2268 3152 stant,
2295 3083 2327 3140 et
2343 3072 2434 3139 bosut
2451 3093 2581 3160 organa

466 3228 474 3250 .
507 3265 517 3293 ί
553 3195 730 3274 ponfifex,
757 3217 837 3263 cum
850 3178 1410 3275 nonsitmembmmlicetesipe?
1450 3185 1543 3256 Ter.
1593 3175 1686 3258 irae,
1712 3187 1825 3265 pestes
1847 3174 1984 3263 generis
2000 3169 2169 3259 humani,
2193 3188 2226 3243 et
2243 3187 2353 3244 ruunt
2369 3173 2409 3240 iu
2424 3185 2580 3241 aeternas

555 3299 627 3384 tio,
654 3321 699 3366 an
715 3295 811 3367 Deus
832 3295 918 3364 velit
942 3306 1055 3367 errata
1069 3289 1373 3380 gubernatorum?
1423 3288 1543 3380 Qtsar-
1593 3299 1743 3370 poem,
1777 3289 1817 3346 ul
1848 3271 2008 3360 Pharao,
2042 3274 2164 3358 ludas,
2197 3272 2372 3367 Caiphae,
2406 3274 2582 3364 Caligula,

550 3415 608 3486 to,
631 3424 677 3469 au
695 3399 833 3492 Spiritu
855 3411 976 3467 sancto
999 3405 1209 3463 moveantur
1231 3391 1334 3489 impii
1355 3392 1544 3462 inclaudis
1594 3377 1701 3463 Nem,
1728 3401 1880 3471 (fumum
1895 3379 2106 3466 cogilssfiont
2122 3401 2400 3469 expavescamus,
2427 3374 2584 3447 etDeum

554 3502 737 3574 consiliis?
1595 3504 1761 3573 oremus,
1792 3494 1833 3552 ut
1861 3481 2036 3551 custodiat
2066 3495 2100 3551 et
2130 3494 2227 3571 regat
2256 3505 2340 3564 nos,
2371 3503 2418 3550 ne
2445 3479 2585 3551 iniustis

1596 3583 1755 3655 consiliis
1772 3599 1808 3655 et
1824 3584 1978 3675 negociis
1995 3583 2229 3675 implicemur.
2256 3598 2261 3606 “
2638 3584 2641 3653 l

645 1181 731 1256 Post
746 1177 917 1254 miracula
932 1178 1052 1250 omnia
1067 1175 1233 1247 omuibus
1245 1177 1466 1268 temporibus
1480 1199 1531 1248 se·

545 1302 706 1384 quuutur
722 1280 848 1356 hiduo
864 1295 1028 1366 euentus,
1054 1279 1104 1372 pii
1121 1279 1396 1366 confirmantur,
1420 1293 1454 1348 et
1469 1278 1535 1347 ali-

546 1405 682 1485 quanto
704 1389 823 1480 plures
844 1387 888 1456 ad
905 1382 1023 1456 Deum
1036 1395 1312 1462 convertuntur,
1337 1381 1425 1450 moti
1440 1403 1534 1450 novo

546 1492 764 1566 testimonio.
812 1484 967 1559 Ecoutra
989 1484 1127 1554 veroin
1145 1484 1264 1575 impiis
1280 1497 1438 1554 crescunt
1454 1482 1536 1552 odia

548 1610 583 1666 et
603 1599 759 1678 furores,
785 1591 825 1662 u't
840 1587 967 1660 Esaiae
981 1587 1016 1659 6.
1031 1585 1180 1670 dicitur,
1205 1600 1239 1657 et
1254 1583 1410 1658 Roman.
1426 1586 1485 1656 11.
1503 1596 1537 1653 ct

548 1695 742 1774 loan.12.:
773 1691 881 1764 Dedit
904 1691 954 1759 eis
976 1689 1098 1758 oculos
1123 1712 1168 1757 ue
1190 1689 1350 1772 videant,
1382 1700 1415 1758 et
1435 1708 1538 1756 aures

548 1826 595 1870 ne
616 1800 775 1870 audiant.
826 1791 924 1867 Haec
948 1788 1040 1859 dicta
1060 1791 1102 1858 ad
1121 1785 1286 1859 historias
1303 1791 1538 1870 conferamus,

550 1918 583 1972 et
605 1926 670 1970 nos
693 1897 916 1969 consolemur
937 1889 994 1962 his
1011 1891 1355 1984 praemonitionibus
1370 1893 1538 1961 adversus

549 2004 682 2074 iudicia
704 2022 914 2089 magnorum
940 1990 1147 2077 hominum,
1171 1995 1233 2086 qui
1255 1989 1451 2084 Evangelio
1474 1994 1538 2062 ad·

548 2117 752 2186 versantur,
778 2102 927 2170 sciamus
948 2120 1085 2188 semper
1107 2096 1261 2192 aliqttem
1284 2121 1357 2167 esse
1372 2095 1441 2164 Dei
1457 2119 1540 2165 coe-

549 2220 646 2292 tum,
671 2208 731 2275 sed
750 2217 867 2274 tamen
887 2201 1070 2290 exiguum,
1097 2211 1132 2270 et
1150 2194 1234 2269 huic
1246 2197 1429 2276 adversari
1444 2196 1539 2266 mol-

550 2324 605 2378 tos
634 2331 761 2397 magna
793 2303 1000 2384 autoritate,
1030 2301 1210 2392 potentia,
1241 2300 1412 2391 sapientia
1437 2323 1539 2390 prae·

551 2413 664 2494 ditos,
692 2424 730 2480 ut
747 2410 780 2482 1.
798 2407 840 2476 ad
852 2400 1056 2478 Corinth.1.
1076 2402 1225 2474 dicitur:
1252 2402 1396 2476 lufirma
1412 2400 1539 2473 muudi

551 2513 655 2604 elegit
671 2507 788 2597 Deus,
813 2523 852 2582 ut
868 2508 1064 2580 confundat
1080 2506 1202 2593 fortia,
1227 2521 1292 2578 etc.

712 2731 793 2806 Hos
814 2739 937 2804 aulem
957 2753 983 2800 o
1006 2751 1045 2798 ss
1068 2725 1149 2824 ipso
1167 2750 1242 2798 non
1266 2721 1380 2805 dieis.

657 3641 714 3711 Ad
748 3638 898 3729 primam
927 3633 1143 3724 respondeo,
1177 3626 1348 3722 Caipham
1372 3657 1446 3703 non
1471 3655 1544 3702 csse

474 3818 481 3836 ‚
555 3744 756 3813 membrum
773 3735 969 3813 Ecclesiae,
994 3736 1060 3806 etsi
1080 3748 1132 3804 est
1146 3733 1309 3805 Pontifex
1332 3735 1429 3805 illius
1452 3735 1544 3827 poli-

556 3846 647 3928 tiae,
677 3846 716 3914 in
743 3866 812 3937 qua
836 3851 911 3910 crat
932 3834 1089 3907 Ecclesia
1112 3833 1199 3919 Dei,
1232 3850 1351 3909 coetus
1375 3838 1455 3923 ille,
1481 3838 1544 3930 qui

556 3946 834 4037 amplectebatur
847 3939 1094 4029 Evangelium.
1145 3936 1235 4007 Nam
1254 3923 1405 4009 tenerida
1421 3953 1473 4010 est
1487 3964 1543 4009 re-

557 4052 656 4141 gula:
683 4044 782 4118 Oves
801 4067 900 4114 meae
923 4046 1042 4111 vocem
1063 4064 1177 4110 meam
1200 4041 1364 4116 audiunt.
1414 4039 1476 4113 Et:
1505 4039 1545 4111 si

559 4153 640 4247 quis
660 4151 757 4219 aliud
774 4143 1007 4237 Evangelium
1032 4145 1153 4233 docet,
1179 4137 1368 4214 anathema
1388 4144 1447 4215 sit.
1498 4139 1546 4213 Et

1697 3786 1755 3858 Aa
1786 3802 1948 3883 quartam
1978 3788 2220 3883 quaestionem
2250 3787 2432 3880 perspicua
2455 3801 2508 3858 est
2531 3812 2587 3857 rc-

1595 3892 1751 3979 sponsio.
1805 3890 1886 3960 Non
1908 3904 2095 3961 moventur
2110 3888 2246 3981 Spiritu
2260 3888 2297 3962 S.
2322 3890 2422 3981 impii
2442 3890 2480 3957 in
2497 3891 2587 3960 dan-

1596 3994 1651 4061 dis
1682 3993 1838 4063 consiliis
1861 3994 2018 4075 iniustis,
2049 3994 2108 4063 sed
2133 3992 2367 4085 impelluntur
2387 4016 2405 4061 a
2428 3992 2588 4081 diabolo,

1596 4110 1636 4164 ut
1671 4094 1764 4164 clare
1801 4096 1947 4165 dicitur:
1993 4093 2066 4165 Vos
2105 4118 2146 4165 ex
2178 4111 2279 4187 patre
2315 4094 2459 4163 diabolo
2494 4096 2590 4165 estis.

560 4246 774 4329 1.Corinth.
796 4247 940 4318 ultimo:
966 4244 1005 4317 si
1028 4246 1108 4339 quis
1129 4268 1204 4315 non
1225 4245 1342 4334 diligit
1357 4246 1544 4316 domiuum
1597 4195 1704 4265 Imm
1732 4195 1804 4284 Qui
1826 4199 2124 4319 faciii'eccaium’
2147 4196 2424 4273 “diab‘ssm‘
2478 4194 2590 4287 Qu⁰d
2639 4216 2640 4303 i

1598 4314 1713 4367 autem
1737 4313 1852 4369 textus
1870 4301 1955 4370 dscrt
1971 4296 2141 4392 Carpham
2160 4296 2406 4394 prophetasse,
2431 4306 2588 4393 eoquod
2639 4312 2640 4381 l

557 4355 673 4427 laum
696 4348 974 4472 Ciifflmm'fn
1004 4341 1210 4490 anathema,
1243 4344 1475 4433 anmha’
1507 4350 1545 4417 ιὰ
1598 4400 1761 4470 Pontifex
1782 4404 2029 4487 esset,·simile
2052 4418 2102 4473 est
2126 4400 2293 4473 historiae
2317 4396 2456 4495 loseph.
2513 4402 2589 4492 Qui

559 4472 629 4541 est,
649 4458 819 4525 dominus
842 4464 948 4521 veuit.
999 4446 1076 4519 Hae
1097 4472 1192 4518 eutru
1218 4451 1331 4519 forma
1354 4452 1546 4521 verborum
1600 4503 1609 4521 .

558 4559 844 4650 imprecabantur
873 4552 1060 4633 maledicto
1086 4551 1257 4621 iudicium
1279 4549 1347 4622 Dei
1369 4555 1547 4625 venientis
1597 4517 1739 4622 mquiii
1771 4501 1854 4624 V⁰⁸.
1870 4518 2046 4593 ⁶⁰ffl¹³⁵¹¹⁸
2069 4506 2113 4573 de
2135 4529 2191 4573 “¹²
2213 4506 2367 4585 'mum’
2395 4506 2462 4575 '⁸0d
2489 4501 2590 4576 ”⁰¹¹⁵

559 4676 594 4733 e,
622 4660 812 4750 mmmm·
874 4654 944 4727 Nec
974 4666 1133 4744 pugnam
1158 4648 1243 4722 hm
1266 4654 1438 4740 intem,
1470 4680 1546 4729 non
1599 4620 1704 4675 vertit
1728 4606 1817 4673 illud
1844 4632 1882 4675 ro
1902 4610 2057 4691 bouum,
2080 4619 2118 4676 ut
2137 4606 2303 4676 exaltaret
2320 4632 2392 4689 me,
2420 4620 2453 4677 et
2471 4609 2591 4678 salros
2638 4638 2639 4707 p

558 4786 632 4833 esse
646 4763 843 4830 membrum
854 4754 1049 4834 Ecclesiae,
1078 4768 1111 4825 et
1126 4768 1244 4825 tamen
1257 4779 1331 4826 esse
1347 4760 1546 4831 membrum
1596 4711 1727 4779 famei
1744 4710 1875 4779 m⁰¹¹⁰⁸
1893 4709 2053 4801 P⁰p⁰¹⁰³·
2114 4704 2187 4777 Nec
2204 4708 2308 4817 ‘'¹¹¹¹’-
2322 4732 2387 4779 ΜΕ
2398 4712 2593 4833 J'PPWJW‘·

561 4840 704 4957 politiae
726 4862 843 4941 illius,
866 4881 956 4952 quae
980 4870 1066 4927 tunc
1087 4857 1309 4929 domicilium
1335 4858 1545 4932 eratEccle-
1599 4822 1797 4980 iessmfvit
1811 4808 2320 4980 Demgnemessymnf‘mm’
2347 4837 2407 4931 ‘1¹¹¹
2418 4828 2592 4935 “flevnlffi

559 4967 641 5037 siae.
698 4959 803 5033 Certe
824 4962 1016 5030 alssnrdum
1040 4972 1129 5029 esset
1152 4960 1290 5047 dicere,
1321 4960 1546 5035 Sadducaeos
1598 4938 1636 4982 ¹⁰
1677 4936 1852 4995 ‘cem’
1877 4936 1913 4981 ⁸⁰
1957 4924 2456 4985 ¹⁰⁰²³⁵⁸²e¹¹¹¹¹⁸⁰⁰⁰⁵¹¹¹⁰¹h
2498 4918 2590 4987 Πιθ-

558 5068 610 5137 s·
777 5066 799 5131 1,
855 5060 884 5133 Ε
924 5062 935 5129 1
977 5061 986 5078 ·
1355 5066 1364 5083 ·
1599 5013 1702 5083 bolus
1732 5026 1883 5083 conatur
1913 5016 2061 5104 perdere
2095 5010 2240 5105 loseph,
2271 5017 2330 5083 sed
2354 5012 2450 5083 Deos
2475 5036 2592 5093 servat
2637 5048 2638 5051 ¹

575 5087 775 5139 mssemern
803 5088 840 5131 ra
886 5084 1047 5145 etesiae,
1072 5065 1545 5155 quostameufurssemem.
1598 5138 1699 5199 eum,
1723 5128 1757 5185 et
1781 5110 1866 5185 hm
1891 5115 1965 5206 ipsa
1989 5116 2166 5185 calamitas
2193 5118 2247 5193 fit·
2274 5114 2591 5206 Deoguhemame
2637 5104 2638 5163 3

1598 5219 1745 5287 modum
1768 5220 1812 5287 ad
1833 5218 2020 5287 salutarem
2045 5219 2187 5293 exitum.
2237 5216 2289 5291 lta
2313 5221 2461 5291 consilia
2481 5239 2516 5294 et
2536 5230 2590 5295 di·
2637 5218 2638 5297 l

662 5318 716 5388 De
733 5318 884 5387 secunda
900 5314 1103 5408 quaestione
1121 5318 1335 5407 respondeo:
1361 5316 1455 5407 Quia
1473 5320 1546 5389 dis·
1599 5331 1652 5389 cta
1667 5313 1825 5411 Caiphae
1846 5320 2010 5389 damnata
2025 5336 2124 5402 sunt,
2150 5323 2208 5390 scd
2227 5316 2294 5392 hoc
2308 5321 2424 5413 ipsum
2442 5325 2592 5417 dictum,

561 5423 738 5492 ceruimus
762 5416 955 5489 Ecclesiam
985 5434 1017 5487 et
1047 5418 1206 5505 politiam
1236 5418 1275 5487 in
1305 5420 1369 5489 illo
1401 5420 1571 5521 populo„
1599 5424 1695 5516 quod
1718 5422 1794 5515 ipse
1817 5422 1926 5519 impia
1953 5422 2133 5493 voluntate
2155 5425 2309 5515 profert,
2337 5426 2372 5495 lit
2396 5430 2527 5501 modus
2544 5438 2589 5503 ad

560 5524 794 5593 concedamus
817 5514 989 5607 Caipham
1026 5519 1133 5587 foisse
1163 5518 1368 5590 Pontificem
1400 5525 1572 5628 politiae,
1599 5524 1730 5595 exitum
1766 5524 1952 5594 salutarem
1984 5519 2141 5592 humano
2171 5527 2311 5613 generi,
2352 5526 2428 5596 Deo
2459 5534 2590 5617 guber-

563 5628 680 5709 istius,
706 5625 841 5693 etiamsi
863 5636 936 5692 erat
961 5617 1071 5689 hostis
1085 5620 1278 5704 Ecclesiae,
1304 5636 1344 5692 ut
1358 5648 1437 5693 cum
1455 5624 1548 5697 Sad-
1568 5638 1571 5677 ¹
1599 5640 1724 5707 nante,
1751 5640 1784 5694 et
1802 5626 1851 5693 sic
1868 5625 2329 5716 praecipuemagistratuum
2345 5630 2590 5705 fororesDeus

562 5730 712 5794 ‹lucaeus
734 5726 861 5809 aliquis
879 5736 952 5792 erat
969 5720 1142 5792 Pontifex.
1195 5722 1394 5809 siclum,
1418 5725 1546 5795 Mene·
1599 5729 1703 5797 vertit
1719 5730 1761 5796 ad
1781 5722 1957 5796 Ecclesiae
1971 5730 2117 5801 bonum.
2172 5726 2296 5797 Versio
2313 5728 2371 5797 illa
2390 5733 2433 5799 ad
2452 5733 2588 5807 bonurn

564 5828 702 5901 siolaus,
743 5825 903 5895 Alcimus
935 5840 1036 5895 erant
1063 5821 1269 5907 Pontifices,
1312 5849 1392 5894 curu
1423 5851 1545 5897 revera
1599 5843 1651 5900 est
1672 5826 1739 5899 Dei
1769 5852 1877 5917 opus,
1914 5830 2002 5898 sicot
2034 5828 2151 5922 inquit
2176 5824 2321 5921 loseph:
2355 5828 2451 5902 Deus
2480 5841 2587 5911 vertit

561 5944 675 6000 esseut
693 5923 810 5998 hostes
827 5926 1014 5999 Ecclesiae.
1599 5931 1743 6017 illudio
1760 5930 1907 5999 honum.

559 5173 624 5242 bra
639 5167 738 5238 illius
752 5164 896 5258 politiae
910 5165 1066 5234 fortassis
1081 5178 1172 5235 recte
1187 5165 1258 5234 dici
1275 5180 1401 5257 potest.
