5825 6950
536 626 612 705 oto
1051 710 1062 730 .
1135 612 1264 689 ertu.
1289 606 1410 686 Men.
1436 604 1649 715 scotera
1675 602 1981 685 nxuouttct.
2162 630 2182 691 ,·
2500 609 2583 681 stu

540 798 866 895 interpretationem
898 806 935 865 et
961 792 1065 883 leges.
1115 782 1171 857 De
1201 781 1268 855 hac
1294 807 1333 853 re
1354 776 1422 854 boc
1443 793 1534 851 tem·
1587 784 1685 875 prod
1715 782 1821 854 multi
1852 782 1904 875 pii
1925 776 2098 869 homines·
2114 794 2258 873 propter
2279 782 2494 857 traditiones
2514 779 2583 855 hu-

543 930 631 1001 pore
644 902 829 975 dimicatio
845 912 915 982 est,
940 911 974 968 et
990 916 1056 963 nos
1077 890 1291 961 atrocissime
1314 898 1480 990 accusant¹
1501 896 1535 951 et
1588 910 1729 971 manas,
1762 887 1848 955 item
1869 885 1973 959 multi
1996 885 2044 975 pii
2071 888 2269 965 sacerdotes
2292 900 2436 977 propter
2457 887 2585 957 contu.

547 1019 776 1087 execrantur,
801 1017 971 1094 tanquam
988 992 1108 1065 hostes
1125 990 1301 1059 Ecclesiae
1316 983 1454 1066 Dei,et
1470 1010 1535 1055 no·
1588 989 1685 1076 giurn
1720 987 2001 1069 interficiuntur,
2045 982 2152 1060 buius
2177 990 2394 1081 crudelitatis
2417 990 2585 1061 societate

545 1114 601 1185 bis
616 1109 767 1178 crimina
785 1104 946 1174 omnium
961 1098 1112 1169 maxime
1127 1096 1331 1163 detestanda
1349 1088 1535 1182 obiiciunt,
1588 1114 1624 1163 se
1640 1090 1828 1183 polluunt,
1845 1087 2073 1181 canpegius,
2088 1088 2292 1174 Sadoletus,
2306 1090 2508 1175 (assimiles,
2524 1092 2587 1183 qui

547 1227 665 1285 motae
684 1208 867 1279 seditionis
883 1206 920 1273 in
936 1198 1110 1281 Ecclesia,
1135 1210 1169 1266 et
1190 1190 1392 1287 haereseos,
1418 1204 1452 1261 et
1473 1216 1537 1259 vo·
1590 1194 1788 1282 gloriantur
1805 1216 1840 1261 se
1856 1216 1929 1264 esse
1948 1187 2157 1273 catholicos,
2191 1194 2276 1286 quia
2294 1193 2493 1265 defendant
2519 1218 2586 1285 po-

549 1328 630 1389 cant
645 1337 711 1383 nos
725 1327 801 1384 tum
815 1302 1075 1385 schismaticos,
1102 1307 1176 1368 tum
1194 1292 1400 1367 haereticos.
1590 1296 1702 1365 tisiam
1720 1294 1946 1384 pontificiam,

651 1413 725 1485 Nec
740 1412 856 1483 verbis
878 1404 1044 1497 explicari
1072 1414 1203 1492 potest,
1236 1411 1409 1492 quantum
1429 1391 1538 1465 homo
1693 1394 1815 1467 Tertia
1846 1398 2088 1481 confirmatio,
2128 1399 2227 1490 quod
2262 1398 2490 1469 manifestum
2537 1412 2589 1467 est

534 1518 739 1599 honestus,
778 1512 840 1608 qui
867 1533 941 1581 non
965 1506 1043 1576 vult
1070 1527 1107 1573 se
1138 1497 1317 1593 perhiberi
1346 1496 1539 1589 perniciem
1592 1501 1799 1569 mandatum
1817 1494 1904 1597 Deis
1925 1498 2052 1588 Fugite
2068 1488 2490 1591 idola,anteponendum
2513 1524 2589 1569 ως

551 1646 625 1693 esse
639 1618 777 1709 generis
794 1612 959 1694 humani,
984 1607 1161 1679 crucietur
1174 1600 1231 1673 his
1249 1600 1435 1684 conviciis,
1467 1600 1539 1671 imo
1593 1602 1825 1684 concordiae,
1869 1603 2090 1671 etomnibus
2114 1604 2218 1671 rebus
2242 1597 2430 1686 humanis,
2466 1626 2508 1671 ac
2534 1604 2590 1671 di·

550 1725 691 1799 facilius
721 1732 810 1789 esset
838 1714 959 1785 multis
991 1710 1144 1801 perferre
1173 1708 1348 1777 cruciatus
1382 1701 1541 1793 corporis
1594 1721 1688 1779 ctum
1704 1704 1794 1773 illud
1812 1701 1974 1797 Dionysii
1992 1705 2112 1777 dextre
2129 1705 2469 1792 intelligendumese
2485 1708 2534 1773 de
2554 1730 2589 1773 a,

440 1860 451 1875 .
551 1825 813 1904 acerbissimos,
839 1809 894 1887 'ac
922 1812 1091 1896 interfici,
1131 1833 1238 1903 quam
1267 1803 1354 1879 haec
1382 1804 1541 1876 convicia
1593 1808 1786 1889 sententia,
1813 1808 1857 1875 de
1875 1830 1944 1898 qua
1957 1806 2138 1899 loquitur,
2164 1796 2302 1879 confert
2326 1808 2420 1877 idola
2445 1821 2479 1877 et
2503 1803 2591 1877 hac·

551 1930 687 2003 auclirc.
745 1920 857 1995 Multi
886 1920 992 1988 etiam
1020 1928 1117 1984 metu
1147 1908 1276 1981 horum
1301 1908 1541 1980 conviciorum
1594 1934 1698 1982 reses·
1749 1904 1820 1977 Hic
1839 1909 2101 1985 rectedieitur:
2128 1932 2205 1981 non
2227 1910 2347 1981 minus
2367 1912 2481 1980 scelus
2501 1934 2593 1995 esse,

551 2034 695 2121 fugiunt
713 2023 968 2121 professionem
990 2016 1162 2087 veritatis.
1213 2010 1298 2083 Ideo
1326 2034 1466 2081 necesse
1491 2024 1542 2079 est
1595 2014 1681 2081 falsa
1695 2012 1859 2101 dogmata
1874 2033 2010 2095 serere,
2034 2034 2142 2104 quarn
2158 2012 2254 2081 idola
2269 2014 2395 2083 colere.
2449 2014 2592 2101 Dispu.

554 2138 633 2227 pios
663 2134 753 2201 bene
785 2126 1010 2197 confirmatos
1040 2132 1074 2189 ct
1103 2116 1259 2187 munitos
1281 2138 1353 2184 esse
1375 2116 1543 2183 adversus
1596 2128 1647 2185 tat
1674 2113 1768 2181 enim
1794 2126 1915 2183 contra
1937 2110 2128 2184 Nouatum.
2188 2112 2337 2189 Constat
2358 2126 2477 2185 autem
2503 2112 2593 2183 Mo·

554 2230 913 2309 hancobiectionem.
965 2220 1055 2293 Nam
1069 2220 1226 2313 profecto
1243 2239 1347 2290 sanos
1367 2231 1401 2288 et
1420 2216 1544 2283 mode·
1596 2212 1729 2287 nucleos
1743 2228 1777 2285 et
1792 2216 1924 2283 similes
1939 2217 2029 2285 tucri
2047 2217 2251 2301 manifestos
2269 2216 2592 2303 idolorumcultus‚

555 2354 650 2411 ratos
665 2332 828 2404 homines
843 2352 918 2399 non
932 2326 1057 2396 leviter
1073 2323 1260 2391 vulnerant
1286 2320 1347 2387 illa
1372 2329 1544 2389 venenata
1596 2320 1728 2389 seilicet
1752 2318 2013 2387 invocationem
2041 2332 2265 2389 mortuorum
2296 2320 2340 2386 ,d
2372 2334 2484 2390 cerm
2519 2335 2594 2391 m·

555 2438 761 2521 malcdicta,
800 2428 1006 2524 praesertim
1041 2424 1236 2503 atalihus,
1276 2421 1338 2516 qui
1362 2420 1545 2491 doctrinae
1598 2439 1693 2505 tuas,
1724 2434 1758 2489 et
1783 2415 1981 2492 horrendas
2001 2421 2266 2512 profanationes
2289 2444 2419 2492 coenae
2437 2420 2592 2493 Domini

556 2560 591 2615 et
607 2540 747 2611 virtutis
763 2534 970 2626 opinionem
985 2524 1118 2599 habent
1132 2526 1287 2609 obiecta,
1323 2536 1358 2592 et
1375 2522 1546 2593 accedunt
1598 2526 1636 2595 in
1659 2521 1780 2592 Missis
1809 2523 1996 2593 venalibus
2029 2536 2064 2593 ep
2092 2524 2316 2595 funebribus·
2375 2521 2469 2594 Hm
2489 2527 2591 2594 mm

557 2647 669 2717 merita
683 2639 865 2720 scandala,
898 2657 989 2728 quae
1010 2631 1146 2701 faciunt
1171 2626 1450 2719 plausibiliorem
1476 2623 1545 2694 cri·
1598 2629 1686 2697 adeo
1704 2625 1887 2703 manifesta
1900 2638 1999 2709 sunt,
2015 2640 2055 2697 ut
2069 2626 2225 2695 excusari
2242 2649 2316 2695 non
2333 2626 2473 2715 possint,
2489 2650 2593 2719 quse,

557 2745 805 2819 minationem.
823 2756 826 2764 ’
857 2736 966 2809 Multi
987 2746 1070 2805 sunt
1085 2731 1154 2800 vici
1169 2752 1310 2819 graves,
1335 2750 1446 2811 senes,
1463 2750 1546 2795 eru·
1598 2742 1717 2801 tamen
1734 2728 1781 2797 ita
1797 2728 2014 2813 defendunt,
2035 2742 2075 2799 ut
2090 2728 2247 2799 stabilire
2262 2742 2454 2812 conentur,
2479 2742 2519 2798 et
2534 2729 2597 2799 in.
2650 2703 2651 2775 l

560 2853 645 2934 diti,
683 2854 900 2938 praestantes
930 2837 1080 2919 virtute,
1118 2832 1180 2927 qui
1208 2828 1366 2922 Reipub.
1397 2828 1545 2899 consilia
1600 2831 1773 2903 terliciant
1787 2853 1847 2899 eos
1863 2830 1925 2922 qui
1941 2830 2168 2902 dissentiunt,

559 2955 623 3024 diu
651 2950 957 3041 gubernaverunt,
995 2951 1036 3009 ut
1059 2932 1289 3027 Cardinales,
1321 2930 1546 3037 Campegius,
1618 2962 1625 2977 ¹
1701 2930 1837 3021 Quarta
1851 2932 2093 3012 confirmatio,
2124 2933 2190 3003 etsi
2210 2932 2420 3005 diiudicatio
2444 2935 2598 3023 dogma.

557 3056 799 3129 Contarenus,
831 3046 1037 3125 sadoletus,
1069 3054 1103 3111 et
1126 3036 1277 3123 similes,
1309 3035 1371 3128 qui
1402 3056 1468 3103 uos
1489 3056 1548 3103 ac·
1599 3049 1675 3107 tum
1690 3035 1843 3105 innocus
1860 3034 2016 3105 difficilis
2036 3046 2106 3117 est,
2140 3049 2258 3105 tamen
2283 3036 2417 3105 eruditi
2443 3051 2599 3127 possunt
2652 3061 2653 3065 ¹

559 3168 702 3239 cusont,
728 3153 881 3244 primum
898 3146 992 3239 quod
1010 3143 1097 3212 falso
1113 3136 1306 3209 Ecclesiam
1321 3151 1498 3219 texemus,
1514 3149 1549 3207 et
1600 3139 1721 3208 videre
1736 3137 1945 3221 discrimen,
1973 3151 2006 3206 et
2024 3137 2221 3226 intelligere
2236 3162 2300 3209 cur
2315 3162 2388 3207 non
2404 3139 2452 3208 sit
2476 3162 2598 3207 assen-

560 3258 654 3333 hauc
680 3256 805 3326 dicunt
834 3251 1012 3337 alligatam
1043 3268 1117 3315 esse
1140 3242 1185 3313 ad
1209 3238 1317 3314 Rom.
1341 3236 1547 3310 Pontificem
1601 3242 1760 3312 tiendum
1786 3240 1967 3311 erroribus
1984 3233 2260 3312 olonaeborun.
2319 3236 2364 3309 Et
2388 3262 2600 3334 qumquem
2653 3239 2654 3251 ’

549 3380 596 3435 '²¹
617 3359 876 3451 Efl⁵⁰⁰ll⁰f⁰¹⁰
909 3347 1127 3420 “diffidam
1163 3342 1441 3424 ⁸¹¹⁰⁰⁰⁸⁸l⁰¹⁸effls
1482 3335 1548 3411 hos
1601 3343 1847 3413 nuncmultos
1868 3342 2071 3411 manifestos
2094 3366 2230 3413 errores
2253 3342 2411 3433 profiteri
2431 3366 2514 3412 non
2539 3370 2602 3415 su.

561 3475 692 3554 ”⁰8³¹st
718 3450 836 3530 ‘mi‘
868 3477 968 3548 P⁰⁵⁵⁰
996 3451 1035 3520 5¹¹
1064 3445 1269 3518 ⁰⁰⁰⁰⁵⁵³f33⁸
1304 3446 1350 3516 ad
1388 3443 1549 3514 &eluiem-
1602 3448 1706 3532 deut,
1737 3458 1770 3516 ct
1794 3445 1923 3516 fucosis
1945 3445 2299 3535 interpretationibus
2319 3446 2513 3534 mitigant,
2549 3464 2603 3518 ss.
2654 3419 2655 3488 l

561 3567 700 3640 Deinde
724 3563 878 3641 addunt,
919 3552 1058 3626 etiamsi
1080 3551 1167 3644 quid
1191 3548 1234 3620 sit
1258 3547 1422 3639 erroris,
1444 3569 1548 3645 expe·
1602 3570 2002 3620 mennervoserrorum
2028 3548 2195 3618 retinent.
2248 3543 2386 3616 Onnes
2408 3550 2605 3618 universa-

561 3670 727 3742 ctandam
757 3686 830 3733 esse
861 3656 1145 3728 emendationem
1175 3652 1221 3720 ab
1242 3647 1424 3721 ordinaria
1447 3663 1549 3740 pote·
1602 3645 2006 3720 litcrdefendunthanc
2027 3650 2327 3738 propositionem,
2360 3651 2462 3742 mraod
2490 3648 2605 3724 homo

561 3787 668 3852 state,
696 3792 760 3837 nec
778 3763 970 3834 movendas
987 3755 1190 3828 seditiones.
1209 3845 1213 3854 ι
1240 3751 1335 3840 Quia
1360 3775 1460 3820 error
1483 3751 1550 3820 mi·
1602 3776 1742 3840 semper
1760 3754 1887 3822 debeat
1902 3751 2065 3824 dubitare
2081 3756 2125 3822 de
2139 3752 2347 3822 remissione
2361 3766 2607 3843 pcccatorum,

561 3899 631 3945 nus
658 3870 792 3941 malum
815 3867 878 3949 sit,
920 3885 1025 3956 quam
1048 3857 1197 3938 seditio,
1227 3868 1261 3923 et
1285 3855 1394 3924 citant
1412 3854 1548 3924 dictum
1602 3869 1636 3926 et
1656 3851 2021 3927 hancdubitationem
2042 3879 2117 3926 esse
2143 3857 2236 3944 piam
2259 3857 2499 3925 reverentiam
2523 3881 2607 3948 erga

562 3972 731 4070 Dionysii
745 3963 979 4040 Alexandrini
997 3965 1090 4052 apud
1106 3955 1237 4030 Euseh.
1263 3955 1327 4025 lib.
1349 3955 1401 4028 6.:
1436 3957 1550 4025 maius
1603 3956 1729 4028 Deum.
1783 3958 1836 4026 lta
1852 3959 2061 4048 relinquunt
2076 3953 2278 4040 Christum,
2304 3971 2339 4026 et
2360 3959 2517 4030 abolent
2541 3964 2607 4030 do.

563 4079 676 4150 scelus
706 4097 778 4143 csse
801 4070 962 4139 scindere
981 4059 1194 4143 Ecclesiam,
1234 4083 1340 4150 qnam
1368 4059 1473 4126 idolis
1494 4083 1551 4128 sa·
1602 4061 1752 4130 ctrinam
1781 4061 1825 4130 de
1857 4059 1925 4130 fide
1955 4071 1989 4128 et
2019 4060 2265 4139 invocatione,
2302 4082 2393 4152 quae
2414 4060 2501 4128 fieri
2530 4087 2607 4132 non

563 4182 730 4253 ccilicare.
782 4169 877 4241 Haec
893 4168 1006 4238 oratio
1023 4163 1126 4232 valde
1148 4159 1348 4252 plausibilis
1372 4175 1442 4241 est,
1469 4161 1566 4251 ideo·
1602 4175 1737 4254 potest,
1780 4184 1862 4229 cum
1895 4184 1994 4229 meus
2016 4162 2105 4249 fugit
2130 4159 2265 4241 Deum,
2306 4159 2393 4231 etei
2417 4162 2609 4256 irascitur,

562 4285 631 4377 piis
645 4277 866 4375 quaerendae
883 4282 967 4339 sunt
984 4265 1268 4336 confirmationes
1282 4271 1404 4350 verae,
1426 4278 1460 4334 et
1476 4285 1550 4332 uon
1604 4288 1683 4333 cum
1713 4263 1751 4330 in
1786 4287 1868 4332 sero
1903 4287 2032 4354 pavore
2062 4262 2239 4332 dubitatio
2262 4263 2397 4335 crescit.
2458 4263 2614 4357 Pugnat

561 4388 719 4465 f⁰c⁰³³02
745 4378 790 4448 ad
807 4371 871 4465 ¹¹³}
887 4369 1102 4442 ⁰b3⁰cll⁰¹¹²⁸
1121 4367 1336 4436 refulassdas·
1604 4388 1685 4452 ergo
1706 4365 1850 4433 illorum
1869 4357 2174 4454 imaginatio'cum
2192 4355 2249 4434 his
2265 4365 2383 4434 dictis:
2413 4361 2615 4439 iustificati

666 4483 719 4558 Ac
733 4481 847 4574 prima
864 4469 1086 4544 confirmatio
1104 4469 1208 4538 nobis
1224 4483 1272 4538 est
1289 4462 1374 4538 haec
1390 4491 1491 4548 vera,
1517 4481 1551 4538 et
1605 4468 1671 4536 lide
1706 4491 1826 4564 pacem
1868 4461 2049 4538 habemus.
2111 4462 2218 4536 Item:
2260 4462 2486 4538 Accedamus
2521 4495 2613 4541 cum

563 4615 654 4688 quae
670 4584 781 4658 taxari
796 4603 870 4652 uon
887 4588 1014 4668 potest.
1065 4569 1122 4640 Illi
1140 4571 1200 4664 qui
1217 4595 1257 4640 ex
1274 4571 1411 4660 animo,
1428 4584 1464 4639 et
1478 4593 1551 4638 non
1604 4569 1730 4638 fiducia
1752 4570 1795 4636 ad
1822 4563 1992 4640 thronum
2018 4568 2167 4655 gratiae.
2202 4569 2367 4640 acmulti
2391 4593 2544 4642 errores
2571 4579 2618 4644 de

563 4693 726 4767 simulate
749 4691 944 4777 provocant
964 4678 1009 4746 ad
1033 4671 1161 4745 iudicia
1185 4667 1381 4756 Ecclesiae,
1416 4677 1551 4763 ne'qna-
1603 4671 1809 4740 discrimine
1832 4671 1917 4759 legis
1941 4685 1974 4741 et
1999 4668 2186 4758 Evangelii
2211 4670 2377 4762 impliciti
2400 4689 2488 4743 ,um
2521 4667 2618 4748 huic

563 4819 670 4892 quam
701 4801 785 4862 sunt
813 4781 931 4856 hostes
958 4775 1153 4860 Ecclesiae,
1194 4788 1253 4843 aut
1283 4773 1459 4856 seditiosi,
1490 4786 1552 4842 aut
1604 4796 1726 4842 eorenn
1759 4773 2016 4862 imaginationi.
2077 4761 2309 4844 Manifestum
2341 4775 2542 4847 est'etiam
2572 4783 2622 4848 li.

563 4892 796 4976 schismatici,
835 4897 897 4958 aul
927 4878 1107 4952 haeretici.
1173 4873 1266 4964 Quia
1279 4875 1457 4965 scriptum
1483 4889 1550 4944 est:
1604 4875 1887 4946 bruscorumde
1913 4874 2212 4948 satisfactionibus
2239 4870 2437 4960 canonicis,
2473 4881 2620 4975 polenos

564 5001 602 5073 Si
620 4995 814 5068 Ecclesiam
831 5011 905 5058 non
921 4961 1093 5066 audieris,
1117 4979 1164 5050 sit
1177 4977 1246 5047 tibi
1266 4976 1362 5046 velut
1379 4971 1552 5047 Ethnicus
1575 4927 1580 5026 Ι
1604 5000 1678 5048 esse
1694 5001 1853 5048 errorum
1869 4991 1904 5046 et
1920 4978 2165 5060 tenebrarum„
2190 4977 2457 5048 obscurantium
2475 4978 2623 5052 Evan-

565 5116 627 5172 aut
642 5097 867 5168 Publicanos.
919 5087 1112 5182 Tantisper
1125 5081 1235 5170 igitur
1256 5079 1368 5147 donec
1392 5101 1464 5148 non
1490 5081 1552 5150 de.
1577 5031 1580 5164 Ι
1604 5081 1748 5170 genum·
1798 5079 1963 5171 Denique
1977 5093 2113 5150 mmm
2127 5091 2198 5162 en,
2225 5081 2270 5148 de
2285 5080 2496 5149 remissione
2527 5109 2623 5172 pec*

564 5203 655 5292 fugit
677 5197 848 5268 iudicium
874 5187 1071 5273 Ecclesiae,
1103 5207 1177 5254 non
1202 5194 1314 5274 potest
1338 5181 1410 5250 dici
1431 5177 1552 5268 hostis,
1577 5171 1580 5239 l
1605 5197 1764 5254 catorum
1783 5206 1855 5250 non
1875 5196 1969 5252 reete
1992 5170 2090 5274 loqui
2116 5203 2241 5250 eonem
2262 5180 2397 5265 libros,
2430 5197 2466 5252 et
2490 5187 2626 5258 silen-

565 5321 625 5376 ΜΠ
642 5298 895 5373 ὓώῖῦῐΰὸῑίΰῦθ·
1605 5287 1694 5358 tium
1721 5307 1793 5353 esse
1814 5285 1859 5352 de
1882 5284 1950 5352 fide
1979 5283 2176 5374 accipiente
2208 5283 2452 5352 remissionem
2478 5309 2626 5377 pecca.

666 5404 828 5474 Secunda
846 5413 897 5469 est
915 5415 1028 5466 crassa
1046 5383 1278 5468 confirmatio,
1292 5388 1552 5479 quoquomodo
1605 5401 1735 5458 torum.
1798 5382 1875 5453 lmo
1898 5386 2115 5456 contrarium
2138 5386 2264 5474 dogma
2298 5385 2481 5465 defendi,
2503 5399 2627 5485 quod

564 5533 637 5582 δεῦε
660 5503 794 5576 habent
893 5519 972 5566 &³⁸
995 5488 1279 5582 dispulsslionssss
1315 5483 1382 5558 hoc
1404 5501 1554 5574 constat,
1606 5511 1743 5577 semper
1760 5486 1805 5556 sit
1821 5488 2059 5558 dubitandum
2076 5489 2121 5557 de
2143 5487 2360 5556 remissione.
2422 5486 2532 5562 Haec
2558 5521 2627 5568 rc-

562 5599 989 5685 nosnondeberesoeios
1013 5616 1087 5664 esse
1109 5589 1380 5662 manifestorum
1406 5592 1553 5681 parrici-
1606 5585 1779 5681 prehendi
1799 5603 2027 5672 necesseest,
2061 5590 2117 5659 vel
2135 5589 2168 5660 si
2194 5589 2326 5660 fractus
2350 5587 2522 5664 illabitur
2552 5623 2627 5671 01·-

562 5719 724 5796 diorum,
738 5710 829 5777 sicut
845 5703 1013 5788 scriptum
1031 5709 1097 5764 cst:
1114 5692 1195 5763 Non
1205 5695 1452 5763 communices
1466 5695 1552 5760 alie·
1606 5693 1687 5786 bis:¹
1719 5693 1802 5784 quia
1826 5691 2058 5780 Evangelium
2085 5689 2237 5762 affirmat
2261 5685 2354 5760 hanc
2374 5699 2628 5790 sententiam,

561 5821 618 5889 nis
649 5813 812 5909 peccatis.
875 5802 971 5874 Sunt
995 5811 1113 5868 autem
1145 5795 1328 5864 manifesta
1353 5795 1554 5886 parricidia,
1608 5795 1702 5886 qttod
1719 5809 1865 5891 propter
1881 5795 1992 5864 lilium
2011 5791 2076 5864 Dei
2096 5793 2326 5864 mediatorem
2347 5795 2457 5882 gratis
2472 5799 2630 5876 aliem.
