<?xml version="1.0" encoding="UTF-8"?>
<!DOCTYPE html PUBLIC "-//W3C//DTD XHTML 1.0 Transitional//EN"
    "http://www.w3.org/TR/xhtml1/DTD/xhtml1-transitional.dtd">
<html xmlns="http://www.w3.org/1999/xhtml" xml:lang="en" lang="en">
 <head>
  <title>
</title>
<meta http-equiv="Content-Type" content="text/html;charset=utf-8" />
  <meta name='ocr-system' content='tesseract 3.04.00' />
  <meta name='ocr-capabilities' content='ocr_page ocr_carea ocr_par ocr_line ocrx_word'/>
</head>
<body>
  <div class='ocr_page' id='page_1' title='image "./philippimelanth08bindgoog_0422.png"; bbox 0 0 5825 6950; ppageno 0'>
   <div class='ocr_carea' id='block_1_1' title="bbox 377 725 2413 838">
    <p class='ocr_par' dir='ltr' id='par_1_1' title="bbox 377 725 2413 838">
     <span class='ocr_line' id='line_1_1' title="bbox 377 725 2413 838; baseline 0.011 -26"><span class='ocrx_word' id='word_1_1' title='bbox 377 733 454 812; x_wconf 74' lang='lat'>806</span> <span class='ocrx_word' id='word_1_2' title='bbox 555 725 660 817; x_wconf 77' lang='lat' dir='ltr'><strong>XIII.</strong></span> <span class='ocrx_word' id='word_1_3' title='bbox 709 737 746 812; x_wconf 78' lang='lat' dir='ltr'>d.</span> <span class='ocrx_word' id='word_1_4' title='bbox 770 729 1073 813; x_wconf 74' lang='lat' dir='ltr'>mantano</span> <span class='ocrx_word' id='word_1_5' title='bbox 1098 731 1431 831; x_wconf 69' lang='lat' dir='ltr'>tonsuratur</span> <span class='ocrx_word' id='word_1_6' title='bbox 1455 731 1525 810; x_wconf 84' lang='lat' dir='ltr'>AD</span> <span class='ocrx_word' id='word_1_7' title='bbox 1541 731 1823 838; x_wconf 54' lang='lat' dir='ltr'>‚nonanus</span> <span class='ocrx_word' id='word_1_8' title='bbox 1869 737 2248 832; x_wconf 80' lang='lat' dir='ltr'><strong>ARGUMENTUM.</strong></span> <span class='ocrx_word' id='word_1_9' title='bbox 2337 757 2413 834; x_wconf 73' lang='grc'>806</span> 
     </span>
    </p>
   </div>
   <div class='ocr_carea' id='block_1_2' title="bbox 291 906 2517 5897">
    <p class='ocr_par' dir='ltr' id='par_1_2' title="bbox 291 906 2517 5897">
     <span class='ocr_line' id='line_1_2' title="bbox 291 906 2409 1069; baseline 0.008 -87"><span class='ocrx_word' id='word_1_10' title='bbox 291 906 301 1069; x_wconf 62' lang='lat' dir='ltr'>&#39;p</span> <span class='ocrx_word' id='word_1_11' title='bbox 373 909 487 982; x_wconf 76' lang='lat' dir='ltr'>Erant</span> <span class='ocrx_word' id='word_1_12' title='bbox 510 907 638 992; x_wconf 83' lang='lat' dir='ltr'>etiam,</span> <span class='ocrx_word' id='word_1_13' title='bbox 659 911 862 986; x_wconf 72' lang='lat' dir='ltr'>cumidem</span> <span class='ocrx_word' id='word_1_14' title='bbox 880 909 1093 1000; x_wconf 72' lang='lat' dir='ltr'>¹intelligunt</span> <span class='ocrx_word' id='word_1_15' title='bbox 1109 921 1248 983; x_wconf 87' lang='lat' dir='ltr'>tanturn</span> <span class='ocrx_word' id='word_1_16' title='bbox 1269 909 1367 980; x_wconf 90' lang='lat' dir='ltr'>noti·</span> <span class='ocrx_word' id='word_1_17' title='bbox 1418 906 1596 980; x_wconf 77' lang='lat' dir='ltr'>mediator</span> <span class='ocrx_word' id='word_1_18' title='bbox 1615 908 1714 985; x_wconf 85' lang='lat' dir='ltr'>velut</span> <span class='ocrx_word' id='word_1_19' title='bbox 1734 910 2003 998; x_wconf 79' lang='lat' dir='ltr'>umbraculum,</span> <span class='ocrx_word' id='word_1_20' title='bbox 2027 919 2243 1012; x_wconf 84' lang='lat' dir='ltr'>amplectens</span> <span class='ocrx_word' id='word_1_21' title='bbox 2263 949 2348 1012; x_wconf 84' lang='lat' dir='ltr'>nos.</span> <span class='ocrx_word' id='word_1_22' title='bbox 2373 943 2409 1006; x_wconf 84' lang='lat' dir='ltr'>et</span> 
     </span>
     <span class='ocr_line' id='line_1_3' title="bbox 297 1006 2407 1115; baseline 0.01 -33"><span class='ocrx_word' id='word_1_23' title='bbox 297 1090 302 1099; x_wconf 52' lang='grc'>,</span> <span class='ocrx_word' id='word_1_24' title='bbox 375 1014 465 1082; x_wconf 88' lang='lat' dir='ltr'>ciam</span> <span class='ocrx_word' id='word_1_25' title='bbox 483 1006 673 1100; x_wconf 84' lang='lat' dir='ltr'>historiae,</span> <span class='ocrx_word' id='word_1_26' title='bbox 690 1027 727 1084; x_wconf 88' lang='lat' dir='ltr'>et</span> <span class='ocrx_word' id='word_1_27' title='bbox 744 1014 870 1086; x_wconf 87' lang='lat' dir='ltr'>iubent</span> <span class='ocrx_word' id='word_1_28' title='bbox 889 1008 1053 1084; x_wconf 89' lang='lat' dir='ltr'>homines</span> <span class='ocrx_word' id='word_1_29' title='bbox 1066 1035 1206 1103; x_wconf 88' lang='lat' dir='ltr'>semper</span> <span class='ocrx_word' id='word_1_30' title='bbox 1223 1035 1367 1084; x_wconf 87' lang='lat' dir='ltr'>manere</span> <span class='ocrx_word' id='word_1_31' title='bbox 1420 1024 1541 1098; x_wconf 80' lang='lat' dir='ltr'>tegens</span> <span class='ocrx_word' id='word_1_32' title='bbox 1563 1026 1703 1082; x_wconf 88' lang='lat' dir='ltr'>nostras</span> <span class='ocrx_word' id='word_1_33' title='bbox 1726 1015 1865 1101; x_wconf 89' lang='lat' dir='ltr'>sordes,</span> <span class='ocrx_word' id='word_1_34' title='bbox 1890 1031 2083 1110; x_wconf 77' lang='lat' dir='ltr'>eapropter</span> <span class='ocrx_word' id='word_1_35' title='bbox 2096 1021 2212 1115; x_wconf 74' lang='lat' dir='ltr'>ipsum</span> <span class='ocrx_word' id='word_1_36' title='bbox 2228 1051 2295 1102; x_wconf 84' lang='lat' dir='ltr'>nos</span> <span class='ocrx_word' id='word_1_37' title='bbox 2310 1047 2407 1106; x_wconf 87' lang='lat' dir='ltr'>certo</span> 
     </span>
     <span class='ocr_line' id='line_1_4' title="bbox 297 1102 2404 1217; baseline 0.009 -33"><span class='ocrx_word' id='word_1_38' title='bbox 297 1102 303 1113; x_wconf 60' lang='lat'>¹</span> <span class='ocrx_word' id='word_1_39' title='bbox 375 1115 413 1184; x_wconf 92' lang='lat' dir='ltr'>io</span> <span class='ocrx_word' id='word_1_40' title='bbox 439 1115 684 1198; x_wconf 86' lang='lat' dir='ltr'>dubitatione,</span> <span class='ocrx_word' id='word_1_41' title='bbox 729 1116 815 1209; x_wconf 88' lang='lat' dir='ltr'>quia</span> <span class='ocrx_word' id='word_1_42' title='bbox 851 1114 985 1186; x_wconf 87' lang='lat' dir='ltr'>Paulus</span> <span class='ocrx_word' id='word_1_43' title='bbox 1022 1114 1207 1185; x_wconf 80' lang='lat' dir='ltr'>manifeste</span> <span class='ocrx_word' id='word_1_44' title='bbox 1235 1114 1366 1208; x_wconf 89' lang='lat' dir='ltr'>inquit,</span> <span class='ocrx_word' id='word_1_45' title='bbox 1418 1111 1545 1202; x_wconf 86' lang='lat' dir='ltr'>recipit</span> <span class='ocrx_word' id='word_1_46' title='bbox 1561 1127 1725 1184; x_wconf 87' lang='lat' dir='ltr'>aeternus</span> <span class='ocrx_word' id='word_1_47' title='bbox 1742 1129 1851 1204; x_wconf 81' lang='lat' dir='ltr'>pater.</span> <span class='ocrx_word' id='word_1_48' title='bbox 1882 1110 1983 1217; x_wconf 37' lang='lat' dir='ltr'>&#39;Huc</span> <span class='ocrx_word' id='word_1_49' title='bbox 1998 1123 2176 1214; x_wconf 89' lang='lat' dir='ltr'>pertinent</span> <span class='ocrx_word' id='word_1_50' title='bbox 2192 1123 2277 1205; x_wconf 86' lang='lat' dir='ltr'>haec</span> <span class='ocrx_word' id='word_1_51' title='bbox 2290 1131 2404 1210; x_wconf 85' lang='lat' dir='ltr'>diets:</span> 
     </span>
     <span class='ocr_line' id='line_1_5' title="bbox 374 1211 2405 1317; baseline 0.007 -29"><span class='ocrx_word' id='word_1_52' title='bbox 374 1211 532 1309; x_wconf 88' lang='lat' dir='ltr'>Oportet</span> <span class='ocrx_word' id='word_1_53' title='bbox 548 1217 818 1311; x_wconf 90' lang='lat' dir='ltr'>promissionem</span> <span class='ocrx_word' id='word_1_54' title='bbox 838 1216 909 1286; x_wconf 87' lang='lat' dir='ltr'>fide</span> <span class='ocrx_word' id='word_1_55' title='bbox 924 1214 1047 1307; x_wconf 87' lang='lat' dir='ltr'>accipi.</span> <span class='ocrx_word' id='word_1_56' title='bbox 1098 1213 1277 1310; x_wconf 86' lang='lat' dir='ltr'>Loquitur</span> <span class='ocrx_word' id='word_1_57' title='bbox 1299 1215 1365 1306; x_wconf 80' lang='lat' dir='ltr'>igi·</span> <span class='ocrx_word' id='word_1_58' title='bbox 1419 1211 1501 1282; x_wconf 87' lang='lat' dir='ltr'>Non&#39;</span> <span class='ocrx_word' id='word_1_59' title='bbox 1518 1211 1767 1288; x_wconf 83' lang='lat' dir='ltr'>iustificabitur</span> <span class='ocrx_word' id='word_1_60' title='bbox 1781 1217 1818 1290; x_wconf 89' lang='lat' dir='ltr'>in</span> <span class='ocrx_word' id='word_1_61' title='bbox 1833 1235 2024 1317; x_wconf 86' lang='lat' dir='ltr'>conspectu</span> <span class='ocrx_word' id='word_1_62' title='bbox 2047 1237 2108 1298; x_wconf 86' lang='lat' dir='ltr'>luo</span> <span class='ocrx_word' id='word_1_63' title='bbox 2128 1229 2245 1300; x_wconf 90' lang='lat' dir='ltr'>omnis</span> <span class='ocrx_word' id='word_1_64' title='bbox 2270 1235 2405 1308; x_wconf 87' lang='lat' dir='ltr'>vivens.</span> 
     </span>
     <span class='ocr_line' id='line_1_6' title="bbox 372 1310 2405 1422; baseline 0.009 -30"><span class='ocrx_word' id='word_1_65' title='bbox 372 1331 433 1392; x_wconf 86' lang='lat' dir='ltr'>tur</span> <span class='ocrx_word' id='word_1_66' title='bbox 445 1319 493 1390; x_wconf 91' lang='lat' dir='ltr'>de</span> <span class='ocrx_word' id='word_1_67' title='bbox 507 1320 595 1406; x_wconf 83' lang='lat' dir='ltr'>lide,</span> <span class='ocrx_word' id='word_1_68' title='bbox 615 1342 685 1414; x_wconf 87' lang='lat' dir='ltr'>qua</span> <span class='ocrx_word' id='word_1_69' title='bbox 702 1332 736 1392; x_wconf 87' lang='lat' dir='ltr'>et</span> <span class='ocrx_word' id='word_1_70' title='bbox 753 1333 907 1390; x_wconf 88' lang='lat' dir='ltr'>caeteros</span> <span class='ocrx_word' id='word_1_71' title='bbox 922 1317 1092 1388; x_wconf 84' lang='lat' dir='ltr'>articulos</span> <span class='ocrx_word' id='word_1_72' title='bbox 1120 1316 1209 1388; x_wconf 87' lang='lat' dir='ltr'>lidei</span> <span class='ocrx_word' id='word_1_73' title='bbox 1230 1319 1366 1409; x_wconf 88' lang='lat' dir='ltr'>ample-</span> <span class='ocrx_word' id='word_1_74' title='bbox 1418 1310 1527 1406; x_wconf 88' lang='lat' dir='ltr'>Item,</span> <span class='ocrx_word' id='word_1_75' title='bbox 1545 1319 1579 1393; x_wconf 79' lang='lat' dir='ltr'>l,</span> <span class='ocrx_word' id='word_1_76' title='bbox 1597 1312 1673 1388; x_wconf 90' lang='lat' dir='ltr'>loh.</span> <span class='ocrx_word' id='word_1_77' title='bbox 1692 1323 1744 1392; x_wconf 85' lang='lat'>1.:</span> <span class='ocrx_word' id='word_1_78' title='bbox 1772 1319 1811 1392; x_wconf 87' lang='lat' dir='ltr'>Si</span> <span class='ocrx_word' id='word_1_79' title='bbox 1828 1323 1998 1406; x_wconf 89' lang='lat' dir='ltr'>dicimus,</span> <span class='ocrx_word' id='word_1_80' title='bbox 2023 1329 2117 1420; x_wconf 90' lang='lat' dir='ltr'>quod</span> <span class='ocrx_word' id='word_1_81' title='bbox 2133 1348 2314 1422; x_wconf 86' lang='lat' dir='ltr'>peccatum</span> <span class='ocrx_word' id='word_1_82' title='bbox 2329 1361 2405 1414; x_wconf 90' lang='lat' dir='ltr'>non</span> 
     </span>
     <span class='ocr_line' id='line_1_7' title="bbox 297 1409 2404 1520; baseline 0.006 -26"><span class='ocrx_word' id='word_1_83' title='bbox 297 1463 299 1472; x_wconf 94' lang='lat'>·</span> <span class='ocrx_word' id='word_1_84' title='bbox 373 1423 526 1506; x_wconf 85' lang='lat' dir='ltr'>etimur,</span> <span class='ocrx_word' id='word_1_85' title='bbox 551 1436 586 1493; x_wconf 90' lang='lat' dir='ltr'>et</span> <span class='ocrx_word' id='word_1_86' title='bbox 606 1423 819 1493; x_wconf 83' lang='lat' dir='ltr'>assentimur</span> <span class='ocrx_word' id='word_1_87' title='bbox 834 1419 1085 1514; x_wconf 90' lang='lat' dir='ltr'>promissioni,</span> <span class='ocrx_word' id='word_1_88' title='bbox 1111 1433 1145 1490; x_wconf 90' lang='lat' dir='ltr'>et</span> <span class='ocrx_word' id='word_1_89' title='bbox 1164 1420 1363 1506; x_wconf 89' lang='lat' dir='ltr'>statuimus,</span> <span class='ocrx_word' id='word_1_90' title='bbox 1416 1409 1610 1508; x_wconf 87' lang='lat' dir='ltr'>hahemus,</span> <span class='ocrx_word' id='word_1_91' title='bbox 1650 1443 1716 1490; x_wconf 90' lang='lat' dir='ltr'>nos</span> <span class='ocrx_word' id='word_1_92' title='bbox 1745 1421 1838 1508; x_wconf 86' lang='lat' dir='ltr'>ipsos</span> <span class='ocrx_word' id='word_1_93' title='bbox 1860 1426 2057 1520; x_wconf 75' lang='lat' dir='ltr'>decipimus</span> <span class='ocrx_word' id='word_1_94' title='bbox 2080 1444 2171 1509; x_wconf 75' lang='lat' dir='ltr'>etc..</span> <span class='ocrx_word' id='word_1_95' title='bbox 2202 1433 2251 1507; x_wconf 88' lang='lat' dir='ltr'>Et</span> <span class='ocrx_word' id='word_1_96' title='bbox 2281 1437 2404 1512; x_wconf 83' lang='lat' dir='ltr'>1.Co-</span> 
     </span>
     <span class='ocr_line' id='line_1_8' title="bbox 299 1514 2404 1625; baseline 0.003 -31"><span class='ocrx_word' id='word_1_97' title='bbox 299 1536 300 1545; x_wconf 78' lang='grc'>’</span> <span class='ocrx_word' id='word_1_98' title='bbox 373 1523 588 1618; x_wconf 83' lang='lat' dir='ltr'>promissum</span> <span class='ocrx_word' id='word_1_99' title='bbox 602 1521 813 1596; x_wconf 84' lang='lat' dir='ltr'>heneficium</span> <span class='ocrx_word' id='word_1_100' title='bbox 833 1519 974 1592; x_wconf 82' lang='lat' dir='ltr'>nobis</span> <span class='ocrx_word' id='word_1_101' title='bbox 989 1514 1168 1603; x_wconf 79' lang='lat' dir='ltr'>exhiheri,</span> <span class='ocrx_word' id='word_1_102' title='bbox 1194 1547 1275 1594; x_wconf 91' lang='lat' dir='ltr'>cum</span> <span class='ocrx_word' id='word_1_103' title='bbox 1294 1548 1363 1618; x_wconf 89' lang='lat' dir='ltr'>qna</span> <span class='ocrx_word' id='word_1_104' title='bbox 1416 1515 1529 1590; x_wconf 89' lang='lat' dir='ltr'>rinth.</span> <span class='ocrx_word' id='word_1_105' title='bbox 1546 1519 1602 1592; x_wconf 82' lang='lat'>4.:</span> <span class='ocrx_word' id='word_1_106' title='bbox 1622 1519 1682 1592; x_wconf 78' lang='lat' dir='ltr'>Nil</span> <span class='ocrx_word' id='word_1_107' title='bbox 1701 1519 1790 1625; x_wconf 81' lang='lat' dir='ltr'>milri</span> <span class='ocrx_word' id='word_1_108' title='bbox 1806 1528 1968 1600; x_wconf 86' lang='lat' dir='ltr'>conscius</span> <span class='ocrx_word' id='word_1_109' title='bbox 1994 1552 2091 1617; x_wconf 90' lang='lat' dir='ltr'>sum,</span> <span class='ocrx_word' id='word_1_110' title='bbox 2117 1534 2230 1608; x_wconf 86' lang='lat' dir='ltr'>sedin</span> <span class='ocrx_word' id='word_1_111' title='bbox 2246 1532 2314 1613; x_wconf 74' lang='lat' dir='ltr'>hoc</span> <span class='ocrx_word' id='word_1_112' title='bbox 2328 1565 2404 1616; x_wconf 67' lang='lat' dir='ltr'>non</span> 
     </span>
     <span class='ocr_line' id='line_1_9' title="bbox 297 1598 2404 1726; baseline 0.007 -30"><span class='ocrx_word' id='word_1_113' title='bbox 297 1598 311 1669; x_wconf 67' lang='lat' dir='ltr'>&#39;i</span> <span class='ocrx_word' id='word_1_114' title='bbox 373 1627 442 1696; x_wconf 81' lang='lat' dir='ltr'>fide</span> <span class='ocrx_word' id='word_1_115' title='bbox 463 1639 517 1698; x_wconf 86' lang='lat' dir='ltr'>est</span> <span class='ocrx_word' id='word_1_116' title='bbox 542 1625 672 1697; x_wconf 88' lang='lat' dir='ltr'>Iiducia</span> <span class='ocrx_word' id='word_1_117' title='bbox 696 1625 923 1720; x_wconf 87' lang='lat' dir='ltr'>acquiescens</span> <span class='ocrx_word' id='word_1_118' title='bbox 945 1625 985 1694; x_wconf 89' lang='lat' dir='ltr'>iu</span> <span class='ocrx_word' id='word_1_119' title='bbox 1010 1623 1255 1696; x_wconf 72' lang='lat' dir='ltr'>misericordia</span> <span class='ocrx_word' id='word_1_120' title='bbox 1279 1651 1364 1718; x_wconf 92' lang='lat' dir='ltr'>pro·</span> <span class='ocrx_word' id='word_1_121' title='bbox 1415 1620 1628 1714; x_wconf 80' lang='lat' dir='ltr'>iustificatus,</span> <span class='ocrx_word' id='word_1_122' title='bbox 1643 1648 1732 1726; x_wconf 80' lang='lat' dir='ltr'>sum.</span> <span class='ocrx_word' id='word_1_123' title='bbox 1782 1623 1830 1700; x_wconf 85' lang='lat' dir='ltr'>Et</span> <span class='ocrx_word' id='word_1_124' title='bbox 1846 1623 1960 1704; x_wconf 80' lang='lat' dir='ltr'>Erod.</span> <span class='ocrx_word' id='word_1_125' title='bbox 1983 1629 2064 1708; x_wconf 63' lang='lat' dir='ltr'>dh:</span> <span class='ocrx_word' id='word_1_126' title='bbox 2090 1630 2219 1710; x_wconf 81' lang='lat' dir='ltr'>Coram</span> <span class='ocrx_word' id='word_1_127' title='bbox 2242 1654 2277 1716; x_wconf 89' lang='lat' dir='ltr'>te</span> <span class='ocrx_word' id='word_1_128' title='bbox 2295 1643 2404 1718; x_wconf 78' lang='lat' dir='ltr'>inno-</span> 
     </span>
     <span class='ocr_line' id='line_1_10' title="bbox 298 1718 2403 1838; baseline 0.008 -40"><span class='ocrx_word' id='word_1_129' title='bbox 298 1765 302 1774; x_wconf 96' lang='lat'>·</span> <span class='ocrx_word' id='word_1_130' title='bbox 372 1727 479 1798; x_wconf 85' lang='lat' dir='ltr'>missa</span> <span class='ocrx_word' id='word_1_131' title='bbox 494 1742 640 1822; x_wconf 91' lang='lat' dir='ltr'>propter</span> <span class='ocrx_word' id='word_1_132' title='bbox 655 1718 788 1814; x_wconf 80' lang='lat' dir='ltr'>filium,</span> <span class='ocrx_word' id='word_1_133' title='bbox 814 1751 877 1798; x_wconf 89' lang='lat' dir='ltr'>seu</span> <span class='ocrx_word' id='word_1_134' title='bbox 899 1725 1126 1822; x_wconf 84' lang='lat' dir='ltr'>acquiescens</span> <span class='ocrx_word' id='word_1_135' title='bbox 1140 1725 1180 1796; x_wconf 93' lang='lat' dir='ltr'>in</span> <span class='ocrx_word' id='word_1_136' title='bbox 1196 1727 1363 1810; x_wconf 86' lang='lat' dir='ltr'>lilio,ac·</span> <span class='ocrx_word' id='word_1_137' title='bbox 1415 1748 1499 1796; x_wconf 89' lang='lat' dir='ltr'>cens</span> <span class='ocrx_word' id='word_1_138' title='bbox 1521 1749 1596 1795; x_wconf 91' lang='lat' dir='ltr'>non</span> <span class='ocrx_word' id='word_1_139' title='bbox 1619 1741 1670 1798; x_wconf 89' lang='lat' dir='ltr'>est</span> <span class='ocrx_word' id='word_1_140' title='bbox 1694 1727 1877 1830; x_wconf 65' lang='lat' dir='ltr'>innocens,</span> <span class='ocrx_word' id='word_1_141' title='bbox 1937 1729 2026 1804; x_wconf 89' lang='lat' dir='ltr'>Item</span> <span class='ocrx_word' id='word_1_142' title='bbox 2044 1735 2079 1812; x_wconf 86' lang='lat'>1.</span> <span class='ocrx_word' id='word_1_143' title='bbox 2094 1734 2231 1814; x_wconf 73' lang='lat' dir='ltr'>Cotini·</span> <span class='ocrx_word' id='word_1_144' title='bbox 2250 1746 2299 1816; x_wconf 83' lang='lat'>1.:</span> <span class='ocrx_word' id='word_1_145' title='bbox 2328 1743 2403 1838; x_wconf 87' lang='lat' dir='ltr'>Qui</span> 
     </span>
     <span class='ocr_line' id='line_1_11' title="bbox 304 1821 2050 1930; baseline 0.003 -30"><span class='ocrx_word' id='word_1_146' title='bbox 304 1834 310 1915; x_wconf 74' lang='lat' dir='ltr'>l</span> <span class='ocrx_word' id='word_1_147' title='bbox 372 1831 502 1900; x_wconf 85' lang='lat' dir='ltr'>cedens</span> <span class='ocrx_word' id='word_1_148' title='bbox 522 1835 566 1900; x_wconf 90' lang='lat' dir='ltr'>ad</span> <span class='ocrx_word' id='word_1_149' title='bbox 586 1827 720 1922; x_wconf 85' lang='lat' dir='ltr'>Deum,</span> <span class='ocrx_word' id='word_1_150' title='bbox 747 1828 918 1904; x_wconf 82' lang='lat' dir='ltr'>invocans</span> <span class='ocrx_word' id='word_1_151' title='bbox 941 1821 976 1900; x_wconf 74' lang='lat' dir='ltr'>et</span> <span class='ocrx_word' id='word_1_152' title='bbox 990 1821 1146 1900; x_wconf 86' lang='lat' dir='ltr'>clamans</span> <span class='ocrx_word' id='word_1_153' title='bbox 1167 1830 1272 1900; x_wconf 86' lang='lat' dir='ltr'>Abba</span> <span class='ocrx_word' id='word_1_154' title='bbox 1292 1827 1361 1899; x_wconf 84' lang='lat' dir='ltr'>Pa·</span> <span class='ocrx_word' id='word_1_155' title='bbox 1414 1825 1609 1917; x_wconf 77' lang='lat' dir='ltr'>gloriatur,</span> <span class='ocrx_word' id='word_1_156' title='bbox 1634 1828 1675 1898; x_wconf 93' lang='lat' dir='ltr'>in</span> <span class='ocrx_word' id='word_1_157' title='bbox 1687 1823 1845 1902; x_wconf 88' lang='lat' dir='ltr'>Domino</span> <span class='ocrx_word' id='word_1_158' title='bbox 1863 1833 2050 1930; x_wconf 74' lang='lat' dir='ltr'>glorietur.</span> 
     </span>
     <span class='ocr_line' id='line_1_12' title="bbox 294 1927 2402 2036; baseline 0.007 -34"><span class='ocrx_word' id='word_1_159' title='bbox 294 1961 297 1971; x_wconf 94' lang='lat'>·</span> <span class='ocrx_word' id='word_1_160' title='bbox 372 1943 426 2002; x_wconf 88' lang='lat' dir='ltr'>ter</span> <span class='ocrx_word' id='word_1_161' title='bbox 449 1943 516 2002; x_wconf 87' lang='lat' dir='ltr'>ete.</span> <span class='ocrx_word' id='word_1_162' title='bbox 576 1929 688 2016; x_wconf 89' lang='lat' dir='ltr'>Item,</span> <span class='ocrx_word' id='word_1_163' title='bbox 720 1931 784 2026; x_wconf 86' lang='lat' dir='ltr'>qui</span> <span class='ocrx_word' id='word_1_164' title='bbox 810 1945 930 2003; x_wconf 86' lang='lat' dir='ltr'>manet</span> <span class='ocrx_word' id='word_1_165' title='bbox 950 1931 989 2000; x_wconf 92' lang='lat' dir='ltr'>in</span> <span class='ocrx_word' id='word_1_166' title='bbox 1013 1929 1259 2018; x_wconf 87' lang='lat' dir='ltr'>dubitatione,</span> <span class='ocrx_word' id='word_1_167' title='bbox 1288 1955 1361 2002; x_wconf 92' lang='lat' dir='ltr'>non</span> <span class='ocrx_word' id='word_1_168' title='bbox 1514 1927 1663 2022; x_wconf 80' lang='lat' dir='ltr'>Semper</span> <span class='ocrx_word' id='word_1_169' title='bbox 1685 1931 1796 2022; x_wconf 77' lang='lat' dir='ltr'>igitur</span> <span class='ocrx_word' id='word_1_170' title='bbox 1819 1960 1900 2030; x_wconf 75' lang='lat' dir='ltr'>vera</span> <span class='ocrx_word' id='word_1_171' title='bbox 1926 1953 1977 2006; x_wconf 87' lang='lat' dir='ltr'>est</span> <span class='ocrx_word' id='word_1_172' title='bbox 2002 1929 2087 2010; x_wconf 88' lang='lat' dir='ltr'>haec</span> <span class='ocrx_word' id='word_1_173' title='bbox 2109 1943 2324 2036; x_wconf 73' lang='lat' dir='ltr'>propositio:</span> <span class='ocrx_word' id='word_1_174' title='bbox 2357 1945 2402 2025; x_wconf 88' lang='lat' dir='ltr'>ln</span> 
     </span>
     <span class='ocr_line' id='line_1_13' title="bbox 292 2029 2402 2126; baseline 0.004 -22"><span class='ocrx_word' id='word_1_175' title='bbox 292 2059 299 2078; x_wconf 93' lang='lat'>··</span> <span class='ocrx_word' id='word_1_176' title='bbox 370 2031 495 2106; x_wconf 85' lang='lat' dir='ltr'>statuit</span> <span class='ocrx_word' id='word_1_177' title='bbox 517 2031 588 2104; x_wconf 89' lang='lat' dir='ltr'>sibi</span> <span class='ocrx_word' id='word_1_178' title='bbox 604 2034 834 2104; x_wconf 90' lang='lat' dir='ltr'>mediatorem</span> <span class='ocrx_word' id='word_1_179' title='bbox 852 2057 927 2104; x_wconf 88' lang='lat' dir='ltr'>esse</span> <span class='ocrx_word' id='word_1_180' title='bbox 942 2033 1056 2104; x_wconf 87' lang='lat' dir='ltr'>lilium</span> <span class='ocrx_word' id='word_1_181' title='bbox 1072 2033 1155 2105; x_wconf 87' lang='lat' dir='ltr'>Dei.</span> <span class='ocrx_word' id='word_1_182' title='bbox 1196 2029 1280 2106; x_wconf 88' lang='lat' dir='ltr'>Non</span> <span class='ocrx_word' id='word_1_183' title='bbox 1296 2033 1362 2126; x_wconf 80' lang='lat' dir='ltr'>igi·</span> <span class='ocrx_word' id='word_1_184' title='bbox 1415 2031 1647 2100; x_wconf 90' lang='lat' dir='ltr'>conversione</span> <span class='ocrx_word' id='word_1_185' title='bbox 1663 2047 1697 2104; x_wconf 90' lang='lat' dir='ltr'>et</span> <span class='ocrx_word' id='word_1_186' title='bbox 1716 2049 1794 2124; x_wconf 90' lang='lat' dir='ltr'>post</span> <span class='ocrx_word' id='word_1_187' title='bbox 1813 2039 2081 2110; x_wconf 77' lang='lat' dir='ltr'>conversionem</span> <span class='ocrx_word' id='word_1_188' title='bbox 2104 2043 2143 2114; x_wconf 95' lang='lat' dir='ltr'>in</span> <span class='ocrx_word' id='word_1_189' title='bbox 2161 2040 2228 2118; x_wconf 85' lang='lat' dir='ltr'>har</span> <span class='ocrx_word' id='word_1_190' title='bbox 2243 2047 2316 2120; x_wconf 74' lang='lat' dir='ltr'>vita</span> <span class='ocrx_word' id='word_1_191' title='bbox 2332 2051 2402 2124; x_wconf 69' lang='lat' dir='ltr'>fide</span> 
     </span>
     <span class='ocr_line' id='line_1_14' title="bbox 292 2129 2402 2237; baseline 0.008 -29"><span class='ocrx_word' id='word_1_192' title='bbox 292 2153 297 2168; x_wconf 89' lang='grc'><em>·</em></span> <span class='ocrx_word' id='word_1_193' title='bbox 371 2147 431 2208; x_wconf 85' lang='lat' dir='ltr'>tur</span> <span class='ocrx_word' id='word_1_194' title='bbox 444 2135 574 2206; x_wconf 89' lang='lat' dir='ltr'>tribuit</span> <span class='ocrx_word' id='word_1_195' title='bbox 590 2137 623 2204; x_wconf 91' lang='lat' dir='ltr'>ei</span> <span class='ocrx_word' id='word_1_196' title='bbox 638 2136 799 2209; x_wconf 82' lang='lat' dir='ltr'>debitum</span> <span class='ocrx_word' id='word_1_197' title='bbox 815 2129 1001 2206; x_wconf 86' lang='lat' dir='ltr'>honorem.</span> <span class='ocrx_word' id='word_1_198' title='bbox 1416 2148 1561 2224; x_wconf 88' lang='lat' dir='ltr'>propter</span> <span class='ocrx_word' id='word_1_199' title='bbox 1582 2133 1694 2206; x_wconf 86' lang='lat' dir='ltr'>lilium</span> <span class='ocrx_word' id='word_1_200' title='bbox 1717 2135 1783 2208; x_wconf 80' lang='lat' dir='ltr'>uei</span> <span class='ocrx_word' id='word_1_201' title='bbox 1807 2163 1954 2232; x_wconf 86' lang='lat' dir='ltr'>persona</span> <span class='ocrx_word' id='word_1_202' title='bbox 1980 2155 2031 2213; x_wconf 88' lang='lat' dir='ltr'>est</span> <span class='ocrx_word' id='word_1_203' title='bbox 2053 2143 2164 2230; x_wconf 82' lang='lat' dir='ltr'>iusta.</span> <span class='ocrx_word' id='word_1_204' title='bbox 2185 2147 2222 2218; x_wconf 93' lang='lat' dir='ltr'>id</span> <span class='ocrx_word' id='word_1_205' title='bbox 2248 2164 2319 2237; x_wconf 87' lang='lat' dir='ltr'>est,</span> <span class='ocrx_word' id='word_1_206' title='bbox 2342 2175 2402 2225; x_wconf 84' lang='lat' dir='ltr'>an-</span> 
     </span>
     <span class='ocr_line' id='line_1_15' title="bbox 473 2233 2402 2346; baseline 0.004 -37"><span class='ocrx_word' id='word_1_207' title='bbox 473 2235 546 2309; x_wconf 85' lang='lat' dir='ltr'>Sed</span> <span class='ocrx_word' id='word_1_208' title='bbox 568 2239 685 2308; x_wconf 70' lang='lat' dir='ltr'>altera*</span> <span class='ocrx_word' id='word_1_209' title='bbox 699 2239 858 2333; x_wconf 86' lang='lat' dir='ltr'>quaestio</span> <span class='ocrx_word' id='word_1_210' title='bbox 882 2233 942 2308; x_wconf 86' lang='lat' dir='ltr'>hie</span> <span class='ocrx_word' id='word_1_211' title='bbox 968 2235 1141 2328; x_wconf 70' lang='lat' dir='ltr'>agitatur,</span> <span class='ocrx_word' id='word_1_212' title='bbox 1175 2248 1361 2334; x_wconf 89' lang='lat' dir='ltr'>postquam</span> <span class='ocrx_word' id='word_1_213' title='bbox 1415 2248 1515 2328; x_wconf 87' lang='lat' dir='ltr'>cepta</span> <span class='ocrx_word' id='word_1_214' title='bbox 1541 2235 1621 2306; x_wconf 86' lang='lat' dir='ltr'>Deo</span> <span class='ocrx_word' id='word_1_215' title='bbox 1647 2261 1709 2328; x_wconf 90' lang='lat' dir='ltr'>per</span> <span class='ocrx_word' id='word_1_216' title='bbox 1733 2239 2034 2329; x_wconf 85' lang='lat' dir='ltr'>misericordiam,</span> <span class='ocrx_word' id='word_1_217' title='bbox 2059 2269 2133 2318; x_wconf 91' lang='lat' dir='ltr'>non</span> <span class='ocrx_word' id='word_1_218' title='bbox 2157 2265 2303 2342; x_wconf 83' lang='lat' dir='ltr'>propter</span> <span class='ocrx_word' id='word_1_219' title='bbox 2317 2277 2402 2346; x_wconf 76' lang='lat' dir='ltr'>pro.</span> 
     </span>
     <span class='ocr_line' id='line_1_16' title="bbox 369 2333 2402 2433; baseline 0.009 -23"><span class='ocrx_word' id='word_1_220' title='bbox 369 2333 481 2411; x_wconf 83' lang='lat' dir='ltr'>homo</span> <span class='ocrx_word' id='word_1_221' title='bbox 500 2363 693 2412; x_wconf 87' lang='lat' dir='ltr'>conversus</span> <span class='ocrx_word' id='word_1_222' title='bbox 708 2356 778 2426; x_wconf 89' lang='lat' dir='ltr'>est,</span> <span class='ocrx_word' id='word_1_223' title='bbox 803 2354 837 2413; x_wconf 89' lang='lat' dir='ltr'>et</span> <span class='ocrx_word' id='word_1_224' title='bbox 858 2337 929 2410; x_wconf 87' lang='lat' dir='ltr'>iam</span> <span class='ocrx_word' id='word_1_225' title='bbox 943 2363 1088 2412; x_wconf 86' lang='lat' dir='ltr'>accensa</span> <span class='ocrx_word' id='word_1_226' title='bbox 1110 2341 1218 2413; x_wconf 88' lang='lat' dir='ltr'>estin</span> <span class='ocrx_word' id='word_1_227' title='bbox 1238 2361 1360 2412; x_wconf 89' lang='lat' dir='ltr'>eono-</span> <span class='ocrx_word' id='word_1_228' title='bbox 1414 2337 1528 2430; x_wconf 86' lang='lat' dir='ltr'>priam</span> <span class='ocrx_word' id='word_1_229' title='bbox 1553 2339 1785 2433; x_wconf 84' lang='lat' dir='ltr'>dignitatem,</span> <span class='ocrx_word' id='word_1_230' title='bbox 1815 2343 1888 2418; x_wconf 82' lang='lat' dir='ltr'>sola</span> <span class='ocrx_word' id='word_1_231' title='bbox 1914 2345 1996 2416; x_wconf 88' lang='lat' dir='ltr'>lide.</span> <span class='ocrx_word' id='word_1_232' title='bbox 2054 2343 2102 2420; x_wconf 82' lang='lat' dir='ltr'>Et</span> <span class='ocrx_word' id='word_1_233' title='bbox 2123 2363 2402 2432; x_wconf 86' lang='lat' dir='ltr'>tameoaeterns</span> 
     </span>
     <span class='ocr_line' id='line_1_17' title="bbox 369 2439 2400 2542; baseline 0.009 -32"><span class='ocrx_word' id='word_1_234' title='bbox 369 2443 462 2513; x_wconf 84' lang='lat' dir='ltr'>ritas</span> <span class='ocrx_word' id='word_1_235' title='bbox 483 2441 698 2537; x_wconf 83' lang='lat' dir='ltr'>spiritualis,</span> <span class='ocrx_word' id='word_1_236' title='bbox 721 2467 802 2528; x_wconf 90' lang='lat' dir='ltr'>seu,</span> <span class='ocrx_word' id='word_1_237' title='bbox 830 2455 869 2514; x_wconf 89' lang='lat' dir='ltr'>ut</span> <span class='ocrx_word' id='word_1_238' title='bbox 888 2441 950 2512; x_wconf 89' lang='lat' dir='ltr'>alii</span> <span class='ocrx_word' id='word_1_239' title='bbox 964 2443 1183 2537; x_wconf 87' lang='lat' dir='ltr'>loquuntur,</span> <span class='ocrx_word' id='word_1_240' title='bbox 1207 2441 1363 2526; x_wconf 89' lang='lat' dir='ltr'>dilectio,</span> <span class='ocrx_word' id='word_1_241' title='bbox 1414 2451 1448 2509; x_wconf 87' lang='lat' dir='ltr'>ct</span> <span class='ocrx_word' id='word_1_242' title='bbox 1469 2439 1618 2512; x_wconf 87' lang='lat' dir='ltr'>immota</span> <span class='ocrx_word' id='word_1_243' title='bbox 1640 2443 1857 2539; x_wconf 30' lang='lat' dir='ltr'>veritasflest,</span> <span class='ocrx_word' id='word_1_244' title='bbox 1891 2451 1987 2542; x_wconf 89' lang='lat' dir='ltr'>quod</span> <span class='ocrx_word' id='word_1_245' title='bbox 2006 2464 2148 2540; x_wconf 88' lang='lat' dir='ltr'>oportet</span> <span class='ocrx_word' id='word_1_246' title='bbox 2167 2453 2206 2524; x_wconf 94' lang='lat' dir='ltr'>in</span> <span class='ocrx_word' id='word_1_247' title='bbox 2228 2480 2400 2534; x_wconf 85' lang='lat' dir='ltr'>converso</span> 
     </span>
     <span class='ocr_line' id='line_1_18' title="bbox 368 2539 2401 2635; baseline 0.009 -22"><span class='ocrx_word' id='word_1_248' title='bbox 368 2545 494 2616; x_wconf 90' lang='lat' dir='ltr'>dicunt</span> <span class='ocrx_word' id='word_1_249' title='bbox 523 2567 606 2614; x_wconf 85' lang='lat' dir='ltr'>eum</span> <span class='ocrx_word' id='word_1_250' title='bbox 629 2546 762 2616; x_wconf 89' lang='lat' dir='ltr'>iustum</span> <span class='ocrx_word' id='word_1_251' title='bbox 789 2567 864 2615; x_wconf 87' lang='lat' dir='ltr'>esse</span> <span class='ocrx_word' id='word_1_252' title='bbox 892 2557 973 2635; x_wconf 90' lang='lat' dir='ltr'>post</span> <span class='ocrx_word' id='word_1_253' title='bbox 999 2547 1267 2616; x_wconf 89' lang='lat' dir='ltr'>conversionem</span> <span class='ocrx_word' id='word_1_254' title='bbox 1296 2539 1362 2615; x_wconf 88' lang='lat' dir='ltr'>hae</span> <span class='ocrx_word' id='word_1_255' title='bbox 1413 2541 1590 2612; x_wconf 90' lang='lat' dir='ltr'>incoatam</span> <span class='ocrx_word' id='word_1_256' title='bbox 1607 2565 1684 2614; x_wconf 88' lang='lat' dir='ltr'>esse</span> <span class='ocrx_word' id='word_1_257' title='bbox 1701 2543 1945 2630; x_wconf 89' lang='lat' dir='ltr'>dilectionem,</span> <span class='ocrx_word' id='word_1_258' title='bbox 1966 2563 2001 2620; x_wconf 89' lang='lat' dir='ltr'>et</span> <span class='ocrx_word' id='word_1_259' title='bbox 2015 2551 2053 2620; x_wconf 94' lang='lat' dir='ltr'>in</span> <span class='ocrx_word' id='word_1_260' title='bbox 2070 2554 2252 2630; x_wconf 84' lang='lat' dir='ltr'>voluntate</span> <span class='ocrx_word' id='word_1_261' title='bbox 2265 2559 2401 2634; x_wconf 86' lang='lat' dir='ltr'>bouum</span> 
     </span>
     <span class='ocr_line' id='line_1_19' title="bbox 370 2643 2401 2753; baseline 0.009 -37"><span class='ocrx_word' id='word_1_262' title='bbox 370 2649 530 2718; x_wconf 84' lang='lat' dir='ltr'>novitate</span> <span class='ocrx_word' id='word_1_263' title='bbox 550 2669 614 2716; x_wconf 89' lang='lat' dir='ltr'>seu</span> <span class='ocrx_word' id='word_1_264' title='bbox 634 2647 845 2732; x_wconf 79' lang='lat' dir='ltr'>dilectione,</span> <span class='ocrx_word' id='word_1_265' title='bbox 873 2646 912 2717; x_wconf 93' lang='lat' dir='ltr'>id</span> <span class='ocrx_word' id='word_1_266' title='bbox 944 2661 1014 2733; x_wconf 91' lang='lat' dir='ltr'>est,</span> <span class='ocrx_word' id='word_1_267' title='bbox 1047 2671 1234 2741; x_wconf 88' lang='lat' dir='ltr'>personam</span> <span class='ocrx_word' id='word_1_268' title='bbox 1264 2669 1363 2716; x_wconf 87' lang='lat' dir='ltr'>aece-</span> <span class='ocrx_word' id='word_1_269' title='bbox 1412 2643 1636 2746; x_wconf 81' lang='lat' dir='ltr'>propositum</span> <span class='ocrx_word' id='word_1_270' title='bbox 1651 2669 1744 2728; x_wconf 88' lang='lat' dir='ltr'>esse,</span> <span class='ocrx_word' id='word_1_271' title='bbox 1762 2662 1797 2720; x_wconf 89' lang='lat' dir='ltr'>et</span> <span class='ocrx_word' id='word_1_272' title='bbox 1810 2672 1923 2722; x_wconf 78' lang='lat' dir='ltr'>novae</span> <span class='ocrx_word' id='word_1_273' title='bbox 1936 2651 2159 2728; x_wconf 85' lang='lat' dir='ltr'>obedientiae</span> <span class='ocrx_word' id='word_1_274' title='bbox 2173 2657 2296 2753; x_wconf 84' lang='lat' dir='ltr'>initia,</span> <span class='ocrx_word' id='word_1_275' title='bbox 2319 2662 2401 2736; x_wconf 87' lang='lat' dir='ltr'>iur-</span> 
     </span>
     <span class='ocr_line' id='line_1_20' title="bbox 371 2743 2400 2844; baseline 0.009 -25"><span class='ocrx_word' id='word_1_276' title='bbox 371 2763 467 2841; x_wconf 88' lang='lat' dir='ltr'>ptam</span> <span class='ocrx_word' id='word_1_277' title='bbox 483 2771 559 2818; x_wconf 87' lang='lat' dir='ltr'>esse</span> <span class='ocrx_word' id='word_1_278' title='bbox 573 2748 700 2820; x_wconf 88' lang='lat' dir='ltr'>Deoet</span> <span class='ocrx_word' id='word_1_279' title='bbox 720 2743 907 2818; x_wconf 85' lang='lat' dir='ltr'>haeredem</span> <span class='ocrx_word' id='word_1_280' title='bbox 927 2749 1020 2820; x_wconf 87' lang='lat' dir='ltr'>vitae</span> <span class='ocrx_word' id='word_1_281' title='bbox 1035 2765 1200 2821; x_wconf 86' lang='lat' dir='ltr'>aeternae</span> <span class='ocrx_word' id='word_1_282' title='bbox 1216 2761 1363 2844; x_wconf 88' lang='lat' dir='ltr'>propter</span> <span class='ocrx_word' id='word_1_283' title='bbox 1413 2759 1450 2818; x_wconf 87' lang='lat' dir='ltr'>ta</span> <span class='ocrx_word' id='word_1_284' title='bbox 1475 2745 1585 2817; x_wconf 89' lang='lat' dir='ltr'>illud:</span> <span class='ocrx_word' id='word_1_285' title='bbox 1618 2745 1691 2836; x_wconf 91' lang='lat' dir='ltr'>Qui</span> <span class='ocrx_word' id='word_1_286' title='bbox 1716 2773 1788 2820; x_wconf 79' lang='lat' dir='ltr'>raon</span> <span class='ocrx_word' id='word_1_287' title='bbox 1812 2751 1948 2840; x_wconf 85' lang='lat' dir='ltr'>diligit,</span> <span class='ocrx_word' id='word_1_288' title='bbox 1971 2771 2090 2830; x_wconf 88' lang='lat' dir='ltr'>manet</span> <span class='ocrx_word' id='word_1_289' title='bbox 2115 2759 2154 2829; x_wconf 88' lang='lat' dir='ltr'>in</span> <span class='ocrx_word' id='word_1_290' title='bbox 2175 2775 2301 2837; x_wconf 90' lang='lat' dir='ltr'>morte.</span> <span class='ocrx_word' id='word_1_291' title='bbox 2351 2763 2400 2840; x_wconf 84' lang='grc' dir='ltr'>Ει</span> 
     </span>
     <span class='ocr_line' id='line_1_21' title="bbox 371 2845 2401 2956; baseline 0.009 -36"><span class='ocrx_word' id='word_1_292' title='bbox 371 2851 617 2936; x_wconf 84' lang='lat' dir='ltr'>dilectionem,</span> <span class='ocrx_word' id='word_1_293' title='bbox 650 2866 684 2921; x_wconf 91' lang='lat' dir='ltr'>et</span> <span class='ocrx_word' id='word_1_294' title='bbox 701 2845 787 2920; x_wconf 84' lang='lat' dir='ltr'>haee</span> <span class='ocrx_word' id='word_1_295' title='bbox 802 2847 1032 2924; x_wconf 84' lang='lat' dir='ltr'>cumularunt</span> <span class='ocrx_word' id='word_1_296' title='bbox 1053 2867 1155 2924; x_wconf 89' lang='lat' dir='ltr'>antea</span> <span class='ocrx_word' id='word_1_297' title='bbox 1182 2845 1362 2932; x_wconf 88' lang='lat' dir='ltr'>monachi,</span> <span class='ocrx_word' id='word_1_298' title='bbox 1414 2860 1533 2918; x_wconf 87' lang='lat' dir='ltr'>tamen</span> <span class='ocrx_word' id='word_1_299' title='bbox 1548 2873 1653 2940; x_wconf 86' lang='lat' dir='ltr'>supra</span> <span class='ocrx_word' id='word_1_300' title='bbox 1672 2845 1891 2924; x_wconf 89' lang='lat' dir='ltr'>haecomnia</span> <span class='ocrx_word' id='word_1_301' title='bbox 1906 2855 2135 2930; x_wconf 85' lang='lat' dir='ltr'>collocandus</span> <span class='ocrx_word' id='word_1_302' title='bbox 2151 2875 2203 2934; x_wconf 86' lang='lat' dir='ltr'>en</span> <span class='ocrx_word' id='word_1_303' title='bbox 2217 2865 2401 2956; x_wconf 73' lang='lat' dir='ltr'>mediator,</span> 
     </span>
     <span class='ocr_line' id='line_1_22' title="bbox 370 2943 2400 3062; baseline 0.01 -40"><span class='ocrx_word' id='word_1_304' title='bbox 370 2955 537 3024; x_wconf 76' lang='lat' dir='ltr'>dixerunt</span> <span class='ocrx_word' id='word_1_305' title='bbox 559 2948 652 3022; x_wconf 88' lang='lat' dir='ltr'>hane</span> <span class='ocrx_word' id='word_1_306' title='bbox 679 2954 873 3023; x_wconf 86' lang='lat' dir='ltr'>novitatem</span> <span class='ocrx_word' id='word_1_307' title='bbox 898 2975 975 3022; x_wconf 87' lang='lat' dir='ltr'>esse</span> <span class='ocrx_word' id='word_1_308' title='bbox 992 2955 1158 3026; x_wconf 89' lang='lat' dir='ltr'>meritum</span> <span class='ocrx_word' id='word_1_309' title='bbox 1184 2955 1276 3026; x_wconf 87' lang='lat' dir='ltr'>vitae</span> <span class='ocrx_word' id='word_1_310' title='bbox 1300 2977 1361 3023; x_wconf 89' lang='lat' dir='ltr'>ae·</span> <span class='ocrx_word' id='word_1_311' title='bbox 1414 2943 1511 3020; x_wconf 88' lang='lat' dir='ltr'>huuc</span> <span class='ocrx_word' id='word_1_312' title='bbox 1526 2950 1596 3021; x_wconf 86' lang='lat' dir='ltr'>fide</span> <span class='ocrx_word' id='word_1_313' title='bbox 1611 2947 1830 3044; x_wconf 76' lang='lat' dir='ltr'>apprehendi</span> <span class='ocrx_word' id='word_1_314' title='bbox 1846 2971 2004 3048; x_wconf 84' lang='lat' dir='ltr'>oportet,</span> <span class='ocrx_word' id='word_1_315' title='bbox 2029 2975 2065 3032; x_wconf 90' lang='lat' dir='ltr'>et</span> <span class='ocrx_word' id='word_1_316' title='bbox 2088 2957 2175 3035; x_wconf 84' lang='lat' dir='ltr'>haec</span> <span class='ocrx_word' id='word_1_317' title='bbox 2191 2965 2277 3038; x_wconf 87' lang='lat' dir='ltr'>Iides</span> <span class='ocrx_word' id='word_1_318' title='bbox 2296 2993 2400 3062; x_wconf 85' lang='lat' dir='ltr'>prae·</span> 
     </span>
     <span class='ocr_line' id='line_1_23' title="bbox 370 3051 1950 3149; baseline 0.004 -24"><span class='ocrx_word' id='word_1_319' title='bbox 370 3070 489 3126; x_wconf 85' lang='lat' dir='ltr'>ternae</span> <span class='ocrx_word' id='word_1_320' title='bbox 509 3053 763 3145; x_wconf 69' lang='lat' dir='ltr'>«reconsigno,</span> <span class='ocrx_word' id='word_1_321' title='bbox 782 3056 821 3126; x_wconf 90' lang='lat' dir='ltr'>id</span> <span class='ocrx_word' id='word_1_322' title='bbox 836 3066 910 3143; x_wconf 89' lang='lat' dir='ltr'>est,</span> <span class='ocrx_word' id='word_1_323' title='bbox 927 3057 1079 3144; x_wconf 89' lang='lat' dir='ltr'>pretium</span> <span class='ocrx_word' id='word_1_324' title='bbox 1103 3056 1360 3149; x_wconf 88' lang='lat' dir='ltr'>propterquod</span> <span class='ocrx_word' id='word_1_325' title='bbox 1412 3051 1529 3123; x_wconf 88' lang='lat' dir='ltr'>luceat</span> <span class='ocrx_word' id='word_1_326' title='bbox 1543 3051 1581 3124; x_wconf 91' lang='lat' dir='ltr'>iu</span> <span class='ocrx_word' id='word_1_327' title='bbox 1598 3055 1699 3124; x_wconf 89' lang='lat' dir='ltr'>omni</span> <span class='ocrx_word' id='word_1_328' title='bbox 1715 3056 1950 3132; x_wconf 84' lang='lat' dir='ltr'>invocatione.</span> 
     </span>
     <span class='ocr_line' id='line_1_24' title="bbox 371 3151 2398 3266; baseline 0.009 -40"><span class='ocrx_word' id='word_1_329' title='bbox 371 3156 629 3228; x_wconf 75' lang='lat' dir='ltr'>debeatur-vita</span> <span class='ocrx_word' id='word_1_330' title='bbox 644 3172 804 3240; x_wconf 87' lang='lat' dir='ltr'>aeterna,</span> <span class='ocrx_word' id='word_1_331' title='bbox 823 3171 856 3228; x_wconf 88' lang='lat' dir='ltr'>et</span> <span class='ocrx_word' id='word_1_332' title='bbox 871 3158 1101 3228; x_wconf 78' lang='lat' dir='ltr'>declamitant</span> <span class='ocrx_word' id='word_1_333' title='bbox 1119 3182 1193 3228; x_wconf 90' lang='lat' dir='ltr'>noo</span> <span class='ocrx_word' id='word_1_334' title='bbox 1210 3181 1284 3228; x_wconf 90' lang='lat' dir='ltr'>esse</span> <span class='ocrx_word' id='word_1_335' title='bbox 1301 3181 1360 3226; x_wconf 83' lang='lat' dir='ltr'>ex·</span> <span class='ocrx_word' id='word_1_336' title='bbox 1516 3151 1665 3249; x_wconf 87' lang='lat' dir='ltr'>Semper</span> <span class='ocrx_word' id='word_1_337' title='bbox 1694 3170 1810 3229; x_wconf 89' lang='lat' dir='ltr'>autem</span> <span class='ocrx_word' id='word_1_338' title='bbox 1841 3161 2014 3254; x_wconf 80' lang='lat' dir='ltr'>obstrepit</span> <span class='ocrx_word' id='word_1_339' title='bbox 2049 3163 2230 3240; x_wconf 81' lang='lat' dir='ltr'>invocanti</span> <span class='ocrx_word' id='word_1_340' title='bbox 2253 3171 2398 3266; x_wconf 83' lang='lat' dir='ltr'>propria</span> 
     </span>
     <span class='ocr_line' id='line_1_25' title="bbox 303 3251 2399 3359; baseline 0.007 -28"><span class='ocrx_word' id='word_1_341' title='bbox 303 3314 306 3323; x_wconf 90' lang='lat'><em>.</em></span> <span class='ocrx_word' id='word_1_342' title='bbox 371 3261 589 3331; x_wconf 87' lang='lat' dir='ltr'>tenuandum</span> <span class='ocrx_word' id='word_1_343' title='bbox 611 3261 747 3329; x_wconf 89' lang='lat' dir='ltr'>donum</span> <span class='ocrx_word' id='word_1_344' title='bbox 775 3259 839 3330; x_wconf 83' lang='lat' dir='ltr'>Ilei</span> <span class='ocrx_word' id='word_1_345' title='bbox 863 3257 902 3327; x_wconf 92' lang='lat' dir='ltr'>in</span> <span class='ocrx_word' id='word_1_346' title='bbox 931 3259 1132 3345; x_wconf 85' lang='lat' dir='ltr'>conversis,</span> <span class='ocrx_word' id='word_1_347' title='bbox 1166 3283 1248 3329; x_wconf 89' lang='lat' dir='ltr'>eum</span> <span class='ocrx_word' id='word_1_348' title='bbox 1279 3251 1360 3330; x_wconf 90' lang='lat' dir='ltr'>ideo</span> <span class='ocrx_word' id='word_1_349' title='bbox 1413 3252 1622 3344; x_wconf 77' lang='lat' dir='ltr'>iudIgnitas:</span> <span class='ocrx_word' id='word_1_350' title='bbox 1650 3257 1747 3348; x_wconf 87' lang='lat' dir='ltr'>Quid</span> <span class='ocrx_word' id='word_1_351' title='bbox 1764 3261 1872 3359; x_wconf 87' lang='lat' dir='ltr'>petis,</span> <span class='ocrx_word' id='word_1_352' title='bbox 1892 3265 1980 3356; x_wconf 89' lang='lat' dir='ltr'>quid</span> <span class='ocrx_word' id='word_1_353' title='bbox 1997 3268 2293 3359; x_wconf 83' lang='lat' dir='ltr'>expectasaDeo,</span> <span class='ocrx_word' id='word_1_354' title='bbox 2318 3299 2399 3348; x_wconf 89' lang='lat' dir='ltr'>cum</span> 
     </span>
     <span class='ocr_line' id='line_1_26' title="bbox 372 3356 2398 3452; baseline 0.009 -23"><span class='ocrx_word' id='word_1_355' title='bbox 372 3362 429 3434; x_wconf 84' lang='lat' dir='ltr'>liat</span> <span class='ocrx_word' id='word_1_356' title='bbox 452 3361 656 3446; x_wconf 81' lang='lat' dir='ltr'>conversio,</span> <span class='ocrx_word' id='word_1_357' title='bbox 686 3375 727 3432; x_wconf 91' lang='lat' dir='ltr'>ut</span> <span class='ocrx_word' id='word_1_358' title='bbox 748 3356 859 3431; x_wconf 90' lang='lat' dir='ltr'>homo</span> <span class='ocrx_word' id='word_1_359' title='bbox 879 3383 921 3432; x_wconf 84' lang='lat' dir='ltr'>ea</span> <span class='ocrx_word' id='word_1_360' title='bbox 944 3360 1075 3432; x_wconf 88' lang='lat' dir='ltr'>iniusto</span> <span class='ocrx_word' id='word_1_361' title='bbox 1093 3362 1300 3443; x_wconf 73' lang='lat' dir='ltr'>liminatur,</span> <span class='ocrx_word' id='word_1_362' title='bbox 1325 3373 1361 3432; x_wconf 93' lang='lat' dir='ltr'>et</span> <span class='ocrx_word' id='word_1_363' title='bbox 1412 3356 1460 3426; x_wconf 89' lang='lat' dir='ltr'>sis</span> <span class='ocrx_word' id='word_1_364' title='bbox 1476 3357 1667 3448; x_wconf 76' lang='lat' dir='ltr'>indignus,</span> <span class='ocrx_word' id='word_1_365' title='bbox 1694 3363 1839 3433; x_wconf 87' lang='lat' dir='ltr'>meritus</span> <span class='ocrx_word' id='word_1_366' title='bbox 1853 3388 2022 3452; x_wconf 86' lang='lat' dir='ltr'>poenam,</span> <span class='ocrx_word' id='word_1_367' title='bbox 2047 3382 2082 3439; x_wconf 94' lang='lat' dir='ltr'>et</span> <span class='ocrx_word' id='word_1_368' title='bbox 2104 3367 2222 3444; x_wconf 90' lang='lat' dir='ltr'>adhuc</span> <span class='ocrx_word' id='word_1_369' title='bbox 2245 3375 2398 3448; x_wconf 61' lang='lat' dir='ltr'>circnma</span> 
     </span>
     <span class='ocr_line' id='line_1_27' title="bbox 308 3459 2398 3553; baseline 0.008 -20"><span class='ocrx_word' id='word_1_370' title='bbox 308 3536 315 3550; x_wconf 65' lang='grc'>,</span> <span class='ocrx_word' id='word_1_371' title='bbox 375 3488 448 3533; x_wconf 84' lang='lat' dir='ltr'>cunr</span> <span class='ocrx_word' id='word_1_372' title='bbox 471 3464 617 3535; x_wconf 91' lang='lat' dir='ltr'>dileetio</span> <span class='ocrx_word' id='word_1_373' title='bbox 639 3464 685 3534; x_wconf 90' lang='lat' dir='ltr'>sit</span> <span class='ocrx_word' id='word_1_374' title='bbox 705 3464 865 3543; x_wconf 85' lang='lat' dir='ltr'>iusticia,</span> <span class='ocrx_word' id='word_1_375' title='bbox 898 3463 1141 3535; x_wconf 78' lang='lat' dir='ltr'>vociferantur</span> <span class='ocrx_word' id='word_1_376' title='bbox 1165 3466 1359 3535; x_wconf 85' lang='lat' dir='ltr'>absurdum</span> <span class='ocrx_word' id='word_1_377' title='bbox 1413 3459 1503 3531; x_wconf 88' lang='lat' dir='ltr'>Ieras</span> <span class='ocrx_word' id='word_1_378' title='bbox 1520 3475 1634 3531; x_wconf 89' lang='lat' dir='ltr'>tecum</span> <span class='ocrx_word' id='word_1_379' title='bbox 1651 3463 1804 3538; x_wconf 80' lang='lat' dir='ltr'>mulurm</span> <span class='ocrx_word' id='word_1_380' title='bbox 1827 3469 2013 3539; x_wconf 78' lang='lat' dir='ltr'>sordium?</span> <span class='ocrx_word' id='word_1_381' title='bbox 2063 3469 2196 3545; x_wconf 87' lang='lat' dir='ltr'>Contra</span> <span class='ocrx_word' id='word_1_382' title='bbox 2221 3469 2313 3550; x_wconf 89' lang='lat' dir='ltr'>hanc</span> <span class='ocrx_word' id='word_1_383' title='bbox 2338 3504 2398 3553; x_wconf 88' lang='lat' dir='ltr'>co·</span> 
     </span>
     <span class='ocr_line' id='line_1_28' title="bbox 309 3555 2398 3671; baseline 0.009 -36"><span class='ocrx_word' id='word_1_384' title='bbox 309 3555 315 3656; x_wconf 53' lang='lat' dir='ltr'><strong>I</strong></span> <span class='ocrx_word' id='word_1_385' title='bbox 375 3590 442 3637; x_wconf 87' lang='lat' dir='ltr'>esse</span> <span class='ocrx_word' id='word_1_386' title='bbox 472 3588 603 3655; x_wconf 71' lang='lat' dir='ltr'>negare</span> <span class='ocrx_word' id='word_1_387' title='bbox 625 3562 810 3635; x_wconf 73' lang='lat' dir='ltr'>Ioannem</span> <span class='ocrx_word' id='word_1_388' title='bbox 839 3582 986 3657; x_wconf 86' lang='lat' dir='ltr'>propter</span> <span class='ocrx_word' id='word_1_389' title='bbox 1018 3590 1095 3636; x_wconf 86' lang='lat' dir='ltr'>eam</span> <span class='ocrx_word' id='word_1_390' title='bbox 1118 3566 1252 3638; x_wconf 86' lang='lat' dir='ltr'>iustum</span> <span class='ocrx_word' id='word_1_391' title='bbox 1275 3590 1360 3653; x_wconf 90' lang='lat' dir='ltr'>esse,</span> <span class='ocrx_word' id='word_1_392' title='bbox 1411 3564 1618 3653; x_wconf 77' lang='lat' dir='ltr'>gitationem</span> <span class='ocrx_word' id='word_1_393' title='bbox 1642 3566 1801 3659; x_wconf 87' lang='lat' dir='ltr'>qnotidie</span> <span class='ocrx_word' id='word_1_394' title='bbox 1825 3564 1910 3639; x_wconf 86' lang='lat' dir='ltr'>haec</span> <span class='ocrx_word' id='word_1_395' title='bbox 1931 3572 2093 3665; x_wconf 81' lang='lat' dir='ltr'>doctrina</span> <span class='ocrx_word' id='word_1_396' title='bbox 2122 3584 2313 3651; x_wconf 81' lang='lat' dir='ltr'>exercenda</span> <span class='ocrx_word' id='word_1_397' title='bbox 2334 3601 2398 3671; x_wconf 90' lang='lat' dir='ltr'>est,</span> 
     </span>
     <span class='ocr_line' id='line_1_29' title="bbox 292 3662 2517 3776; baseline 0.01 -39"><span class='ocrx_word' id='word_1_398' title='bbox 292 3663 314 3711; x_wconf 91' lang='lat'>·&#39;</span> <span class='ocrx_word' id='word_1_399' title='bbox 374 3690 449 3739; x_wconf 88' lang='lat' dir='ltr'>eum</span> <span class='ocrx_word' id='word_1_400' title='bbox 472 3684 592 3740; x_wconf 92' lang='lat' dir='ltr'>tamen</span> <span class='ocrx_word' id='word_1_401' title='bbox 614 3682 761 3760; x_wconf 84' lang='lat' dir='ltr'>psopter</span> <span class='ocrx_word' id='word_1_402' title='bbox 781 3666 984 3739; x_wconf 71' lang='lat' dir='ltr'>albedinem</span> <span class='ocrx_word' id='word_1_403' title='bbox 1009 3666 1126 3761; x_wconf 89' lang='lat' dir='ltr'>paries</span> <span class='ocrx_word' id='word_1_404' title='bbox 1146 3670 1289 3739; x_wconf 86' lang='lat' dir='ltr'>dicatur</span> <span class='ocrx_word' id='word_1_405' title='bbox 1307 3670 1359 3738; x_wconf 88' lang='lat' dir='ltr'>al·</span> <span class='ocrx_word' id='word_1_406' title='bbox 1411 3664 1501 3734; x_wconf 88' lang='lat' dir='ltr'>scias</span> <span class='ocrx_word' id='word_1_407' title='bbox 1515 3691 1635 3737; x_wconf 90' lang='lat' dir='ltr'>vocem</span> <span class='ocrx_word' id='word_1_408' title='bbox 1653 3662 1838 3757; x_wconf 79' lang='lat' dir='ltr'>Evangelii</span> <span class='ocrx_word' id='word_1_409' title='bbox 1855 3684 2033 3745; x_wconf 88' lang='lat' dir='ltr'>aeternam</span> <span class='ocrx_word' id='word_1_410' title='bbox 2057 3690 2090 3747; x_wconf 88' lang='lat' dir='ltr'>et</span> <span class='ocrx_word' id='word_1_411' title='bbox 2112 3677 2294 3753; x_wconf 89' lang='lat' dir='ltr'>immotam</span> <span class='ocrx_word' id='word_1_412' title='bbox 2310 3706 2398 3776; x_wconf 88' lang='lat' dir='ltr'>esse,</span> <span class='ocrx_word' id='word_1_413' title='bbox 2456 3668 2472 3685; x_wconf 63' lang='lat'><strong><em>‘</em></strong></span> <span class='ocrx_word' id='word_1_414' title='bbox 2513 3748 2517 3755; x_wconf 94' lang='lat'><em>.</em></span> 
     </span>
     <span class='ocr_line' id='line_1_30' title="bbox 375 3766 2396 3871; baseline 0.006 -32"><span class='ocrx_word' id='word_1_415' title='bbox 375 3771 456 3857; x_wconf 85' lang='lat' dir='ltr'>hus,</span> <span class='ocrx_word' id='word_1_416' title='bbox 478 3784 515 3841; x_wconf 89' lang='lat' dir='ltr'>et</span> <span class='ocrx_word' id='word_1_417' title='bbox 535 3766 606 3840; x_wconf 87' lang='lat' dir='ltr'>hnc</span> <span class='ocrx_word' id='word_1_418' title='bbox 628 3770 898 3841; x_wconf 82' lang='lat' dir='ltr'>accommodant</span> <span class='ocrx_word' id='word_1_419' title='bbox 919 3768 1031 3841; x_wconf 89' lang='lat' dir='ltr'>multa</span> <span class='ocrx_word' id='word_1_420' title='bbox 1056 3771 1162 3841; x_wconf 85' lang='lat' dir='ltr'>dieta.</span> <span class='ocrx_word' id='word_1_421' title='bbox 1213 3768 1287 3860; x_wconf 89' lang='lat' dir='ltr'>Qui</span> <span class='ocrx_word' id='word_1_422' title='bbox 1304 3772 1359 3841; x_wconf 85' lang='lat' dir='ltr'>la·</span> <span class='ocrx_word' id='word_1_423' title='bbox 1412 3779 1452 3835; x_wconf 94' lang='lat' dir='ltr'>ut</span> <span class='ocrx_word' id='word_1_424' title='bbox 1475 3790 1668 3837; x_wconf 86' lang='lat' dir='ltr'>conversus</span> <span class='ocrx_word' id='word_1_425' title='bbox 1692 3774 1735 3839; x_wconf 88' lang='lat' dir='ltr'>ad</span> <span class='ocrx_word' id='word_1_426' title='bbox 1758 3768 1873 3841; x_wconf 90' lang='lat' dir='ltr'>Deum</span> <span class='ocrx_word' id='word_1_427' title='bbox 1900 3787 2034 3845; x_wconf 85' lang='lat' dir='ltr'>statuas</span> <span class='ocrx_word' id='word_1_428' title='bbox 2061 3791 2096 3849; x_wconf 93' lang='lat' dir='ltr'>te</span> <span class='ocrx_word' id='word_1_429' title='bbox 2119 3796 2262 3871; x_wconf 86' lang='lat' dir='ltr'>propter</span> <span class='ocrx_word' id='word_1_430' title='bbox 2283 3786 2396 3861; x_wconf 74' lang='lat' dir='ltr'>lilium</span> 
     </span>
     <span class='ocr_line' id='line_1_31' title="bbox 376 3870 2397 3979; baseline 0.007 -38"><span class='ocrx_word' id='word_1_431' title='bbox 376 3872 418 3945; x_wconf 89' lang='lat' dir='ltr'>cit</span> <span class='ocrx_word' id='word_1_432' title='bbox 433 3871 610 3945; x_wconf 83' lang='lat' dir='ltr'>iusticiam</span> <span class='ocrx_word' id='word_1_433' title='bbox 629 3872 743 3941; x_wconf 89' lang='lat' dir='ltr'>iustus</span> <span class='ocrx_word' id='word_1_434' title='bbox 767 3884 830 3946; x_wconf 80' lang='lat' dir='ltr'>est.</span> <span class='ocrx_word' id='word_1_435' title='bbox 880 3874 985 3943; x_wconf 87' lang='lat' dir='ltr'>Item:</span> <span class='ocrx_word' id='word_1_436' title='bbox 1010 3870 1091 3942; x_wconf 83' lang='lat' dir='ltr'>Non</span> <span class='ocrx_word' id='word_1_437' title='bbox 1112 3872 1293 3943; x_wconf 85' lang='lat' dir='ltr'>auditores</span> <span class='ocrx_word' id='word_1_438' title='bbox 1309 3874 1358 3941; x_wconf 86' lang='lat' dir='ltr'>Ie.</span> <span class='ocrx_word' id='word_1_439' title='bbox 1411 3882 1508 3938; x_wconf 88' lang='lat' dir='ltr'>certo</span> <span class='ocrx_word' id='word_1_440' title='bbox 1530 3870 1658 3961; x_wconf 88' lang='lat' dir='ltr'>recipi,</span> <span class='ocrx_word' id='word_1_441' title='bbox 1680 3884 1715 3966; x_wconf 83' lang='lat' dir='ltr'>et</span> <span class='ocrx_word' id='word_1_442' title='bbox 1732 3873 1892 3945; x_wconf 81' lang='lat' dir='ltr'>exaudiri</span> <span class='ocrx_word' id='word_1_443' title='bbox 1906 3899 1970 3967; x_wconf 88' lang='lat' dir='ltr'>per</span> <span class='ocrx_word' id='word_1_444' title='bbox 1992 3878 2293 3973; x_wconf 86' lang='lat' dir='ltr'>misericordiam,</span> <span class='ocrx_word' id='word_1_445' title='bbox 2316 3910 2397 3979; x_wconf 72' lang='lat' dir='ltr'>grs-</span> 
     </span>
     <span class='ocr_line' id='line_1_32' title="bbox 293 3970 2397 4073; baseline 0.008 -30"><span class='ocrx_word' id='word_1_446' title='bbox 293 4001 296 4011; x_wconf 64' lang='grc'><em>’</em></span> <span class='ocrx_word' id='word_1_447' title='bbox 376 3974 439 4061; x_wconf 74' lang='lat' dir='ltr'>gis,</span> <span class='ocrx_word' id='word_1_448' title='bbox 468 3978 531 4045; x_wconf 86' lang='lat' dir='ltr'>sed</span> <span class='ocrx_word' id='word_1_449' title='bbox 555 3975 705 4045; x_wconf 84' lang='lat' dir='ltr'>Iactores</span> <span class='ocrx_word' id='word_1_450' title='bbox 734 3974 816 4043; x_wconf 88' lang='lat' dir='ltr'>iusti</span> <span class='ocrx_word' id='word_1_451' title='bbox 840 3986 934 4045; x_wconf 83' lang='lat' dir='ltr'>sunt.</span> <span class='ocrx_word' id='word_1_452' title='bbox 992 3973 1102 4044; x_wconf 87' lang='lat' dir='ltr'>Item:</span> <span class='ocrx_word' id='word_1_453' title='bbox 1135 3972 1210 4064; x_wconf 84' lang='lat' dir='ltr'>Qui</span> <span class='ocrx_word' id='word_1_454' title='bbox 1231 3975 1359 4068; x_wconf 88' lang='lat' dir='ltr'>spiritu</span> <span class='ocrx_word' id='word_1_455' title='bbox 1412 3970 1476 4059; x_wconf 77' lang='lat' dir='ltr'>Iis,</span> <span class='ocrx_word' id='word_1_456' title='bbox 1512 3994 1586 4041; x_wconf 92' lang='lat' dir='ltr'>non</span> <span class='ocrx_word' id='word_1_457' title='bbox 1608 3986 1752 4067; x_wconf 83' lang='lat' dir='ltr'>propter</span> <span class='ocrx_word' id='word_1_458' title='bbox 1778 3978 1959 4067; x_wconf 79' lang='lat' dir='ltr'>propriam</span> <span class='ocrx_word' id='word_1_459' title='bbox 1989 3980 2216 4073; x_wconf 73' lang='lat' dir='ltr'>dignitatem,</span> <span class='ocrx_word' id='word_1_460' title='bbox 2249 3987 2340 4063; x_wconf 89' lang='lat' dir='ltr'>sicut</span> <span class='ocrx_word' id='word_1_461' title='bbox 2362 4009 2397 4066; x_wconf 87' lang='lat' dir='ltr'>et</span> 
     </span>
     <span class='ocr_line' id='line_1_33' title="bbox 376 4069 2397 4184; baseline 0.007 -38"><span class='ocrx_word' id='word_1_462' title='bbox 376 4073 435 4147; x_wconf 87' lang='lat' dir='ltr'>Ilei</span> <span class='ocrx_word' id='word_1_463' title='bbox 450 4090 623 4166; x_wconf 59' lang='lat' dir='ltr'>amantor,</span> <span class='ocrx_word' id='word_1_464' title='bbox 637 4071 676 4147; x_wconf 84' lang='lat' dir='ltr'>Isi</span> <span class='ocrx_word' id='word_1_465' title='bbox 699 4089 783 4148; x_wconf 86' lang='lat' dir='ltr'>sunt</span> <span class='ocrx_word' id='word_1_466' title='bbox 800 4076 866 4145; x_wconf 87' lang='lat' dir='ltr'>lilii</span> <span class='ocrx_word' id='word_1_467' title='bbox 883 4074 1050 4159; x_wconf 77' lang='lat' dir='ltr'>Dei,etc.</span> <span class='ocrx_word' id='word_1_468' title='bbox 1410 4069 1542 4142; x_wconf 86' lang='lat' dir='ltr'>Daniel</span> <span class='ocrx_word' id='word_1_469' title='bbox 1565 4088 1659 4143; x_wconf 87' lang='lat' dir='ltr'>orat:</span> <span class='ocrx_word' id='word_1_470' title='bbox 1693 4070 1834 4149; x_wconf 84' lang='lat' dir='ltr'>Exaudi</span> <span class='ocrx_word' id='word_1_471' title='bbox 1862 4102 1928 4149; x_wconf 93' lang='lat' dir='ltr'>nos</span> <span class='ocrx_word' id='word_1_472' title='bbox 1951 4078 2125 4167; x_wconf 88' lang='lat' dir='ltr'>Domine,</span> <span class='ocrx_word' id='word_1_473' title='bbox 2157 4111 2233 4161; x_wconf 90' lang='lat' dir='ltr'>non</span> <span class='ocrx_word' id='word_1_474' title='bbox 2253 4108 2397 4184; x_wconf 86' lang='lat' dir='ltr'>propter</span> 
     </span>
     <span class='ocr_line' id='line_1_34' title="bbox 467 4171 2397 4287; baseline 0.004 -36"><span class='ocrx_word' id='word_1_475' title='bbox 467 4181 564 4251; x_wconf 85' lang='lat' dir='ltr'>Cum</span> <span class='ocrx_word' id='word_1_476' title='bbox 582 4192 701 4249; x_wconf 88' lang='lat' dir='ltr'>autem</span> <span class='ocrx_word' id='word_1_477' title='bbox 718 4200 857 4249; x_wconf 84' lang='lat' dir='ltr'>necesso</span> <span class='ocrx_word' id='word_1_478' title='bbox 873 4178 919 4249; x_wconf 90' lang='lat' dir='ltr'>sit</span> <span class='ocrx_word' id='word_1_479' title='bbox 936 4177 1050 4248; x_wconf 85' lang='lat' dir='ltr'>teneri</span> <span class='ocrx_word' id='word_1_480' title='bbox 1072 4177 1273 4269; x_wconf 88' lang='lat' dir='ltr'>simplicem</span> <span class='ocrx_word' id='word_1_481' title='bbox 1296 4202 1357 4245; x_wconf 84' lang='lat' dir='ltr'>re-</span> <span class='ocrx_word' id='word_1_482' title='bbox 1410 4171 1586 4245; x_wconf 86' lang='lat' dir='ltr'>insticiam</span> <span class='ocrx_word' id='word_1_483' title='bbox 1602 4192 1778 4265; x_wconf 88' lang='lat' dir='ltr'>nostram,</span> <span class='ocrx_word' id='word_1_484' title='bbox 1801 4182 1863 4250; x_wconf 90' lang='lat' dir='ltr'>sed</span> <span class='ocrx_word' id='word_1_485' title='bbox 1880 4206 1942 4270; x_wconf 93' lang='lat' dir='ltr'>per</span> <span class='ocrx_word' id='word_1_486' title='bbox 1959 4183 2236 4260; x_wconf 86' lang='lat' dir='ltr'>misericordiam</span> <span class='ocrx_word' id='word_1_487' title='bbox 2253 4210 2397 4287; x_wconf 72' lang='lat' dir='ltr'>propter</span> 
     </span>
     <span class='ocr_line' id='line_1_35' title="bbox 373 4273 2396 4371; baseline -0.001 -21"><span class='ocrx_word' id='word_1_488' title='bbox 373 4284 510 4353; x_wconf 87' lang='lat' dir='ltr'>ritatem</span> <span class='ocrx_word' id='word_1_489' title='bbox 525 4278 733 4370; x_wconf 67' lang='lat' dir='ltr'>Evangelii,</span> <span class='ocrx_word' id='word_1_490' title='bbox 755 4296 790 4351; x_wconf 88' lang='lat' dir='ltr'>et</span> <span class='ocrx_word' id='word_1_491' title='bbox 811 4279 1000 4350; x_wconf 85' lang='lat' dir='ltr'>mediatori</span> <span class='ocrx_word' id='word_1_492' title='bbox 1017 4304 1157 4371; x_wconf 89' lang='lat' dir='ltr'>semper</span> <span class='ocrx_word' id='word_1_493' title='bbox 1169 4279 1280 4350; x_wconf 87' lang='lat' dir='ltr'>tribui</span> <span class='ocrx_word' id='word_1_494' title='bbox 1295 4281 1357 4350; x_wconf 80' lang='lat' dir='ltr'>de·</span> <span class='ocrx_word' id='word_1_495' title='bbox 1410 4273 1620 4355; x_wconf 89' lang='lat' dir='ltr'>Dominum.</span> <span class='ocrx_word' id='word_1_496' title='bbox 1660 4276 1766 4353; x_wconf 85' lang='lat' dir='ltr'>Hanc</span> <span class='ocrx_word' id='word_1_497' title='bbox 1779 4284 2056 4357; x_wconf 74' lang='lat' dir='ltr'>consolationem</span> <span class='ocrx_word' id='word_1_498' title='bbox 2074 4294 2304 4365; x_wconf 57' lang='lat' dir='ltr'>neemanim</span> <span class='ocrx_word' id='word_1_499' title='bbox 2322 4320 2396 4371; x_wconf 59' lang='grc' dir='ltr'>ω,</span> 
     </span>
     <span class='ocr_line' id='line_1_36' title="bbox 373 4379 1835 4471; baseline 0.001 -20"><span class='ocrx_word' id='word_1_500' title='bbox 373 4386 480 4455; x_wconf 83' lang='lat' dir='ltr'>hilum</span> <span class='ocrx_word' id='word_1_501' title='bbox 507 4379 702 4468; x_wconf 87' lang='lat' dir='ltr'>honorem,</span> <span class='ocrx_word' id='word_1_502' title='bbox 735 4396 770 4453; x_wconf 85' lang='lat' dir='ltr'>st</span> <span class='ocrx_word' id='word_1_503' title='bbox 791 4381 938 4452; x_wconf 91' lang='lat' dir='ltr'>retineri</span> <span class='ocrx_word' id='word_1_504' title='bbox 960 4382 1198 4460; x_wconf 84' lang='lat' dir='ltr'>eonscientiae</span> <span class='ocrx_word' id='word_1_505' title='bbox 1218 4382 1356 4451; x_wconf 85' lang='lat' dir='ltr'>firmam</span> <span class='ocrx_word' id='word_1_506' title='bbox 1408 4402 1533 4447; x_wconf 90' lang='lat' dir='ltr'>omues</span> <span class='ocrx_word' id='word_1_507' title='bbox 1552 4379 1835 4471; x_wconf 79' lang='lat' dir='ltr'>piiintelligunt.</span> 
     </span>
     <span class='ocr_line' id='line_1_37' title="bbox 297 4475 2394 4575; baseline 0.008 -20"><span class='ocrx_word' id='word_1_508' title='bbox 297 4475 304 4518; x_wconf 82' lang='lat'>·&#39;</span> <span class='ocrx_word' id='word_1_509' title='bbox 372 4486 668 4568; x_wconf 85' lang='lat' dir='ltr'>consolationem,</span> <span class='ocrx_word' id='word_1_510' title='bbox 691 4498 725 4553; x_wconf 92' lang='lat' dir='ltr'>et</span> <span class='ocrx_word' id='word_1_511' title='bbox 746 4499 840 4553; x_wconf 86' lang='lat' dir='ltr'>recte</span> <span class='ocrx_word' id='word_1_512' title='bbox 860 4484 1052 4573; x_wconf 70' lang='lat' dir='ltr'>gubernari</span> <span class='ocrx_word' id='word_1_513' title='bbox 1066 4487 1174 4553; x_wconf 88' lang='lat' dir='ltr'>corda</span> <span class='ocrx_word' id='word_1_514' title='bbox 1198 4484 1236 4552; x_wconf 94' lang='lat' dir='ltr'>in</span> <span class='ocrx_word' id='word_1_515' title='bbox 1256 4482 1356 4551; x_wconf 84' lang='lat' dir='ltr'>omasi</span> <span class='ocrx_word' id='word_1_516' title='bbox 1513 4478 1583 4553; x_wconf 88' lang='lat' dir='ltr'>Sed</span> <span class='ocrx_word' id='word_1_517' title='bbox 1609 4483 1802 4555; x_wconf 89' lang='lat' dir='ltr'>adversarii</span> <span class='ocrx_word' id='word_1_518' title='bbox 1825 4484 1994 4575; x_wconf 79' lang='lat' dir='ltr'>lingentes</span> <span class='ocrx_word' id='word_1_519' title='bbox 2023 4512 2232 4565; x_wconf 85' lang='lat' dir='ltr'>conversum</span> <span class='ocrx_word' id='word_1_520' title='bbox 2263 4495 2394 4571; x_wconf 86' lang='lat' dir='ltr'>iustum</span> 
     </span>
     <span class='ocr_line' id='line_1_38' title="bbox 372 4586 2395 4677; baseline 0.004 -23"><span class='ocrx_word' id='word_1_521' title='bbox 372 4588 611 4671; x_wconf 89' lang='lat' dir='ltr'>invocatione,</span> <span class='ocrx_word' id='word_1_522' title='bbox 636 4587 790 4656; x_wconf 84' lang='lat' dir='ltr'>docendi</span> <span class='ocrx_word' id='word_1_523' title='bbox 812 4586 1092 4665; x_wconf 67' lang='lat' dir='ltr'>mutronensi,</span> <span class='ocrx_word' id='word_1_524' title='bbox 1117 4588 1298 4677; x_wconf 78' lang='lat' dir='ltr'>qarornodo</span> <span class='ocrx_word' id='word_1_525' title='bbox 1313 4589 1359 4655; x_wconf 90' lang='lat' dir='ltr'>de</span> <span class='ocrx_word' id='word_1_526' title='bbox 1409 4604 1485 4651; x_wconf 91' lang='lat' dir='ltr'>esse</span> <span class='ocrx_word' id='word_1_527' title='bbox 1507 4590 1652 4676; x_wconf 84' lang='lat' dir='ltr'>propter</span> <span class='ocrx_word' id='word_1_528' title='bbox 1676 4608 1804 4654; x_wconf 92' lang='lat' dir='ltr'>novam</span> <span class='ocrx_word' id='word_1_529' title='bbox 1825 4586 2071 4677; x_wconf 86' lang='lat' dir='ltr'>dilectionem,</span> <span class='ocrx_word' id='word_1_530' title='bbox 2106 4613 2288 4671; x_wconf 79' lang='lat' dir='ltr'>removent</span> <span class='ocrx_word' id='word_1_531' title='bbox 2321 4624 2395 4671; x_wconf 68' lang='lat' dir='ltr'>mn.</span> 
     </span>
     <span class='ocr_line' id='line_1_39' title="bbox 296 4671 2395 4789; baseline 0.005 -32"><span class='ocrx_word' id='word_1_532' title='bbox 296 4671 301 4712; x_wconf 89' lang='lat'>&#39;</span> <span class='ocrx_word' id='word_1_533' title='bbox 372 4690 505 4761; x_wconf 86' lang='lat' dir='ltr'>iusticia</span> <span class='ocrx_word' id='word_1_534' title='bbox 520 4689 603 4757; x_wconf 86' lang='lat' dir='ltr'>Iidei</span> <span class='ocrx_word' id='word_1_535' title='bbox 618 4688 722 4759; x_wconf 87' lang='lat' dir='ltr'>etlam</span> <span class='ocrx_word' id='word_1_536' title='bbox 742 4701 821 4781; x_wconf 92' lang='lat' dir='ltr'>post</span> <span class='ocrx_word' id='word_1_537' title='bbox 838 4687 1107 4757; x_wconf 86' lang='lat' dir='ltr'>conversionem</span> <span class='ocrx_word' id='word_1_538' title='bbox 1131 4688 1359 4762; x_wconf 84' lang='lat' dir='ltr'>sentiendum</span> <span class='ocrx_word' id='word_1_539' title='bbox 1409 4683 1605 4767; x_wconf 87' lang='lat' dir='ltr'>diatorem,</span> <span class='ocrx_word' id='word_1_540' title='bbox 1631 4708 1696 4757; x_wconf 89' lang='lat' dir='ltr'>nec</span> <span class='ocrx_word' id='word_1_541' title='bbox 1711 4686 1791 4777; x_wconf 91' lang='lat' dir='ltr'>plus</span> <span class='ocrx_word' id='word_1_542' title='bbox 1803 4685 1837 4757; x_wconf 89' lang='lat' dir='ltr'>ei</span> <span class='ocrx_word' id='word_1_543' title='bbox 1853 4690 2030 4787; x_wconf 85' lang='lat' dir='ltr'>tribuunt,</span> <span class='ocrx_word' id='word_1_544' title='bbox 2056 4718 2162 4787; x_wconf 88' lang='lat' dir='ltr'>quam</span> <span class='ocrx_word' id='word_1_545' title='bbox 2177 4702 2272 4789; x_wconf 89' lang='lat' dir='ltr'>quod</span> <span class='ocrx_word' id='word_1_546' title='bbox 2290 4702 2395 4774; x_wconf 83' lang='lat' dir='ltr'>nobis</span> 
     </span>
     <span class='ocr_line' id='line_1_40' title="bbox 371 4783 2414 4895; baseline 0.004 -34"><span class='ocrx_word' id='word_1_547' title='bbox 371 4794 423 4866; x_wconf 81' lang='lat' dir='ltr'>sia.</span> <span class='ocrx_word' id='word_1_548' title='bbox 465 4790 558 4861; x_wconf 87' lang='lat' dir='ltr'>I&#39;era</span> <span class='ocrx_word' id='word_1_549' title='bbox 573 4791 734 4861; x_wconf 84' lang='lat' dir='ltr'>doctrina</span> <span class='ocrx_word' id='word_1_550' title='bbox 751 4810 803 4863; x_wconf 84' lang='lat' dir='ltr'>ert</span> <span class='ocrx_word' id='word_1_551' title='bbox 821 4803 857 4860; x_wconf 89' lang='lat' dir='ltr'>et</span> <span class='ocrx_word' id='word_1_552' title='bbox 870 4804 1063 4881; x_wconf 85' lang='lat' dir='ltr'>perpetuus</span> <span class='ocrx_word' id='word_1_553' title='bbox 1079 4784 1255 4859; x_wconf 79' lang='lat' dir='ltr'>Ecclesiae</span> <span class='ocrx_word' id='word_1_554' title='bbox 1269 4811 1357 4858; x_wconf 87' lang='lat' dir='ltr'>con-</span> <span class='ocrx_word' id='word_1_555' title='bbox 1411 4783 1513 4855; x_wconf 91' lang='lat' dir='ltr'>initia</span> <span class='ocrx_word' id='word_1_556' title='bbox 1540 4784 1683 4859; x_wconf 90' lang='lat' dir='ltr'>illarum</span> <span class='ocrx_word' id='word_1_557' title='bbox 1706 4786 1914 4882; x_wconf 87' lang='lat' dir='ltr'>qualitatum</span> <span class='ocrx_word' id='word_1_558' title='bbox 1939 4794 2088 4875; x_wconf 89' lang='lat' dir='ltr'>meruit,</span> <span class='ocrx_word' id='word_1_559' title='bbox 2127 4819 2190 4869; x_wconf 91' lang='lat' dir='ltr'>seu</span> <span class='ocrx_word' id='word_1_560' title='bbox 2219 4801 2317 4895; x_wconf 88' lang='lat' dir='ltr'>quod</span> <span class='ocrx_word' id='word_1_561' title='bbox 2347 4804 2414 4885; x_wconf 63' lang='lat' dir='ltr'>sit,</span> 
     </span>
     <span class='ocr_line' id='line_1_41' title="bbox 369 4886 2394 4997; baseline 0.004 -32"><span class='ocrx_word' id='word_1_562' title='bbox 369 4918 491 4965; x_wconf 86' lang='lat' dir='ltr'>sensus</span> <span class='ocrx_word' id='word_1_563' title='bbox 504 4915 568 4985; x_wconf 91' lang='lat' dir='ltr'>per</span> <span class='ocrx_word' id='word_1_564' title='bbox 582 4886 778 4980; x_wconf 83' lang='lat' dir='ltr'>Prophetas</span> <span class='ocrx_word' id='word_1_565' title='bbox 792 4906 826 4963; x_wconf 85' lang='lat' dir='ltr'>ot</span> <span class='ocrx_word' id='word_1_566' title='bbox 840 4892 1033 4983; x_wconf 76' lang='lat' dir='ltr'>Apostolos</span> <span class='ocrx_word' id='word_1_567' title='bbox 1054 4890 1226 4973; x_wconf 80' lang='lat' dir='ltr'>traditan,</span> <span class='ocrx_word' id='word_1_568' title='bbox 1251 4889 1358 4960; x_wconf 89' lang='lat' dir='ltr'>etiarn</span> <span class='ocrx_word' id='word_1_569' title='bbox 1410 4910 1514 4958; x_wconf 87' lang='lat' dir='ltr'>causa</span> <span class='ocrx_word' id='word_1_570' title='bbox 1531 4886 1630 4958; x_wconf 90' lang='lat' dir='ltr'>illius</span> <span class='ocrx_word' id='word_1_571' title='bbox 1645 4888 1851 4962; x_wconf 88' lang='lat' dir='ltr'>mutationis</span> <span class='ocrx_word' id='word_1_572' title='bbox 1866 4890 1904 4959; x_wconf 93' lang='lat' dir='ltr'>in</span> <span class='ocrx_word' id='word_1_573' title='bbox 1919 4892 2034 4979; x_wconf 90' lang='lat' dir='ltr'>nobis,</span> <span class='ocrx_word' id='word_1_574' title='bbox 2062 4912 2178 4987; x_wconf 83' lang='lat' dir='ltr'>postea</span> <span class='ocrx_word' id='word_1_575' title='bbox 2197 4926 2277 4973; x_wconf 91' lang='lat' dir='ltr'>enm</span> <span class='ocrx_word' id='word_1_576' title='bbox 2293 4927 2394 4997; x_wconf 91' lang='lat' dir='ltr'>sepe-</span> 
     </span>
     <span class='ocr_line' id='line_1_42' title="bbox 368 4988 2394 5093; baseline 0.003 -26"><span class='ocrx_word' id='word_1_577' title='bbox 368 5010 445 5089; x_wconf 89' lang='lat' dir='ltr'>post</span> <span class='ocrx_word' id='word_1_578' title='bbox 456 4996 727 5067; x_wconf 86' lang='lat' dir='ltr'>conversionem</span> <span class='ocrx_word' id='word_1_579' title='bbox 749 4995 974 5064; x_wconf 88' lang='lat' dir='ltr'>statuendum</span> <span class='ocrx_word' id='word_1_580' title='bbox 1001 5015 1095 5076; x_wconf 86' lang='lat' dir='ltr'>esse,</span> <span class='ocrx_word' id='word_1_581' title='bbox 1135 4992 1263 5063; x_wconf 87' lang='lat' dir='ltr'>iustam</span> <span class='ocrx_word' id='word_1_582' title='bbox 1286 5015 1359 5061; x_wconf 88' lang='lat' dir='ltr'>esse</span> <span class='ocrx_word' id='word_1_583' title='bbox 1411 4988 1526 5068; x_wconf 86' lang='lat' dir='ltr'>liunt,</span> <span class='ocrx_word' id='word_1_584' title='bbox 1552 5003 1587 5060; x_wconf 91' lang='lat' dir='ltr'>et</span> <span class='ocrx_word' id='word_1_585' title='bbox 1603 4991 1647 5060; x_wconf 93' lang='lat' dir='ltr'>de</span> <span class='ocrx_word' id='word_1_586' title='bbox 1662 4990 1739 5061; x_wconf 89' lang='lat' dir='ltr'>eins</span> <span class='ocrx_word' id='word_1_587' title='bbox 1753 4991 2018 5081; x_wconf 88' lang='lat' dir='ltr'>intercessione,</span> <span class='ocrx_word' id='word_1_588' title='bbox 2046 5011 2080 5067; x_wconf 88' lang='lat' dir='ltr'>et</span> <span class='ocrx_word' id='word_1_589' title='bbox 2101 5002 2145 5069; x_wconf 88' lang='lat' dir='ltr'>de</span> <span class='ocrx_word' id='word_1_590' title='bbox 2161 5000 2394 5093; x_wconf 85' lang='lat' dir='ltr'>imputatione</span> 
     </span>
     <span class='ocr_line' id='line_1_43' title="bbox 369 5090 2394 5191; baseline 0.002 -24"><span class='ocrx_word' id='word_1_591' title='bbox 369 5122 576 5191; x_wconf 83' lang='lat' dir='ltr'>personam,</span> <span class='ocrx_word' id='word_1_592' title='bbox 602 5096 637 5165; x_wconf 93' lang='lat' dir='ltr'>id</span> <span class='ocrx_word' id='word_1_593' title='bbox 662 5109 733 5179; x_wconf 88' lang='lat' dir='ltr'>est,</span> <span class='ocrx_word' id='word_1_594' title='bbox 757 5109 934 5187; x_wconf 82' lang='lat' dir='ltr'>acceptam</span> <span class='ocrx_word' id='word_1_595' title='bbox 953 5090 1030 5165; x_wconf 85' lang='lat' dir='ltr'>Deo</span> <span class='ocrx_word' id='word_1_596' title='bbox 1054 5098 1098 5163; x_wconf 90' lang='lat' dir='ltr'>ad</span> <span class='ocrx_word' id='word_1_597' title='bbox 1120 5096 1229 5163; x_wconf 81' lang='lat' dir='ltr'>vitam</span> <span class='ocrx_word' id='word_1_598' title='bbox 1245 5106 1357 5163; x_wconf 89' lang='lat' dir='ltr'>aeter·</span> <span class='ocrx_word' id='word_1_599' title='bbox 1411 5090 1570 5163; x_wconf 84' lang='lat' dir='ltr'>iusticiae</span> <span class='ocrx_word' id='word_1_600' title='bbox 1586 5092 1725 5163; x_wconf 90' lang='lat' dir='ltr'>nullum</span> <span class='ocrx_word' id='word_1_601' title='bbox 1742 5094 1888 5165; x_wconf 87' lang='lat' dir='ltr'>verbum</span> <span class='ocrx_word' id='word_1_602' title='bbox 1906 5098 2042 5174; x_wconf 88' lang='lat' dir='ltr'>dieunt.</span> <span class='ocrx_word' id='word_1_603' title='bbox 2073 5097 2168 5189; x_wconf 86' lang='lat' dir='ltr'>Quia</span> <span class='ocrx_word' id='word_1_604' title='bbox 2185 5128 2267 5177; x_wconf 89' lang='lat' dir='ltr'>vero</span> <span class='ocrx_word' id='word_1_605' title='bbox 2284 5102 2394 5179; x_wconf 80' lang='lat' dir='ltr'>homo</span> 
     </span>
     <span class='ocr_line' id='line_1_44' title="bbox 369 5192 2394 5294; baseline 0.004 -23"><span class='ocrx_word' id='word_1_606' title='bbox 369 5228 469 5285; x_wconf 84' lang='lat' dir='ltr'>nam,</span> <span class='ocrx_word' id='word_1_607' title='bbox 495 5214 641 5291; x_wconf 85' lang='lat' dir='ltr'>propter</span> <span class='ocrx_word' id='word_1_608' title='bbox 664 5199 915 5287; x_wconf 84' lang='lat' dir='ltr'>mediatorem,</span> <span class='ocrx_word' id='word_1_609' title='bbox 956 5196 1031 5265; x_wconf 88' lang='lat' dir='ltr'>sola</span> <span class='ocrx_word' id='word_1_610' title='bbox 1054 5196 1140 5279; x_wconf 85' lang='lat' dir='ltr'>lide,</span> <span class='ocrx_word' id='word_1_611' title='bbox 1164 5220 1231 5291; x_wconf 90' lang='lat' dir='ltr'>per</span> <span class='ocrx_word' id='word_1_612' title='bbox 1251 5196 1357 5263; x_wconf 86' lang='lat' dir='ltr'>mise-</span> <span class='ocrx_word' id='word_1_613' title='bbox 1411 5192 1556 5266; x_wconf 90' lang='lat' dir='ltr'>intnens</span> <span class='ocrx_word' id='word_1_614' title='bbox 1578 5216 1660 5263; x_wconf 90' lang='lat' dir='ltr'>suas</span> <span class='ocrx_word' id='word_1_615' title='bbox 1683 5194 1871 5289; x_wconf 84' lang='lat' dir='ltr'>qaralitates</span> <span class='ocrx_word' id='word_1_616' title='bbox 1892 5198 2043 5269; x_wconf 90' lang='lat' dir='ltr'>multum</span> <span class='ocrx_word' id='word_1_617' title='bbox 2066 5204 2224 5275; x_wconf 89' lang='lat' dir='ltr'>sordium</span> <span class='ocrx_word' id='word_1_618' title='bbox 2247 5208 2394 5294; x_wconf 89' lang='lat' dir='ltr'>invenit,</span> 
     </span>
     <span class='ocr_line' id='line_1_45' title="bbox 369 5295 2392 5393; baseline 0.004 -20"><span class='ocrx_word' id='word_1_619' title='bbox 369 5303 581 5383; x_wconf 76' lang='lat' dir='ltr'>eicos-diam,</span> <span class='ocrx_word' id='word_1_620' title='bbox 606 5324 679 5369; x_wconf 82' lang='lat' dir='ltr'>nora</span> <span class='ocrx_word' id='word_1_621' title='bbox 697 5314 843 5393; x_wconf 86' lang='lat' dir='ltr'>propter</span> <span class='ocrx_word' id='word_1_622' title='bbox 862 5296 1041 5390; x_wconf 86' lang='lat' dir='ltr'>propriam</span> <span class='ocrx_word' id='word_1_623' title='bbox 1059 5298 1266 5387; x_wconf 71' lang='lat' dir='ltr'>dignitatem</span> <span class='ocrx_word' id='word_1_624' title='bbox 1285 5298 1356 5365; x_wconf 89' lang='lat' dir='ltr'>vir·</span> <span class='ocrx_word' id='word_1_625' title='bbox 1412 5318 1485 5363; x_wconf 86' lang='lat' dir='ltr'>rron</span> <span class='ocrx_word' id='word_1_626' title='bbox 1502 5295 1617 5365; x_wconf 90' lang='lat' dir='ltr'>solum</span> <span class='ocrx_word' id='word_1_627' title='bbox 1645 5296 1923 5367; x_wconf 86' lang='lat' dir='ltr'>consolationem</span> <span class='ocrx_word' id='word_1_628' title='bbox 1943 5324 2062 5371; x_wconf 90' lang='lat' dir='ltr'>veram</span> <span class='ocrx_word' id='word_1_629' title='bbox 2088 5317 2122 5375; x_wconf 91' lang='lat' dir='ltr'>et</span> <span class='ocrx_word' id='word_1_630' title='bbox 2146 5305 2251 5377; x_wconf 82' lang='lat' dir='ltr'>fidem</span> <span class='ocrx_word' id='word_1_631' title='bbox 2273 5310 2310 5379; x_wconf 89' lang='lat' dir='ltr'>in</span> <span class='ocrx_word' id='word_1_632' title='bbox 2335 5312 2392 5384; x_wconf 87' lang='lat' dir='ltr'>in-</span> 
     </span>
     <span class='ocr_line' id='line_1_46' title="bbox 369 5396 2373 5495; baseline 0.009 -36"><span class='ocrx_word' id='word_1_633' title='bbox 369 5420 508 5487; x_wconf 58' lang='lat' dir='ltr'>purum,</span> <span class='ocrx_word' id='word_1_634' title='bbox 534 5404 744 5495; x_wconf 60' lang='lat' dir='ltr'>qualitatum</span> <span class='ocrx_word' id='word_1_635' title='bbox 760 5413 820 5470; x_wconf 66' lang='lat' dir='ltr'>aut</span> <span class='ocrx_word' id='word_1_636' title='bbox 838 5420 986 5491; x_wconf 68' lang='lat' dir='ltr'>operum</span> <span class='ocrx_word' id='word_1_637' title='bbox 1002 5410 1069 5474; x_wconf 74' lang='lat' dir='ltr'>etr,</span> <span class='ocrx_word' id='word_1_638' title='bbox 1411 5396 1595 5466; x_wconf 87' lang='lat' dir='ltr'>vocatione</span> <span class='ocrx_word' id='word_1_639' title='bbox 1611 5398 1834 5486; x_wconf 75' lang='lat' dir='ltr'>extinguunt,</span> <span class='ocrx_word' id='word_1_640' title='bbox 1857 5402 1917 5467; x_wconf 89' lang='lat' dir='ltr'>sed</span> <span class='ocrx_word' id='word_1_641' title='bbox 1934 5402 2041 5473; x_wconf 85' lang='lat' dir='ltr'>etiarn</span> <span class='ocrx_word' id='word_1_642' title='bbox 2060 5407 2221 5479; x_wconf 83' lang='lat' dir='ltr'>dubitare</span> <span class='ocrx_word' id='word_1_643' title='bbox 2236 5410 2373 5487; x_wconf 82' lang='lat' dir='ltr'>iubent.</span> 
     </span>
     <span class='ocr_line' id='line_1_47' title="bbox 468 5494 2392 5603; baseline 0.004 -26"><span class='ocrx_word' id='word_1_644' title='bbox 468 5503 549 5577; x_wconf 83' lang='lat' dir='ltr'>Etsi</span> <span class='ocrx_word' id='word_1_645' title='bbox 572 5505 667 5574; x_wconf 89' lang='lat' dir='ltr'>enim</span> <span class='ocrx_word' id='word_1_646' title='bbox 680 5516 767 5574; x_wconf 87' lang='lat' dir='ltr'>sunt</span> <span class='ocrx_word' id='word_1_647' title='bbox 787 5503 949 5571; x_wconf 90' lang='lat' dir='ltr'>incoatae</span> <span class='ocrx_word' id='word_1_648' title='bbox 973 5500 1143 5585; x_wconf 86' lang='lat' dir='ltr'>virtutes,</span> <span class='ocrx_word' id='word_1_649' title='bbox 1167 5513 1287 5570; x_wconf 89' lang='lat' dir='ltr'>tamen</span> <span class='ocrx_word' id='word_1_650' title='bbox 1309 5497 1356 5567; x_wconf 91' lang='lat' dir='ltr'>si·</span> <span class='ocrx_word' id='word_1_651' title='bbox 1514 5494 1587 5569; x_wconf 87' lang='lat' dir='ltr'>Nec</span> <span class='ocrx_word' id='word_1_652' title='bbox 1607 5497 1688 5592; x_wconf 90' lang='lat' dir='ltr'>plus</span> <span class='ocrx_word' id='word_1_653' title='bbox 1705 5498 1829 5571; x_wconf 88' lang='lat' dir='ltr'>dicunt</span> <span class='ocrx_word' id='word_1_654' title='bbox 1850 5502 1895 5570; x_wconf 91' lang='lat' dir='ltr'>de</span> <span class='ocrx_word' id='word_1_655' title='bbox 1912 5500 2070 5594; x_wconf 89' lang='lat' dir='ltr'>iusticia,</span> <span class='ocrx_word' id='word_1_656' title='bbox 2095 5532 2201 5600; x_wconf 85' lang='lat' dir='ltr'>quam</span> <span class='ocrx_word' id='word_1_657' title='bbox 2220 5528 2392 5603; x_wconf 84' lang='lat' dir='ltr'>qnantum</span> 
     </span>
     <span class='ocr_line' id='line_1_48' title="bbox 369 5598 2394 5687; baseline 0.002 -7"><span class='ocrx_word' id='word_1_658' title='bbox 369 5608 444 5680; x_wconf 87' lang='lat' dir='ltr'>mol</span> <span class='ocrx_word' id='word_1_659' title='bbox 468 5603 588 5677; x_wconf 86' lang='lat' dir='ltr'>adhuc</span> <span class='ocrx_word' id='word_1_660' title='bbox 618 5606 750 5675; x_wconf 86' lang='lat' dir='ltr'>multae</span> <span class='ocrx_word' id='word_1_661' title='bbox 776 5604 899 5674; x_wconf 90' lang='lat' dir='ltr'>sordes</span> <span class='ocrx_word' id='word_1_662' title='bbox 927 5598 1074 5672; x_wconf 84' lang='lat' dir='ltr'>haerent</span> <span class='ocrx_word' id='word_1_663' title='bbox 1106 5602 1146 5671; x_wconf 93' lang='lat' dir='ltr'>in</span> <span class='ocrx_word' id='word_1_664' title='bbox 1174 5622 1359 5684; x_wconf 87' lang='lat' dir='ltr'>converso,</span> <span class='ocrx_word' id='word_1_665' title='bbox 1411 5598 1512 5671; x_wconf 87' lang='lat' dir='ltr'>Plato</span> <span class='ocrx_word' id='word_1_666' title='bbox 1534 5600 1644 5686; x_wconf 81' lang='lat' dir='ltr'>dixit,</span> <span class='ocrx_word' id='word_1_667' title='bbox 1678 5601 1764 5673; x_wconf 83' lang='lat' dir='ltr'>Iunc</span> <span class='ocrx_word' id='word_1_668' title='bbox 1785 5622 1861 5672; x_wconf 83' lang='lat' dir='ltr'>esse</span> <span class='ocrx_word' id='word_1_669' title='bbox 1883 5605 2192 5687; x_wconf 82' lang='lat' dir='ltr'>excellentem,seu</span> <span class='ocrx_word' id='word_1_670' title='bbox 2215 5610 2394 5685; x_wconf 84' lang='lat' dir='ltr'>heroicam</span> 
     </span>
     <span class='ocr_line' id='line_1_49' title="bbox 369 5698 2394 5804; baseline 0.001 -22"><span class='ocrx_word' id='word_1_671' title='bbox 369 5736 433 5782; x_wconf 89' lang='lat' dir='ltr'>nec</span> <span class='ocrx_word' id='word_1_672' title='bbox 456 5710 553 5780; x_wconf 86' lang='lat' dir='ltr'>lilius</span> <span class='ocrx_word' id='word_1_673' title='bbox 565 5705 631 5777; x_wconf 87' lang='lat' dir='ltr'>Dei</span> <span class='ocrx_word' id='word_1_674' title='bbox 646 5721 769 5797; x_wconf 87' lang='lat' dir='ltr'>postea</span> <span class='ocrx_word' id='word_1_675' title='bbox 783 5704 914 5779; x_wconf 88' lang='lat' dir='ltr'>desinit</span> <span class='ocrx_word' id='word_1_676' title='bbox 938 5724 1013 5771; x_wconf 87' lang='lat' dir='ltr'>esse</span> <span class='ocrx_word' id='word_1_677' title='bbox 1037 5703 1223 5775; x_wconf 88' lang='lat' dir='ltr'>mediator.</span> <span class='ocrx_word' id='word_1_678' title='bbox 1273 5698 1359 5771; x_wconf 84' lang='lat' dir='ltr'>Ideo</span> <span class='ocrx_word' id='word_1_679' title='bbox 1412 5701 1598 5783; x_wconf 88' lang='lat' dir='ltr'>virtutem,</span> <span class='ocrx_word' id='word_1_680' title='bbox 1631 5704 1776 5797; x_wconf 86' lang='lat' dir='ltr'>quando</span> <span class='ocrx_word' id='word_1_681' title='bbox 1804 5716 1945 5795; x_wconf 77' lang='lat' dir='ltr'>penora</span> <span class='ocrx_word' id='word_1_682' title='bbox 1978 5731 2051 5778; x_wconf 90' lang='lat' dir='ltr'>non</span> <span class='ocrx_word' id='word_1_683' title='bbox 2081 5722 2218 5780; x_wconf 86' lang='lat' dir='ltr'>tantum</span> <span class='ocrx_word' id='word_1_684' title='bbox 2240 5714 2394 5804; x_wconf 72' lang='lat' dir='ltr'>diligen·</span> 
     </span>
     <span class='ocr_line' id='line_1_50' title="bbox 371 5798 2393 5897; baseline 0 -10"><span class='ocrx_word' id='word_1_685' title='bbox 371 5812 599 5887; x_wconf 81' lang='lat' dir='ltr'>statuendum</span> <span class='ocrx_word' id='word_1_686' title='bbox 620 5822 693 5893; x_wconf 89' lang='lat' dir='ltr'>est,</span> <span class='ocrx_word' id='word_1_687' title='bbox 716 5808 787 5879; x_wconf 83' lang='lat' dir='ltr'>fide</span> <span class='ocrx_word' id='word_1_688' title='bbox 809 5830 878 5876; x_wconf 90' lang='lat' dir='ltr'>nos</span> <span class='ocrx_word' id='word_1_689' title='bbox 899 5816 1046 5897; x_wconf 86' lang='lat' dir='ltr'>propter</span> <span class='ocrx_word' id='word_1_690' title='bbox 1067 5803 1184 5893; x_wconf 92' lang='lat' dir='ltr'>ipsum</span> <span class='ocrx_word' id='word_1_691' title='bbox 1212 5803 1361 5895; x_wconf 87' lang='lat' dir='ltr'>placere,</span> <span class='ocrx_word' id='word_1_692' title='bbox 1411 5800 1460 5874; x_wconf 89' lang='lat' dir='ltr'>tia</span> <span class='ocrx_word' id='word_1_693' title='bbox 1486 5798 1642 5873; x_wconf 83' lang='lat' dir='ltr'>humana</span> <span class='ocrx_word' id='word_1_694' title='bbox 1673 5807 1866 5895; x_wconf 71' lang='lat' dir='ltr'>reguntur,</span> <span class='ocrx_word' id='word_1_695' title='bbox 1920 5810 1981 5877; x_wconf 87' lang='lat' dir='ltr'>sed</span> <span class='ocrx_word' id='word_1_696' title='bbox 2010 5811 2118 5881; x_wconf 90' lang='lat' dir='ltr'>etiam</span> <span class='ocrx_word' id='word_1_697' title='bbox 2146 5813 2271 5884; x_wconf 89' lang='lat' dir='ltr'>divino</span> <span class='ocrx_word' id='word_1_698' title='bbox 2293 5833 2393 5889; x_wconf 78' lang='lat' dir='ltr'>motat</span> 
     </span>
    </p>
   </div>
   <div class='ocr_carea' id='block_1_3' title="bbox 371 5902 2394 6078">
    <p class='ocr_par' dir='ltr' id='par_1_3' title="bbox 371 5902 2394 6078">
     <span class='ocr_line' id='line_1_51' title="bbox 371 5902 2394 6078; baseline 0.003 -94"><span class='ocrx_word' id='word_1_699' title='bbox 371 5939 444 5985; x_wconf 89' lang='lat' dir='ltr'>non</span> <span class='ocrx_word' id='word_1_700' title='bbox 466 5928 612 6007; x_wconf 90' lang='lat' dir='ltr'>propter</span> <span class='ocrx_word' id='word_1_701' title='bbox 634 5924 792 5981; x_wconf 83' lang='lat' dir='ltr'>nostrum</span> <span class='ocrx_word' id='word_1_702' title='bbox 817 5905 1047 5999; x_wconf 79' lang='lat' dir='ltr'>dignitatem:</span> <span class='ocrx_word' id='word_1_703' title='bbox 1079 5926 1219 5999; x_wconf 87' lang='lat' dir='ltr'>semper</span> <span class='ocrx_word' id='word_1_704' title='bbox 1242 5919 1362 5977; x_wconf 90' lang='lat' dir='ltr'>manet</span> <span class='ocrx_word' id='word_1_705' title='bbox 1415 5928 1478 5977; x_wconf 90' lang='lat' dir='ltr'>seu</span> <span class='ocrx_word' id='word_1_706' title='bbox 1493 5902 1614 5975; x_wconf 80' lang='lat' dir='ltr'>afflatu</span> <span class='ocrx_word' id='word_1_707' title='bbox 1630 5908 1894 6078; x_wconf 59' lang='lat' dir='ltr'>²⁶⁰⁰⁰d¹¹¹¹2¹si</span> <span class='ocrx_word' id='word_1_708' title='bbox 1935 5902 1975 5979; x_wconf 92' lang='lat' dir='ltr'>ld</span> <span class='ocrx_word' id='word_1_709' title='bbox 1992 5933 2073 5981; x_wconf 91' lang='lat' dir='ltr'>vere</span> <span class='ocrx_word' id='word_1_710' title='bbox 2088 5904 2236 5997; x_wconf 87' lang='lat' dir='ltr'>dicitur,</span> <span class='ocrx_word' id='word_1_711' title='bbox 2259 5930 2292 5989; x_wconf 89' lang='lat' dir='ltr'>et</span> <span class='ocrx_word' id='word_1_712' title='bbox 2308 5942 2394 5991; x_wconf 89' lang='lat' dir='ltr'>eon·</span> 
     </span>
    </p>
   </div>
   <div class='ocr_carea' id='block_1_4' title="bbox 0 0 2918 6950">
    <p class='ocr_par' dir='ltr' id='par_1_4' title="bbox 0 0 2918 6950">
     <span class='ocr_line' id='line_1_52' title="bbox 0 0 2918 6950; baseline 0 3"><span class='ocrx_word' id='word_1_713' title='bbox 0 0 2918 6950; x_wconf 95' lang='lat' dir='ltr'> </span> 
     </span>
    </p>
   </div>
  </div>
 </body>
</html>
