5825 6950
587 645 707 729 ω
1168 637 1296 715 euru.
1320 635 1439 714 arun
1467 633 1679 716 scurrus
1707 634 2005 718 uxuonucn.
2062 709 2065 718 ,
2124 709 2131 724 ,
2213 709 2218 720 .
2512 661 2562 740 m

588 853 659 903 nos
674 842 900 920 expavescere
916 828 1142 909 agnoscentes
1155 813 1246 884 iram
1266 815 1438 884 adversus
1455 811 1579 884 multi·
1633 827 1710 899 cto,
1736 815 1775 886 in
1790 837 1862 909 quo
1884 829 1983 887 motu
2004 817 2064 888 dat
2088 817 2195 892 uobis
2219 821 2466 914 testimoninm,
2487 847 2518 904 nt
2531 837 2563 908 sit

592 937 720 1027 plicem
754 925 1015 1005 infirmitatem,
1054 932 1090 990 et
1119 914 1261 987 infinita
1300 929 1414 985 errata
1446 928 1579 988 nostras
1633 915 1776 992 Paulus.
1841 915 1932 988 Cum
1964 919 2033 990 liele
2062 920 2132 990 iarn
2164 926 2381 1012 agnoscimus
2411 933 2564 1006 miserium.

592 1037 683 1108 Vult
704 1054 770 1102 nos
794 1026 1040 1098 reconciliatos
1064 1043 1126 1114 per
1148 1019 1261 1088 filium
1284 1019 1446 1099 credere,
1484 1019 1578 1111 quod
1633 1020 1727 1090 diam
1745 1035 1780 1091 et
1796 1022 2026 1108 praesentiam
2045 1020 2131 1106 Dei,
2155 1015 2360 1111 invocamus
2372 1055 2462 1117 euru,
2484 1049 2511 1108 et
2522 1061 2564 1108 nus

591 1131 768 1226 receperit
782 1153 848 1199 nos
865 1122 903 1196 in
920 1126 1088 1218 gratiam,
1113 1121 1209 1214 quod
1233 1121 1319 1191 velit
1343 1143 1410 1190 nos
1427 1143 1579 1200 servare,
1633 1124 1666 1192 ei
1694 1123 1923 1206 subiicimus,
1968 1135 2014 1194 ac'
2038 1137 2208 1199 caeteros.
2231 1137 2331 1200 ieros
2364 1134 2469 1205 cultus
2495 1162 2565 1226 prae·

594 1241 700 1314 nobis
722 1230 904 1327 opitulari.
967 1225 1043 1296 Hac
1067 1226 1135 1292 lide
1155 1221 1233 1291 vult
1256 1223 1435 1306 invocari,
1459 1223 1581 1316 vsilta
1634 1241 1725 1294 stare
1739 1225 1939 1314 incipimus,
1960 1249 2051 1318 quos
2066 1219 2347 1302 onmcsnuusine
2361 1259 2488 1325 prcusm
2501 1263 2567 1310 ron·
2611 1262 2615 1294 ⁴

594 1369 632 1416 se
646 1339 718 1434 peti
744 1351 779 1408 et
802 1330 974 1425 expectari
1001 1327 1173 1396 auxilium
1190 1324 1285 1394 iuxta
1302 1323 1484 1396 Psalmum
1501 1319 1581 1397 49.:
1635 1325 1822 1416 plectitur:
1863 1322 1921 1398 bie
1949 1327 2046 1400 enirn
2067 1344 2119 1400 est
2145 1353 2306 1404 summus
2324 1330 2441 1410 honos.
2503 1338 2568 1412 Satis
2610 1296 2614 1334 i

581 1445 725 1518 :lusura
756 1462 812 1507 me
838 1450 924 1518 etc„
958 1430 1038 1502 vult
1066 1452 1132 1498 nos
1151 1427 1222 1495 lide
1243 1429 1289 1496 ab
1311 1424 1387 1517 ipso
1417 1429 1582 1518 pendere,
1634 1429 1744 1518 igitur
1763 1429 1915 1517 intelligi
1941 1433 2223 1519 potest,'fidem,
2255 1438 2299 1504 de
2322 1446 2388 1528 q'ua
2409 1462 2467 1510 nos
2483 1440 2567 1533 loqui·

595 1571 670 1620 non
694 1561 861 1640 quaerere
891 1532 1064 1626 praesidia
1093 1543 1215 1600 contre
1246 1529 1322 1599 cius
1349 1529 1581 1598 voluntatem.
1635 1555 1736 1614 mur,
1767 1532 1872 1603 etiam
1897 1531 2136 1606 incoationeui
2159 1559 2232 1606 esse
2257 1539 2410 1631 reliquae
2432 1535 2583 1612 interioria

596 1647 647 1722 lli
667 1659 752 1718 sunt
774 1632 893 1709 arcani
913 1635 1048 1719 cultus,
1074 1645 1108 1702 et
1131 1630 1269 1724 proprii
1284 1625 1583 1713 Christianorum,
1634 1633 1876 1716 obedientiae,
1904 1647 1938 1705 et
1958 1647 2177 1720 nascentur,
2196 1639 2482 1732 honipropnsiti.
2521 1641 2568 1714 Nes
2617 1703 2618 1706 ,

597 1773 686 1846 qssns
710 1743 911 1844 intelligere
928 1760 996 1806 nos
1019 1748 1177 1838 oportet,
1204 1743 1406 1826 etquornm
1422 1733 1582 1822 exempla
1637 1735 1771 1806 incoari
1797 1741 1913 1826 posset
1944 1736 2099 1824 primurn
2127 1749 2371 1832 praereptum,
2408 1746 2493 1836 quod
2512 1767 2569 1814 con·
2609 1784 2612 1809 t

596 1843 866 1942 conspiciuntur
900 1841 939 1909 in
972 1839 1043 1906 illis
1077 1833 1328 1905 excellentibus
1358 1835 1463 1920 viris,
1495 1857 1585 1926 quos
1637 1837 1801 1907 cinnatur
1822 1839 1868 1906 de
1891 1837 1943 1908 ira
1967 1835 2036 1908 Dei
2062 1841 2234 1916 winusus
2253 1853 2446 1932 peccatum,
2469 1847 2568 1914 nonde
2611 1820 2612 1852 ³

594 1955 693 2027 Deus
707 1949 814 2020 nobis
830 1961 998 2043 tanquam
1015 1939 1200 2030 magistros
1215 1935 1399 2030 proposuit
1412 1937 1452 2006 in
1468 1935 1585 2006 Abra·
1618 1938 1788 2034 gratuita
1809 1940 2088 2025 condonatione,
2118 1943 2301 2034 nisi-prius
2317 1947 2433 2017 audito
2448 1944 2570 2036 Evange-

594 2055 699 2138 ham,
733 2047 847 2132 lsaac,
880 2043 1007 2128 Iacob,
1040 2035 1187 2130 loseph,
1212 2039 1406 2119 somnne,
1436 2033 1586 2122 Davide,
1637 2040 1688 2110 lio
1708 2055 1942 2113 statueremus
1965 2065 2030 2113 nos
2053 2043 2123 2114 fide
2144 2060 2288 2136 propter
2311 2044 2478 2120 Christum
2497 2048 2570 2138 gratis

598 2156 764 2239 Ieremia,
795 2148 961 2229 Daniele,
987 2159 1021 2215 et
1046 2143 1234 2214 similibus.
1304 2138 1391 2211 Vult
1412 2142 1494 2210 item
1520 2162 1585 2209 nos
1637 2143 1806 2236 consequi
1823 2142 2066 2240 remissionem
2086 2161 2321 2236 peccatorum.

596 2263 721 2332 ardere
753 2251 871 2325 studio
901 2245 1165 2340 cognoscendi,
1205 2245 1427 2336 propagandi
1461 2257 1496 2313 et
1527 2268 1586 2312 or·
1741 2243 1903 2316 lntne'tur
1924 2259 2040 2318 autem
2066 2247 2153 2321 fides
2175 2251 2295 2322 filiurn
2316 2246 2383 2322 Dei
2403 2262 2571 2338 regnantem,
2617 2301 2618 2348 ,

597 2361 709 2434 nandi
725 2350 926 2445 Evangelii.
977 2349 1035 2420 An
1062 2345 1158 2418 hunc
1181 2346 1316 2417 cultum
1339 2347 1441 2416 docet
1464 2369 1586 2414 omnes
1639 2359 1673 2416 et
1690 2345 1756 2416 scit
1769 2347 1873 2418 illum
1888 2371 1963 2418 non
1979 2348 2133 2422 otiosum
2157 2373 2251 2437 esse,
2278 2353 2339 2422 sed
2359 2353 2484 2422 assidue
2501 2351 2571 2420 belli-
2617 2349 2618 2426 l

598 2462 786 2560 praecipue
811 2456 993 2534 conditos,
1027 2463 1171 2520 renatos
1197 2463 1231 2519 et
1255 2460 1398 2519 vocatos
1420 2471 1512 2532 esse,
1537 2447 1586 2516 si·
1638 2449 1753 2538 gerari
1770 2473 1850 2520 curn
1866 2450 2028 2532 diabolo,
2054 2454 2116 2544 qui
2140 2477 2213 2524 non
2234 2454 2367 2524 desiuit
2387 2473 2571 2524 summata:-
2617 2437 2618 2526 ἕ

598 2581 659 2640 cut
676 2565 724 2632 ait
739 2560 881 2630 Petrus:
907 2553 1032 2625 Vocati
1049 2577 1091 2621 ex
1105 2550 1280 2633 tenebris,
1304 2562 1346 2619 ut
1361 2551 1533 2620 enarretis
1547 2573 1588 2620 ac
1642 2551 1726 2622 vitia
1740 2563 1776 2622 et
1790 2551 1916 2622 astutia
1930 2555 2079 2643 graecari
2101 2555 2141 2623 in
2164 2559 2324 2628 membre
2342 2551 2483 2640 Christi,
2501 2552 2573 2644 pelli·
2617 2529 2618 2596 l

598 2663 782 2742 celebretis
797 2658 965 2730 beneficia
976 2653 1058 2727 Dei.
1111 2651 1158 2722 Et
1174 2652 1213 2720 iu
1229 2651 1368 2722 Psalmo
1383 2653 1463 2725 at:
1490 2649 1587 2722 Con-
1640 2653 1688 2723 cit
1710 2653 1852 2724 insidiis
1874 2653 1912 2722 in
1936 2647 2096 2745 peccata,
2128 2658 2166 2724 in
2190 2657 2312 2730 tristes
2335 2681 2451 2741 casus,
2471 2654 2572 2726 utinde

598 2771 724 2844 htebor
745 2764 812 2834 tibi
833 2762 871 2830 in
895 2757 1050 2829 Ecclesia
1075 2777 1213 2845 magna.
1269 2748 1318 2825 Et
1341 2751 1457 2824 Psalm
1480 2749 1586 2825 115.:
1640 2750 1822 2848 pertrahat
1854 2756 1894 2826 in
1934 2756 2242 2849 desperationem,
2289 2760 2442 2830 offundit
2468 2775 2574 2835 errores,

597 2873 693 2943 Vota
715 2890 793 2936 mea
814 2861 971 2932 Domino
1001 2859 1147 2928 reddam
1176 2880 1294 2926 coram
1321 2857 1421 2926 omni
1442 2857 1589 2949 populo,
1640 2855 2030 2948 confirmatEpicureas
2045 2860 2252 2950 opiniones,
2280 2885 2372 2956 quae
2391 2860 2575 2932 blandiuntur
2615 2885 2616 2930 3

599 2978 640 3048 iu
660 2970 759 3045 atriis
782 2970 909 3038 domus
922 2959 991 3033 Dei
1013 2960 1138 3058 nostri.
1190 2956 1279 3028 Vult
1299 2982 1365 3029 nos
1391 2958 1429 3027 in
1452 2959 1589 3050 proies·
1641 2959 1779 3030 levibns
1795 2959 1958 3049 ingeniis.
1989 2959 2117 3032 lucitat
2132 2977 2317 3056 tyrannos,
2335 2977 2375 3034 ut
2388 2965 2523 3054 gigantea
2534 2981 2574 3028 tu·
2617 2989 2618 3028 ;

598 3079 698 3148 sione
720 3067 906 3158 Evangelii
930 3079 1108 3158 praestare
1139 3061 1396 3145 constantiam,
1433 3061 1472 3130 in
1494 3061 1588 3130 alili·
1640 3062 1738 3130 dacia
1755 3075 1931 3132 conentur
1943 3061 2060 3132 delere
2075 3087 2206 3136 nomeu
2222 3062 2375 3150 Christi,
2393 3080 2424 3136 et
2437 3071 2575 3134 exercent
2617 3093 2618 3126 ;

507 3242 510 3252 .
599 3171 777 3252 ctinnibus
798 3168 1057 3250 obedientiam,
1097 3178 1133 3234 et
1153 3166 1198 3233 ab
1220 3164 1296 3253 ipso
1324 3177 1442 3253 petere
1466 3187 1507 3232 ac
1529 3186 1590 3231 ex·
1641 3163 1910 3235 irsiuttissirnam
1945 3164 2202 3239 crudelitatem.
2270 3166 2364 3240 Cum
2396 3181 2499 3238 autem
2521 3161 2574 3232 satis
2617 3211 2618 3232 2

598 3293 738 3374 pectore
761 3273 947 3344 auxilium.
1008 3265 1097 3337 Vult
1121 3290 1186 3335 nos
1209 3289 1349 3348 cavere,
1389 3289 1434 3333 ne
1456 3265 1588 3335 nostris
1640 3278 1776 3336 constet
1795 3266 1899 3355 longe
1920 3266 2188 3338 imbecilliorem
2212 3293 2289 3340 esse
2312 3265 2578 3344 humanamnttu·
2617 3311 2618 3334 t

587 3381 725 3472 ,erratis
737 3391 799 3448 aut
816 3371 918 3444 malis
935 3369 1102 3460 exemplis
1117 3367 1281 3437 scandala
1294 3367 1495 3451 excitemus,
1511 3365 1589 3436 vult
1640 3391 1737 3453 rann,
1763 3391 1869 3460 quern
1885 3382 2010 3440 uttam
2024 3369 2229 3458 vigilantem
2245 3396 2288 3443 at
2300 3374 2461 3444 rabidum
2481 3365 2576 3438 hasten

599 3510 666 3555 nos
681 3482 834 3553 refutare
851 3502 890 3547 ac
903 3472 1019 3543 odisse
1042 3470 1150 3561 impia
1172 3472 1356 3559 dogmata,
1383 3494 1456 3538 non
1476 3468 1588 3540 collu·
1640 3470 1717 3539 sine
1734 3469 1873 3541 coelesti
1892 3471 2025 3543 auxilio
2042 3474 2181 3543 vincere
2197 3477 2327 3567 possit:
2354 3478 2430 3547 iden
2449 3475 2520 3543 tides
2530 3492 2578 3537 nt·

599 3590 683 3659 dere
704 3606 784 3654 cum
811 3576 952 3670 organis
976 3573 1127 3657 diaboli,
1162 3595 1252 3665 quae
1272 3588 1448 3641 conantur
1470 3572 1588 3641 delere
1640 3570 1746 3642 rninit
1766 3573 1865 3662 regni
1886 3567 2041 3658 Christi,
2071 3577 2137 3649 scit
2161 3592 2242 3647 euin
2266 3591 2349 3668 post
2372 3579 2577 3670 primanus

598 3685 847 3777 Evangelium.
900 3678 970 3749 Sed
995 3699 1069 3744 nnn
1092 3673 1231 3743 institui
1252 3669 1311 3743 hic
1328 3672 1587 3742 enarrationem
1641 3674 1843 3745 missionem
1862 3697 2001 3765 semper
2017 3676 2171 3749 adfuisse
2192 3680 2280 3768 piis,
2305 3704 2385 3749 oum
2407 3680 2578 3750 dictumest:

600 3787 777 3877 decalogi,
810 3785 849 3852 iu
882 3805 986 3874 quem
1019 3791 1137 3848 tamen
1172 3776 1250 3869 pins
1283 3800 1422 3867 semper
1455 3775 1589 3845 intueri
1641 3772 1770 3849 Semen
1794 3776 1954 3847 mulieris
1975 3790 2134 3852 conteret
2161 3795 2266 3871 eaput
2295 3783 2482 3873 serpentia,
2509 3795 2578 3868 quan

601 3903 765 3985 oportet,
790 3899 825 3957 et
850 3881 1072 3953 considerare
1095 3903 1200 3972 quarn
1229 3878 1363 3964 multa,
1393 3900 1521 3967 magna
1554 3892 1589 3947 et
1640 3878 1852 3955 sententiam
1883 3877 2036 3951 loannes
2064 3882 2181 3953 reddit
2209 3875 2266 3953 his
2290 3885 2424 3956 verbis:
2462 3877 2579 3951 Christus

600 3995 711 4065 ardna
727 3990 840 4060 officia
860 3984 1121 4087 complectatur.
1641 3981 1822 4070 apparuit,
1846 3996 1887 4053 ut
1904 3982 2060 4054 destruat
2074 4008 2181 4075 opera
2197 3984 2348 4059 diaboli.
2381 3983 2499 4057 Adinit
2512 3974 2579 4049 lamb

703 4087 757 4162 De
772 4088 924 4159 secunda
936 4084 1157 4179 quaestione:
1190 4077 1375 4153 Atiniae
1391 4093 1512 4152 nostra
1528 4082 1587 4149 in·
1640 4096 1674 4153 et
1688 4084 1870 4153 benedixit
1886 4084 1930 4167 ei,
1958 4098 1992 4155 et
2006 4086 2228 4159 confirmarit
2244 4110 2327 4157 eum
2343 4086 2580 4180 Spiritusancta:

600 4194 767 4272 firmitate
789 4190 968 4287 quomodo
988 4186 1079 4255 ellici
1101 4199 1248 4275 possunt
1262 4208 1368 4277 opera
1385 4197 1502 4267 tantu,
1530 4184 1587 4250 in·
1638 4184 1753 4255 adluit
1778 4182 1940 4266 Danieli,
1981 4190 2183 4281 etquidem
2215 4180 2297 4259 ctrm
2328 4215 2371 4261 eo
2402 4182 2582 4280 colloquitur·

600 4302 731 4374 teriora
752 4309 787 4365 et
810 4288 1004 4363 exteriora?
1042 4279 1121 4358 Etsi
1145 4288 1296 4357 exterior
1320 4286 1507 4379 disciplina
1529 4299 1587 4355 ut·
1640 4286 1700 4359 Sic
1722 4298 1845 4377 regnat
1862 4288 1989 4378 igitur,
2014 4302 2054 4361 ut
2076 4290 2150 4359 suis
2171 4292 2344 4363 membris
2364 4293 2470 4374 adsit,
2492 4282 2581 4355 confir·

601 4423 742 4495 cunque
756 4393 925 4487 praestari
940 4404 1052 4484 potest
1069 4386 1225 4459 humana
1240 4388 1444 4479 diligentia,
1467 4402 1586 4456 tamen
1639 4402 1712 4460 met
1731 4409 1769 4459 ea
1787 4412 1852 4461 suo
1870 4390 2017 4480 spiritu,
2043 4404 2077 4461 et
2101 4404 2194 4479 tegat
2209 4409 2333 4464 contra
2351 4394 2491 4465 iusidias
2503 4403 2530 4458 et
2542 4385 2583 4453 itt-

600 4518 719 4575 motns
742 4497 942 4591 spirituales
967 4490 1059 4564 ellici
1080 4514 1154 4560 non
1177 4505 1326 4582 possunt
1350 4491 1426 4559 siue
1449 4487 1587 4580 Spiritu
1639 4504 1740 4581 petus
1764 4492 1909 4563 diaboli.
1970 4489 2104 4580 Quales
2125 4507 2242 4564 autem
2266 4509 2301 4565 et
2324 4522 2431 4588 quam
2453 4491 2582 4584 gloriosse

601 4619 746 4703 spncto:
785 4600 865 4668 ideo
895 4621 975 4666 cum
1004 4595 1073 4663 tide
1102 4592 1288 4681 eriguntur
1316 4592 1443 4673 corda,
1482 4592 1588 4661 datur
1637 4593 1711 4663 sint
1736 4593 1823 4665 tales
1847 4585 2032 4674 victoriae,
2061 4594 2443 4687 significanterempla
2464 4586 2583 4665 navitis,

599 4707 754 4799 Spiritus
788 4712 946 4780 sauctus,
995 4710 1035 4766 ut
1070 4696 1109 4763 in
1144 4692 1274 4763 animis
1316 4694 1483 4761 accendat
1518 4717 1586 4763 no·
1638 4690 1832 4778 Ezechiae,
1863 4692 2045 4775 Danielis,
2083 4711 2118 4769 et
2138 4696 2286 4767 similia:
2323 4714 2359 4769 et
2381 4697 2527 4769 ostendet
2543 4684 2583 4757 hot
2614 4688 2615 4713 i

477 4802 483 4811 ’
600 4832 680 4878 vam
695 4806 827 4887 lucem,
852 4816 885 4871 et
907 4797 1075 4868 exuscitet
1099 4808 1215 4865 motus
1238 4792 1337 4886 pios,
1371 4794 1586 4868 convenien-
1638 4791 1840 4888 triumphos
1864 4791 2026 4868 Christus
2041 4797 2079 4866 in
2096 4798 2371 4884 resuscitatione
2395 4810 2585 4871 mortuum,

600 4926 652 4983 tes
670 4907 740 4995 legi
759 4903 848 4985 Dei,
874 4901 969 4971 iuxta
987 4898 1076 4967 illud
1093 4894 1214 4967 Pauli:
1243 4895 1292 4968 Ut
1313 4896 1585 4986 promissionem
1639 4894 1703 4967 etsi
1731 4900 1887 4967 mundns
1908 4922 2005 4969 nnuc
2028 4922 2085 4969 res
2108 4910 2223 4971 tantas
2244 4903 2395 4993 negligit
2417 4916 2451 4973 et
2477 4894 2584 4969 deridet.

599 5009 744 5104 spiritus
761 5002 972 5096 accipiamus
990 5023 1053 5091 per
1070 4998 1188 5071 iidem.
1239 4994 1287 5069 Et
1301 4994 1492 5067 Zachariae
1511 5000 1586 5074 te:
1638 4998 1708 5071 Sed
1733 4999 1781 5089 pii
1809 4994 1895 5069 haec
1919 5001 2048 5089 praelia
2079 5026 2152 5071 non
2183 5004 2333 5073 omnino
2364 5006 2533 5095 ignorant,
2560 5013 2585 5061 tt

600 5112 796 5185 Effundam
826 5128 931 5197 super
956 5096 1173 5171 habitatores
1199 5098 1390 5169 Ierusalem
1419 5097 1585 5191 spiritum
1637 5100 1768 5189 singuli
1785 5100 1822 5171 in
1839 5099 1913 5172 suis
1929 5102 2213 5191 perieulishdem
2236 5129 2399 5176 exercere
2420 5104 2585 5176 debenutt

602 5215 734 5305 gratiae
746 5222 781 5279 et
795 5230 951 5298 precum.
1003 5200 1586 5291 VenustissimesignihcavitPro-
1637 5224 1824 5291 agnoscere
1852 5226 1893 5272 ac
1914 5202 2080 5274 invocare
2100 5205 2224 5275 ducem
2239 5202 2444 5291 Christum,
2469 5218 2500 5273 et
2522 5198 2584 5269 fidu

597 5312 705 5411 pheta
721 5310 909 5406 praecipua
924 5302 1338 5393 officiafipiritnssancti
1356 5304 1395 5373 in
1417 5303 1586 5373 cordibus
1638 5305 1692 5373 cia
1713 5304 1826 5394 ipsius
1855 5305 2019 5393 praeliari
2048 5330 2129 5376 curn
2161 5307 2327 5395 diabolo,
2368 5333 2433 5379 nec
2462 5290 2586 5377 oblivisci
2615 5270 2616 5321 ¹

597 5419 763 5512 piorum,
787 5404 1183 5497 etpraecipuoscultus.
1229 5402 1403 5478 Nominat
1418 5405 1584 5495 spiritum
1638 5405 1744 5475 verba
1762 5403 1923 5475 loannis:
1958 5402 2119 5481 Christus
2142 5410 2180 5479 iu
2206 5405 2272 5481 boc
2291 5410 2475 5501 apparuit,
2496 5418 2529 5475 ut
2544 5401 2585 5469 dt·

598 5520 750 5611 gratiae,
776 5509 956 5608 quietum
973 5506 1042 5575 lide
1061 5505 1250 5596 erigimur,
1273 5504 1448 5598 sSpiritn
1462 5520 1584 5577 sancto
1636 5518 1868 5595 struatopera
1885 5508 2031 5583 diaboli.
2082 5508 2178 5579 Hinc
2191 5509 2342 5603 intelligi
2359 5524 2491 5611 potest,
2511 5486 2616 5575 fiuml

598 5622 827 5697 adiuvamur,
858 5621 899 5679 ut
918 5620 1114 5679 statuamus
1134 5607 1240 5677 nobis
1262 5602 1379 5679 Deum
1400 5628 1476 5677 ease
1499 5632 1585 5697 pro-
1636 5630 1710 5677 non
1733 5630 1807 5678 esse
1829 5608 1977 5681 otiosam
2001 5612 2295 5701 speculationem,
2328 5617 2391 5685 sed
2416 5615 2520 5683 lucem
2539 5624 2584 5691 pt·

596 5724 752 5819 pluium,
778 5728 815 5784 ot
834 5734 901 5783 uos
926 5709 1078 5781 vicissim
1099 5708 1169 5802 ipsi
1191 5721 1350 5799 acceptos
1366 5728 1450 5783 csse.
1502 5706 1583 5779 Pri-
1634 5708 1844 5787 bernautem
1880 5734 2002 5781 ornnes
2036 5714 2191 5787 actiones
2232 5730 2266 5787 et
2296 5714 2420 5787 omnia
2453 5704 2585 5807 pericula·
2615 5730 2616 5747 ¹

597 5844 697 5893 mum
720 5842 802 5913 ergo
825 5814 999 5907 siguificat
1022 5812 1130 5909 fidem
1152 5810 1295 5883 oscitari
1309 5832 1330 5882 s
1343 5808 1485 5903 Spiritu
1500 5830 1583 5881 san-
1634 5806 1827 5883 Possumus
1842 5810 1950 5903 igitur
1964 5813 2107 5887 incoare
2120 5817 2360 5889 obedientiam
2385 5802 2584 5889 adiutisilit
