5825 6950
510 736 514 742 ,
588 671 670 748 eor
1170 629 2060 732 sumumsumrrsmnrucu.
2224 657 2228 669 ·
2420 707 2427 721 ι
2520 667 2572 746 40,

689 839 786 933 Quia
809 837 867 909 lex
886 829 1035 936 spiritus
1053 829 1149 904 sitae
1171 825 1212 900 in
1225 822 1369 902 Christo
1385 825 1469 901 lesu
1488 827 1582 902 libs-
1632 849 1831 902 cameron
1846 825 1948 908 estis,
1973 807 2037 898 sed
2048 822 2251 920 inspiritu,
2280 829 2449 929 siquidem
2467 839 2573 932 spirita

588 957 755 1022 ratmea
775 935 999 1034 legepeccati
1020 947 1056 1006 ιι
1076 931 1223 1018 ιιιοιιίι,
1246 931 1376 1022 idest,
1401 932 1583 1024 guberna·
1631 929 1701 1002 Dei
1730 924 1869 1002 habitat
1896 929 1938 1000 in
1970 927 2084 1018 vohis,
2141 929 2249 1022 Item,
2282 936 2313 1004 si
2345 937 2423 1030 quie
2452 942 2574 1031 aptum„

588 1051 641 1123 tio
656 1046 813 1138 Spiritus
828 1039 960 1125 saneti,
985 1037 1050 1130 qui
1065 1035 1237 1115 viviticat,
1260 1035 1323 1127 qui
1336 1035 1406 1106 lide
1419 1035 1459 1104 iu
1474 1030 1583 1106 Chri-
1633 1028 1769 1104 Christi
1795 1056 1869 1102 non
1892 1027 2019 1118 hahet,
2046 1032 2077 1102 is
2096 1055 2171 1104 non
2194 1050 2246 1109 est
2260 1031 2411 1125 Christi,
2434 1036 2516 1134 Erpa
2533 1046 2573 1137 qui

589 1169 683 1225 stum
707 1145 927 1236 coneipitur,
950 1164 1027 1214 non
1047 1138 1134 1208 sinit
1153 1136 1333 1208 dominari
1348 1152 1532 1230 peecatum
1548 1150 1584 1209 et
1633 1135 1799 1227 spiritum
1821 1129 1956 1206 Christi
1979 1157 2053 1203 non
2079 1130 2204 1224 habet,
2229 1139 2367 1211 etiamsi
2388 1143 2510 1220 ratione
2526 1147 2575 1218 uti.

589 1266 753 1326 mortem.
808 1244 969 1318 Tametsi
982 1241 1101 1314 adsint
1117 1250 1299 1330 peceatum
1320 1253 1357 1310 et
1378 1261 1495 1325 mors,
1527 1252 1584 1310 ta·
1634 1253 1713 1329 tur,
1739 1236 1880 1308 etiamsi
1894 1231 2158 1330 philosophiam
2182 1241 2361 1332 sequitur,
2386 1247 2575 1318 nondumn-

588 1378 674 1428 men
691 1375 767 1424 non
782 1349 1026 1422 dominantur.
1081 1339 1268 1412 Peccatum
1283 1365 1358 1412 uon
1375 1354 1490 1434 polest
1506 1341 1584 1412 adi·
1635 1363 1718 1410 men
1740 1339 1854 1410 iustus
1875 1352 1925 1410 est
1944 1362 2063 1409 coram
2077 1337 2166 1434 Deo.
2225 1341 2349 1438 Neque
2369 1369 2448 1417 sero
2466 1348 2576 1438 spin'tu

590 1479 674 1548 pere
696 1457 742 1526 ad
765 1450 1068 1542 desperationem,
1099 1465 1197 1514 mors
1222 1467 1299 1515 non
1322 1457 1439 1537 potest
1460 1446 1585 1514 absor—
1635 1436 1958 1534 Christigsigoificat
1975 1440 2149 1514 rationem
2165 1458 2343 1531 uostmm,
2368 1450 2426 1518 sed
2442 1447 2576 1540 spiritum

590 1561 700 1643 here,
723 1555 808 1650 quia
824 1550 980 1644 Spiritus
994 1559 1156 1626 sanctus,
1182 1544 1245 1638 qui
1260 1547 1330 1619 fide
1344 1547 1384 1618 in
1400 1540 1584 1618 Christum
1636 1557 1814 1626 sanctum,
1842 1543 1934 1612 inira
1957 1542 2053 1616 enim
2075 1557 2224 1617 testatur
2245 1571 2283 1617 se
2302 1547 2402 1644 loqui
2417 1551 2460 1621 tle
2475 1551 2577 1641 spiritu,

593 1659 811 1751 coneipitur,
842 1664 1036 1735 sustentat,
1062 1647 1287 1733 consolatur,
1310 1663 1348 1721 et
1370 1647 1526 1720 viviticat
1546 1649 1587 1718 in
1637 1670 1743 1740 quem
1765 1645 1945 1736 accipiunt
1967 1645 2090 1721 ιιιιιιὶ.
2157 1645 2228 1720 Sed
2250 1673 2325 1722 non
2345 1663 2397 1722 aet
2421 1647 2515 1723 huin,
2531 1652 2577 1722 1001

592 1764 668 1834 illis
684 1758 896 1833 terroribus.
946 1750 990 1822 In
1005 1750 1178 1821 vocabulo
1192 1749 1281 1841 legis
1300 1745 1363 1820 hie
1380 1748 1588 1847 nardinum
1639 1747 1806 1841 persequi
1839 1741 1933 1817 hunc
1962 1747 2264 1839 disputationem,
2305 1764 2440 1824 tantum
2470 1777 2577 1824 mouere

593 1879 665 1938 est:
700 1859 874 1952 significat
895 1854 993 1928 enirn
1007 1876 1082 1923 non
1099 1853 1310 1946 scripturam
1325 1852 1501 1946 aliquam,
1525 1856 1587 1924 sed
1638 1851 1805 1922 lectorem
1820 1848 1936 1934 volui,
1958 1864 1998 1920 ut
2014 1845 2198 1943 prophana
2220 1853 2425 1942 glossemata
2446 1855 2577 1946 repudiet

593 1962 914 2056 gubernationem,
955 1956 1056 2026 addit
1083 1956 1197 2036 enim,
1230 1955 1287 2026 lex
1314 1955 1461 2047 spiritus
1483 1955 1587 2037 vitae,
1637 1951 1729 2024 Nam
1754 1945 1823 2022 hoe
1844 1963 1959 2022 totum
1984 1953 2090 2044 capnt
2110 1951 2213 2025 Pauli
2234 1956 2380 2028 scelesto
2403 1957 2578 2028 contamina·

592 2071 632 2142 id
655 2079 726 2153 est,
751 2061 989 2155 gubernatio,
1026 2080 1119 2153 quae
1147 2057 1188 2128 fit
1218 2081 1282 2150 per
1306 2057 1471 2151 spiritum
1494 2057 1586 2130 vivi·
1639 2069 1716 2127 tum
1733 2066 1785 2124 est
1799 2052 1845 2124 ab
1862 2049 2020 2142 Origene
2036 2067 2070 2126 ιι
2085 2055 2181 2138 aliis,
2209 2058 2266 2128 eui
2282 2071 2445 2154 tanquam
2459 2059 2578 2130 iuratiio
2611 2123 2612 2150 ,

595 2170 771 2243 flantem,
1640 2157 1749 2228 verba
1780 2149 1951 2246 Origenis
1983 2150 2276 2252 ὑπιρασπίζουσι
2312 2159 2377 2254 τῆς
2405 2153 2580 2258 φιλοσοφίας

687 2273 906 2380 Alrtotoye‘u
929 2301 971 2348 er
991 2270 1185 2349 contrario.
1641 2253 1777 2330 uiatori:
1803 2259 1864 2328 sed
1879 2253 2007 2328 horum
2021 2259 2271 2353 intempestivo
2285 2256 2508 2356 philosophia,
2522 2267 2580 2332 dou
2612 2230 2613 2290 ¹

700 2401 791 2477 Cum
806 2400 863 2469 lex
883 2397 962 2468 fieri
984 2419 1060 2467 non
1084 2407 1202 2488 posset
1224 2407 1370 2488 propter
1385 2393 1502 2467 carnis
1520 2393 1589 2466 im·
1640 2361 1806 2434 ”ibuum
1820 2359 2102 2432 iffififimimm
2118 2363 2254 2433 Vffibfl‘
2268 2363 2429 2454 “fimi
2451 2365 2520 2436 5⁰⁶⁸
2531 2363 2581 2435 θή-

597 2507 848 2587 heoillitatem,
872 2500 971 2571 Deus
992 2498 1091 2567 misit
1111 2497 1225 2567 lilium
1248 2521 1376 2586 suum,
1400 2499 1464 2593 qui
1487 2499 1590 2570 satis·
1641 2476 1739 2583 ΨΥ),
1755 2463 1851 2556 ιΙΠοά
1878 2457 1973 2531 ”ihil
1992 2463 2126 2557 “quisi
2148 2478 2275 2585 Ρῑξῑθῦῑ
2301 2466 2341 2537 ἷῦ
2370 2463 2510 2553 hmine,
2533 2462 2581 2584 niti

1642 2566 1762 2644 crvrlra
1788 2585 1907 2654 opera.
1973 2562 2022 2636 Et
2044 2563 2131 2636 haee
2166 2568 2291 2638 vedent
2317 2569 2535 2665 aliquomodo
2554 2587 2581 2634 n

1644 2677 1814 2760 potestate
1834 2667 1984 2736 rationis
2003 2689 2087 2740 esse.
2139 2666 2199 2740 Sic
2214 2669 2469 2744 obliviscuntur
2480 2669 2578 2760 prinae

1646 2768 1806 2854 tabulae,
1834 2791 1924 2860 quae
1947 2770 1991 2838 de
2014 2769 2142 2840 timore
2157 2767 2225 2840 Dei
2252 2783 2286 2842 ιι
2310 2774 2434 2868 fiducia
2454 2769 2582 2842 inlisum

1645 2883 1680 2940 et
1694 2871 1773 2940 aliis
1788 2870 2032 2972 spiritualibus
2045 2871 2229 2942 affectibus
2245 2875 2429 2966 praecipit.
2464 2871 2503 2946 ht
2514 2869 2581 2942 Pau·
2614 2842 2615 2916 i

596 2614 729 2682 iaceret
747 2628 814 2698 pro
840 2614 1003 2694 peceato,
1028 2613 1069 2670 ut
1089 2599 1291 2672 iustificatio
1312 2600 1400 2692 legis
1423 2600 1592 2693 implero·

597 2729 659 2788 tur
674 2713 713 2780 io
730 2707 854 2793 nobis,
879 2717 915 2776 et
929 2703 1076 2774 daretur
1088 2699 1243 2795 Spiritus
1257 2716 1412 2779 sanetus.

600 2907 762 3009 Ampli
797 2905 947 2981 isatis
989 2923 1069 3002 per
1116 2902 1462 2976 contentionem
1512 2925 1592 2976 seu
2121 2974 2131 2991 ‚
2192 2973 2236 2992 ..

601 3013 741 3088 Anttt
783 3009 884 3082 esin
909 3003 1210 3080 naturalium
1237 3004 1425 3094 virium,
1454 3015 1494 3079 el
1522 3005 1593 3107 es·
1645 2971 2580 3172 ἕῗρξῦἐξῑῦὲὶξῖυξῑἀῖὃὲῦὲἶῖἰέιξξὶῗὲὓὶἲὲοᾙ

981 3258 989 3274 ι
1396 3247 1400 3257 ,
1645 3189 1715 3262 ιιι,
1739 3179 1834 3269 quod
1852 3173 2053 3247 rationihil
2077 3179 2187 3268 possit
2210 3176 2341 3250 deDei
2362 3182 2581 3252 voluntatettt·

928 3257 1044 3326 pm
1064 3255 1269 3327 mmm·
1645 3291 1757 3362 tuere,
1774 3281 1869 3373 quod
1885 3302 1960 3348 nou
1978 3281 2086 3370 possit
2100 3277 2302 3366 confidere,
2328 3283 2396 3353 nisi
2412 3283 2504 3353 rehtu
2515 3297 2582 3370 prae·

704 3385 780 3481 Qui
795 3387 992 3461 secuudum
1006 3405 1149 3456 carnem
1165 3397 1260 3468 sunt,
1273 3383 1594 3475 earnalissapiunt,
1646 3381 1807 3452 sentibus
1822 3395 1887 3454 etr·
1920 3380 1992 3454 Sed
2007 3381 2112 3452 redeo
2127 3383 2173 3454 ad
2188 3380 2378 3456 Paulinam
2392 3379 2569 3457 Antithesis.
2615 3369 2616 3434 Ϊ

603 3508 744 3578 arnam,
770 3501 947 3585 quaerunt
960 3486 1136 3559 carnalem
1152 3486 1382 3578 sapientiam,
1405 3486 1594 3573 iusticiam,
2208 3569 2218 3588 .
2298 3572 2307 3590 ·

604 3594 920 3689 tranquillitatem,
959 3588 1185 3680 uoluptates,
1226 3610 1322 3681 opes.
1399 3585 1595 3662 Coufidunt
1954 3564 2110 3631 smum
2131 3564 2332 3641 mim·
2616 3662 2617 3665 ,

605 3699 713 3769 rebus
744 3693 972 3774 carnalibus,
1011 3686 1167 3761 humana
1194 3689 1405 3782 prudentia,
1444 3690 1595 3773 iusticia,
1748 3686 1883 3763 Sensim
1905 3690 2021 3761 caruis
2043 3714 2141 3763 mors
2160 3706 2233 3780 est,
2259 3694 2305 3765 de
2326 3692 2453 3766 noticia
2467 3703 2497 3763 ιι
2510 3706 2585 3780 appe
2616 3680 2617 3683 '

605 3800 766 3885 viribus,
789 3796 930 3889 opibus.
981 3790 1072 3863 Tres
1094 3791 1189 3861 enim
1210 3793 1342 3883 gratim
1362 3792 1446 3864 r'unt
1464 3816 1595 3879 rerum,
1646 3792 1716 3865 titu
1731 3791 1908 3883 intellige,
1932 3794 2095 3887 quamvis
2108 3794 2204 3865 hona
2227 3795 2363 3867 noticia
2384 3792 2543 3867 rationalis
2559 3788 2585 3855 le

606 3922 696 3997 quas
719 3898 851 3990 expetit
875 3918 969 3970 earo.
1040 3891 1183 3964 Primus
1211 3906 1263 3963 est
1284 3917 1404 3966 rerum
1426 3888 1596 3966 honesta·
1646 3891 1828 3981 moribus,
1865 3894 2027 3988 quamvis
2060 3897 2155 3967 bona
2189 3918 2297 3987 opera
2333 3899 2466 3969 ratione
2493 3892 2585 3969 etan.
2616 3934 2617 3989 1

607 4024 710 4087 rum,
735 4000 928 4093 sapientiae
943 4010 978 4067 et
994 3994 1154 4069 iustitiae
1167 3990 1355 4069 humanae.
1407 3995 1595 4070 Secundus
1645 4010 1731 4067 sunt
1753 4020 1869 4083 mors,
1895 4018 1970 4067 non
1991 4010 2192 4083 sustenant,
2219 4022 2295 4071 nou
2317 3999 2490 4073 vivificant
2508 3996 2538 4065 iu
2551 3991 2585 4061 ἰι·

607 4117 661 4175 ιιι
680 4126 800 4173 rerum
821 4100 985 4182 utilium,
1009 4098 1162 4187 gloriae,
1194 4122 1324 4189 opum,
1356 4099 1538 4191 potentiae
1560 4112 1596 4171 ιι
1646 4098 1741 4169 dicio
1756 4096 1836 4172 Dei.

606 4202 888 4299 tranquillitatis.
940 4199 1086 4271 Tertius
1106 4212 1159 4270 est
1174 4199 1411 4291 voluptatum.
1749 4198 1882 4271 Sensus
1907 4200 2053 4292 spiritus
2078 4203 2150 4274 vita
2176 4214 2281 4275 estet
2298 4226 2384 4297 par,
2409 4189 2586 4287 insultate

711 4304 784 4397 Qui
805 4305 1001 4375 secundum
1021 4300 1187 4395 spiritum
1202 4314 1302 4387 sunt,
1324 4304 1469 4394 sapiunt
1488 4302 1596 4397 spiri·
1647 4301 1780 4372 noticia
1808 4316 1843 4373 et
1869 4302 2065 4379 affectibus.
2130 4302 2226 4375 Vero
2250 4328 2357 4377 nosse
2377 4304 2504 4385 Deum,
2534 4310 2587 4363 vere

608 4410 739 4495 tualia,
781 4407 915 4497 idest,
956 4417 1091 4475 norunt
1115 4402 1334 4475 voluntatem
1356 4402 1444 4493 Dei,
1483 4406 1596 4477 conli—
1648 4405 1825 4474 confidere
1844 4401 1942 4491 Deo,
1967 4405 2138 4492 visilieat,
2169 4418 2204 4479 et
2225 4407 2346 4479 reddit
2368 4418 2514 4500 partlm
2531 4416 2588 4466 eor·

607 4516 700 4586 dunt
716 4507 813 4592 Deo,
838 4507 996 4599 gaudent
1008 4508 1252 4596 obtemperare
1271 4506 1449 4579 voluntati
1464 4504 1532 4577 Dei
1556 4506 1595 4577 in
1647 4506 1849 4592 seientiam,
1880 4518 1915 4577 et
1936 4522 1989 4579 est
2016 4508 2088 4577 vita
2119 4521 2283 4595 aeterna,
2324 4522 2367 4581 nt
2384 4495 2586 4581 chainoni:

607 4637 713 4687 eruce
728 4626 794 4687 ete.
845 4609 1001 4700 Spiritus
1017 4606 1111 4677 enirn
1130 4605 1303 4697 significat
1319 4606 1495 4699 Spiritum
1513 4631 1595 4678 san·
1647 4604 1743 4678 Haec
1766 4621 1818 4680 est
1835 4608 1910 4680 vita
1925 4622 2086 4695 aeterua,
2109 4622 2150 4680 ut
2163 4622 2312 4681 noscant
2326 4624 2362 4683 te
2375 4607 2486 4682 Deum
2500 4616 2588 4675 vetut¹

608 4728 727 4799 etum,
748 4708 812 4809 qui
828 4710 1026 4782 effunditur
1038 4707 1078 4779 in
1092 4730 1153 4780 eos
1167 4709 1230 4803 qui
1246 4711 1407 4785 eredunt.
1446 4706 1497 4782 Et
1512 4708 1596 4803 Spi-
1647 4720 1682 4780 et
1696 4732 1802 4803 quem
1820 4708 1948 4784 misisti
1962 4710 2079 4785 lesum
2095 4733 2170 4783 esse
2183 4706 2380 4785 Christum.

610 4816 754 4891 ritualia
771 4813 971 4905 significant
986 4834 1062 4883 non
1074 4834 1134 4897 ea,
1158 4832 1249 4905 quae
1266 4811 1358 4883 ratio
1380 4811 1508 4898 eflicit,
1533 4812 1595 4883 sed

610 4938 726 4991 nosos
742 4930 878 5003 motus,
902 4915 942 4985 in
957 4913 1088 5008 quihus
1102 4907 1382 5005 apprehenditur
1396 4911 1511 4997 Deus,
1531 4914 1596 5008 qui
1975 4892 2084 4961 3⁰⁶⁰
2105 4892 2305 4965 Affl‘lst·

609 5044 691 5093 cum
713 5017 759 5090 sit
779 5017 944 5107 spiritus,
969 5015 1098 5107 spiritu
1121 5014 1290 5089 cernitur.
1346 5010 1439 5087 Caro
1460 5016 1596 5107 signiti-
1748 5013 1882 5089 Sensus
1902 5019 2019 5089 carnis
2039 5018 2231 5091 inimicicia
2256 5012 2591 5095 numeniacum,

609 5134 666 5195 eat
681 5133 792 5191 totam
805 5114 961 5190 hominis
980 5130 1169 5207 naturam,
1193 5116 1367 5187 rationem
1387 5140 1468 5187 euru
1488 5140 1596 5188 sensu
1646 5116 1710 5213 qui
1727 5118 1796 5209 tagi
1812 5116 1880 5190 Dei
1894 5142 1969 5190 nou
1983 5122 2168 5207 subditur,
2190 5122 2419 5217 nequeenim
2436 5126 2536 5213 potest
2546 5103 2590 5196 lep

609 5238 645 5297 et
660 5219 838 5315 appetitu,
862 5206 976 5318 λόγον
989 5232 1024 5289 ιι
1038 5212 1172 5313 ὁρμὴν.
1223 5214 1271 5289 Ει
1286 5240 1431 5309 prorsus
1445 5243 1468 5289 a
1483 5216 1595 5291 Paulo
1646 5216 1715 5291 Dei
1728 5221 1865 5293 subiici.
1917 5220 2108 5293 Manifesta
2130 5226 2303 5296 sententia
2319 5238 2389 5311 est,
2415 5222 2504 5317 quod
2518 5224 2592 5285 ratu·

611 5324 846 5408 dissentiunt,
868 5324 930 5416 qui
947 5321 1127 5391 somniant
1140 5318 1315 5409 Spiritum
1330 5320 1596 5411 significarem-
1646 5322 1738 5391 rales
1760 5318 1916 5393 hominis
1938 5325 2030 5395 vires
2053 5347 2129 5397 non
2142 5326 2281 5413 possint
2296 5327 2407 5416 legem
2421 5324 2485 5397 Dei
2499 5321 2590 5389 taren

609 5428 765 5511 tionem,
791 5440 826 5495 ιι
846 5448 889 5494 ex
908 5418 1106 5509 Evangelio
1130 5416 1393 5512 philosophiam
1416 5424 1594 5515 quandam
1646 5420 1716 5493 Hie
1732 5424 1862 5495 iterum
1878 5426 2053 5496 admoneo
2067 5427 2235 5498 lectorem
2250 5430 2385 5519 primae
2400 5408 2591 5497 talsulaesld

608 5524 802 5601 humanam
826 5525 984 5606 faciunt,
1016 5515 1109 5591 nihil
1141 5534 1280 5613 praeter
1310 5524 1459 5593 rationis
1488 5546 1594 5615 opera
1646 5527 1798 5617 quamsi
1820 5528 2098 5618 respexerimus,
2122 5530 2228 5599 facile
2240 5528 2392 5619 intelligi
2411 5524 2528 5619 poterit
2546 5512 2591 5585 htt

608 5630 841 5724 requirentes·
879 5622 996 5696 Multa
1012 5634 1096 5692 sont
1110 5638 1314 5711 argumenta
1329 5624 1368 5693 in
1384 5618 1453 5695 hoc
1471 5626 1594 5718 eapite,
1646 5628 1741 5719 quod
1765 5628 1815 5697 ait
1836 5626 1985 5715 Paulus,
2007 5653 2150 5699 sensum
2172 5632 2289 5701 carnis
2309 5628 2521 5699 inimicitiam
2541 5631 2590 5685 0³⁵⁸

610 5755 701 5825 qnae
726 5728 937 5799 confirmant
961 5726 1058 5819 quod
1079 5725 1225 5814 spiritns
1244 5750 1319 5796 non
1342 5728 1515 5815 significet
1536 5750 1595 5813 ra,
1645 5728 1813 5799 adversus
1828 5728 1956 5805 Deum.
2007 5728 2115 5804 Ratio
2131 5734 2227 5802 eninr
2243 5728 2336 5803 nihil
2356 5728 2475 5802 statuit
2493 5727 2532 5793 de
2548 5738 2590 5785 vo-

606 5834 753 5905 tionem.
807 5826 901 5897 Nam
916 5825 1049 5898 Paulus
1065 5826 1342 5921 aliquantopost
1362 5830 1430 5901 ait:
1462 5828 1537 5901 Vos
1554 5826 1593 5901 in
1643 5828 1881 5920 luotateDei,
1906 5856 1979 5905 nou
2004 5834 2259 5925 rimaturum,
2283 5820 2591 5907 meronathites

767 3108 985 3215 sicariae
1011 3105 1231 3207 Spiritus
1255 3109 1426 3182 suncti.
