5825 6950
547 688 620 768 sss
952 611 955 620 ⁵
1066 695 1107 744 ι.
1142 657 2014 750 aauuauscurrrsuxaonrrcs=
2510 669 2599 756 sss

550 858 681 936 delicet
700 858 747 934 ad
768 849 996 930 collationem
1011 841 1218 938 Evangelii,
1240 857 1276 916 et
1289 838 1469 916 hnmanae
1482 861 1540 912 sa·
1592 839 1812 927 suasionem,
1859 868 1934 916 nou
1965 845 2074 919 vultis
2095 847 2237 920 credere
2257 844 2338 920 voci
2360 869 2477 932 meae,
2518 842 2598 918 has
2648 843 2649 854 ’

553 963 721 1059 pientiae.
770 958 862 1032 Caro
885 979 961 1027 uon
985 954 1129 1046 prodest
1160 948 1372 1042 quicquam,
1412 945 1451 1015 id
1479 953 1543 1028 est,
1592 956 1677 1014 sunt
1694 969 1840 1028 causae,
1868 970 2019 1018 curnon
2041 943 2228 1020 trahimini
2244 975 2264 1020 a
2282 965 2381 1043 patre
2403 974 2507 1037 meo,
2536 943 2599 1022 his

554 1065 709 1140 carnalis
737 1059 943 1152 imaginatio
974 1057 1019 1126 de
1054 1048 1346 1127 manducatione,
1385 1044 1543 1117 carnales
1592 1047 1757 1132 remotis,
1784 1043 1894 1119 trahit
1915 1064 2015 1141 pater
2028 1075 2105 1133 eos,
2131 1051 2194 1148 qui
2216 1053 2476 1136 assentiuntur,
2502 1051 2599 1146 quia
2649 1119 2650 1140 ,

557 1166 747 1260 opiniones
760 1166 806 1235 de
821 1161 954 1234 Massia
968 1180 1043 1228 uon
1056 1162 1205 1247 prosunt
1218 1149 1420 1244 quicquam.
1446 1145 1544 1219 Haec
1595 1160 1687 1218 certe
1704 1148 1782 1220 vult
1797 1173 1920 1220 omues
1935 1151 2052 1221 salvos
2066 1151 2155 1234 fieri,
2177 1167 2212 1226 et
2224 1157 2380 1238 mandat,
2404 1167 2445 1224 ut
2460 1175 2599 1224 omnes

557 1283 610 1341 est
638 1265 898 1359 simplicissima
927 1259 1118 1342 sententia,
1159 1254 1250 1324 sicut
1281 1251 1369 1319 alias
1396 1250 1543 1320 dicitur:
1595 1271 1658 1320 sua
1673 1250 1909 1341 promissione
1929 1266 2184 1341 sustentemur,
2209 1270 2243 1326 et
2258 1256 2297 1326 iu
2313 1254 2598 1348 promissionem

558 1359 1118 1452 Animalisbomononpercipit
1136 1380 1195 1443 ea,
1222 1376 1313 1447 quae
1335 1349 1545 1443 sunt'spiri-
1596 1350 1831 1422 universalem
1855 1375 1921 1422 nos
1941 1351 2175 1428 includamus.
2237 1355 2335 1428 Haec
2356 1357 2543 1449 simplicia
2565 1369 2601 1428 et
2650 1425 2651 1434 ,

559 1483 620 1544 sus
642 1468 722 1545 Dei.
772 1464 928 1547 Econtra
950 1463 1097 1555 spiritus
1121 1457 1295 1539 vivificat,
1328 1455 1453 1547 idest,
1488 1453 1546 1520 lu·
1599 1452 1702 1542 plana
1717 1467 1812 1538 sunt,
1839 1467 1873 1526 et
1891 1479 1965 1525 non
1980 1469 2032 1526 est
2046 1479 2135 1548 opus
2151 1452 2210 1526 bic
2225 1457 2599 1551 longioribusdispu²

560 1597 644 1644 men
659 1585 694 1644 ct
708 1583 827 1642 motus
840 1567 995 1659 Spiritus
1009 1561 1132 1642 sancti,
1158 1558 1221 1652 qui
1240 1553 1545 1648 perEvangclium
1597 1555 1793 1624 tationibus
1816 1558 1860 1625 de
1883 1556 2072 1644 electione,
2097 1581 2161 1630 seu
2181 1560 2225 1630 de
2249 1561 2598 1652 praedestinatione,

560 1689 614 1746 est
627 1675 766 1759 efficax,
784 1684 872 1746 ,suut
893 1665 1046 1739 incoatio
1062 1662 1173 1747 vitae,
1197 1660 1288 1729 sieut
1307 1670 1344 1728 et
1356 1658 1444 1735 alias
1457 1655 1548 1726 dici·
1598 1669 1758 1727 teneatur
1787 1651 1873 1728 haec
1901 1681 2056 1730 summa:
2104 1661 2202 1754 quod
2232 1658 2388 1733 humana
2417 1659 2597 1734 voluntas

562 1792 639 1847 tur:
667 1775 741 1866 Qui
756 1772 884 1864 spiritu
898 1769 967 1840 Dei
983 1770 1183 1848 ducuntur,
1218 1755 1257 1830 hi
1279 1770 1365 1830 sunt
1386 1758 1453 1827 filii
1468 1757 1547 1829 Dei.
1599 1779 1824 1848 perseverans
1858 1758 1898 1828 iu
1932 1761 2104 1850 peccatis,
2153 1764 2201 1834 sit
2231 1787 2335 1834 eausa
2360 1763 2611 1850 reiectionis,

561 1876 669 1948 Item:
691 1874 824 1948 Sensus
839 1871 984 1962 spiritus
998 1869 1070 1940 vita
1085 1878 1139 1937 est
1155 1879 1190 1937 et
1207 1886 1284 1955 pax.
1334 1859 1549 1949 Diligentis·
1596 1872 1738 1930 econtra
1762 1883 1846 1956 vero
1878 1861 2120 1934 misericordia
2145 1862 2210 1935 Dei
2234 1879 2378 1958 propter
2397 1860 2596 1936 Christum

562 1978 652 2051 sime
671 1977 892 2048 observanda
909 1986 962 2043 est
974 1993 1124 2063 sequens
1136 1964 1330 2044 sententia,
1355 1985 1447 2058 quae
1461 1984 1548 2032 con·
1597 1960 1800 2052 recipientis
1815 1984 1899 2048 uos,
1926 1987 2030 2036 causa
2045 1975 2096 2035 est
2108 1965 2300 2053 electionis,
2321 1968 2380 2038 sed
2398 1966 2484 2061 qnia
2500 1991 2596 2060 pro.

560 2079 672 2152 nectit
684 2075 920 2166 Evangeliuru
937 2088 972 2145 et
986 2072 1159 2163 Spiritum
1174 2079 1345 2138 sanctum.
1465 2107 1468 2112 n
1599 2073 1676 2153 pter
1691 2056 1874 2133 Christum
1891 2065 2102 2157 recipimur,
2128 2090 2269 2140 necesse
2291 2083 2344 2140 est
2359 2069 2427 2138 lide
2441 2069 2597 2158 agnosci

665 2177 784 2252 Verba
797 2201 887 2271 quae
910 2199 974 2266 ego
992 2174 1122 2266 loquor
1143 2170 1263 2251 vobis,
1296 2177 1380 2236 sunt
1403 2156 1549 2257 spirit‘us
1599 2175 1632 2234 et
1663 2158 1883 2255 apprehendi
1913 2163 2110 2242 Christum.
2172 2167 2234 2238 lili
2258 2193 2341 2260 ergo
2365 2183 2449 2240 sunt
2472 2171 2595 2256 electi,

562 2296 599 2356 ct
620 2282 712 2366 vita,
742 2283 802 2351 sed
830 2292 913 2350 sunt
934 2276 1079 2371 quidam
1100 2298 1142 2344 ex
1163 2270 1266 2343 vobis
1288 2269 1350 2362 qui
1374 2291 1448 2350 non
1473 2289 1549 2337 cre-
1599 2264 1661 2357 qui
1676 2268 1825 2336 creduut
1840 2290 1877 2336 se
1892 2283 2036 2361 propter
2053 2265 2238 2344 Christum
2260 2285 2417 2366 receptos
2432 2293 2530 2359 esse,
2557 2287 2595 2344 et

562 2386 666 2457 dunt.
700 2381 770 2452 Hic
786 2380 963 2451 connectit
978 2373 1065 2447 haec
1081 2376 1159 2460 tria,
1183 2369 1438 2459 Evangeliusn,
1466 2365 1549 2460 Spi-
1598 2360 1691 2438 hauc
1706 2367 1811 2436 iidem
1826 2392 1900 2439 uon
1917 2371 2102 2446 abiiciunt.

561 2487 671 2558 situm
685 2496 866 2568 sanctum,
890 2495 926 2551 et
937 2480 1056 2552 iidem.
1089 2474 1202 2547 Docet
1219 2473 1329 2563 igitur
1343 2468 1548 2542 sineEvan-

563 2587 656 2678 gelio
670 2609 746 2655 non
761 2606 836 2655 esse
859 2583 1033 2653 efficacem
1049 2576 1223 2671 Spiritum
1240 2587 1419 2655 sanctum,
1445 2574 1549 2642 docet

561 2690 667 2772 item,
690 2686 872 2782 quomodo
893 2683 938 2754 sit
962 2682 1101 2761 cilicas,
1126 2678 1280 2762 scilieet,
1312 2699 1393 2747 cnm
1409 2697 1477 2744 nos
1491 2696 1548 2744 as-

1632 2532 1705 2636 ⁸Et
1723 2559 1791 2606 nos
1807 2531 2027 2610 credidimus
2043 2545 2075 2609 et
2089 2539 2342 2636 cognovimus,
2367 2541 2468 2640 quod
2486 2553 2530 2615 tu
2546 2569 2588 2617 cs

1702 2627 1880 2709 Clarisius
1887 2634 2000 2732 filius
2015 2637 2096 2712 Das·
2109 2641 2273 2714 viventis.

538 2841 541 2847 -
561 2791 738 2862 sentimur
752 2783 969 2877 Evangelio,
994 2805 1061 2852 nec
1084 2799 1334 2880 repugnamus.
1383 2773 1549 2866 Exempli
1672 2770 1841 2844 Decimus
1860 2774 1959 2845 locus
1973 2791 2036 2848 ·est
2059 2777 2231 2849 confessio
2252 2773 2502 2872 Apostolorum
2527 2777 2592 2846 in-

563 2913 684 2964 causas
719 2888 810 2963 Cum
832 2889 987 2960 audisset
1009 2881 1101 2955 banc
1121 2903 1243 2953 rocem
1255 2877 1390 2948 David:
1422 2875 1549 2946 Domi·
1600 2875 1711 2967 siguis
1731 2888 1767 2945 et
1781 2877 1986 2967 perspicua,
2016 2879 2107 2951 sicut
2131 2895 2164 2951 et
2190 2880 2300 2950 altera
2320 2880 2445 2950 similis
2464 2875 2594 2964 huius,

561 3016 632 3064 nus
657 2991 803 3064 abstulit
823 3002 1004 3083 peccatum
1032 3000 1153 3069 tuum,
1192 2980 1326 3052 multae
1352 2979 1551 3050 contrariae
1599 2979 1690 3048 iacta
1711 2979 1755 3046 ad
1782 2971 2004 3060 Caesaream,
2041 2981 2142 3051 cuius
2162 2981 2202 3051 fit
2228 2982 2362 3051 mentio
2380 2975 2514 3056 Matth.
2533 2981 2594 3053 to.

562 3096 721 3166 rationes
747 3087 832 3162 huic
856 3092 934 3160 voci
958 3088 1246 3177 refragabantur,
1285 3081 1397 3152 sensit
1419 3102 1550 3173 poenas
1601 3077 1782 3150 Hactenus
1799 3079 1902 3150 initia
1927 3081 2200 3172 praedicationis
2224 3077 2356 3153 Christi
2382 3083 2529 3154 laetiora
2554 3095 2593 3154 et

560 3193 698 3280 David,
723 3193 912 3284 parricidia
936 3188 1112 3272 tiliorum,
1138 3185 1304 3269 exilium,
1328 3183 1551 3266 seditionem,
1601 3181 1752 3272 gratiora
1787 3180 1940 3257 fuerant.
2018 3183 2230 3274 Magnitudo
2267 3185 2518 3255 miraculorum
2551 3197 2589 3254 et

561 3311 684 3387 stupra
710 3294 921 3384 coniugum:
966 3285 1025 3360 hic
1046 3289 1191 3359 videbat
1210 3310 1252 3356 ex
1275 3308 1350 3356 nuo
1372 3283 1549 3354 adulterio
1601 3280 1801 3352 emendatio
1839 3283 2022 3354 doctrinae
2063 3280 2333 3355 Pharisaeorum
2368 3287 2502 3357 multos
2535 3299 2592 3356 at-

561 3413 598 3470 et
626 3419 699 3467 una
719 3398 825 3467 caede
849 3393 956 3466 Uriae
978 3403 1055 3463 orta
1077 3412 1151 3460 esse
1172 3385 1448 3459 innumerabilia
1468 3407 1550 3478 pec·
1601 3396 1797 3468 traxerant,
1831 3385 1893 3477 qui
1921 3384 2142 3456 dulcissimas
2170 3408 2247 3480 spes
2274 3381 2454 3458 habebant
2476 3411 2598 3458 novae

562 3512 653 3571 cata.
705 3494 796 3569 Cum
811 3492 897 3567 haec
914 3516 1007 3565 nova
1031 3505 1171 3583 peccata
1187 3490 1344 3573 videret,
1369 3488 1549 3582 quomodo
1601 3478 1777 3557 libertatis
1801 3500 1834 3556 et
1856 3488 1956 3576 regni
1980 3489 2098 3574 illius,
2140 3492 2234 3583 quod
2258 3488 2327 3558 sibi
2349 3491 2598 3565 somniabant.

561 3600 681 3693 potuit
694 3610 844 3668 statuere
860 3620 964 3667 suum
987 3606 1169 3685 peccatum
1194 3592 1350 3662 deletum
1372 3610 1464 3675 esse,
1490 3602 1551 3659 aut
1601 3586 1672 3658 Sed
1692 3586 1774 3680 quia
1791 3590 1927 3677 saepius
1944 3587 2013 3657 iarn
2032 3584 2356 3661 ostenditChristus
2366 3586 2598 3678 Pharisaeos,

530 3708 778 3791 'senonesso
799 3696 925 3767 reum?
975 3692 1047 3766 Sed
1066 3694 1235 3765 adversus
1257 3686 1350 3761 hanc
1371 3690 1549 3781 ingentem
1601 3702 1635 3757 et
1651 3688 1821 3781 paulatim
1838 3689 2070 3760 concionatur
2086 3691 2205 3767 minus
2226 3705 2323 3779 grata
2339 3694 2524 3779 dertare,
2554 3698 2602 3766 de

540 3813 549 3835 ·
563 3802 697 3872 molem
711 3823 749 3873 se
763 3798 983 3871 sustentabat
996 3791 1063 3868 hae
1076 3818 1177 3866 voce:
1206 3792 1387 3865 Dominus
1404 3792 1551 3863 abstulit
1601 3790 1689 3871 fide,
1722 3801 1757 3858 et
1771 3791 1915 3861 damnat
1931 3790 1992 3859 illa
2009 3792 2125 3863 dulcia
2143 3792 2278 3864 somnia
2294 3796 2338 3861 de
2350 3814 2483 3882 ragno,
2511 3796 2602 3867 ideo

561 3916 743 3995 peceatum
761 3914 877 3973 tuum.
928 3896 1036 3987 Quod
1059 3920 1140 3969 curn
1158 3896 1304 3978 iaceret,
1334 3889 1444 3963 sensit
1465 3888 1550 3964 haec
1601 3892 1775 3962 deseritur
1791 3914 1954 3981 prorsus,
1979 3906 2019 3964 ut
2035 3908 2154 3965 nostra
2171 3909 2265 3966 aetas
2282 3894 2371 3964 vidit
2388 3899 2599 3989 exemplum

562 4004 672 4074 verba
692 4025 766 4073 esse
788 4002 952 4094 spiritum
976 4012 1011 4072 et
1036 3997 1162 4085 vitam,
1201 3996 1335 4079 idest,
1366 3995 1551 4084 spirituale
1600 3993 1736 4073 simile,
1785 3992 1888 4062 initio
1921 4008 2075 4087 quantus
2114 3998 2221 4067 ardor
2255 4011 2329 4068 erat
2360 3998 2603 4070 animorum?

563 4104 706 4184 lumen,
746 4126 818 4197 quo
848 4115 883 4173 et
910 4099 1122 4191 agnoscebat
1155 4122 1237 4168 vere
1271 4096 1549 4166 misericordiam
1600 4095 1773 4188 quantuni
1813 4095 1933 4163 lumen
1970 4096 2175 4168 iudicabant
2207 4091 2370 4167 homines
2403 4113 2599 4171 ostensum

563 4202 651 4291 Dei,
676 4217 712 4276 et
733 4202 1011 4274 consolationem
1026 4199 1270 4291 concipiebat,
1296 4222 1364 4292 qua
1387 4198 1552 4268 incoatur
1601 4196 1698 4265 esse?
1722 4219 1802 4265 cum
1827 4194 1932 4265 multi
1955 4220 2092 4268 errores
2116 4190 2339 4281 taxarentur,
2366 4216 2400 4269 et
2422 4201 2600 4274 doctrina

563 4306 638 4376 vita
659 4317 812 4377 aeterna.
868 4301 921 4373 lta
943 4301 1072 4394 poterit
1095 4313 1189 4372 recte
1208 4316 1243 4373 et
1263 4299 1472 4390 simpliciter
1494 4300 1550 4367 in·
1600 4296 1726 4389 purior
1755 4312 2030 4388 proponeretur,
2072 4301 2134 4370 sed
2163 4302 2245 4393 quia
2275 4300 2446 4391 paulatim
2477 4307 2602 4395 magis

564 4406 678 4495 telligi
704 4406 839 4479 dictum
869 4400 1022 4492 Christi,
1067 4424 1148 4476 curn
1181 4404 1226 4474 ad
1258 4424 1362 4474 usum
1399 4402 1552 4473 nausie-
1601 4412 1700 4469 crant
1716 4399 1922 4467 offendendi
1937 4396 2196 4493 Episcoporurn
2213 4414 2247 4470 et
2263 4415 2446 4492 potentum
2462 4408 2602 4495 animi,

567 4521 679 4581 retur.
1599 4494 1874 4589 reprehensione
1882 4498 2034 4571 Messiae
2049 4515 2084 4573 ct
2097 4507 2321 4595 quarundam
2337 4504 2490 4574 alianum
2507 4509 2601 4599 opi-

620 4634 623 4640 ’
667 4601 1104 4698 Dstergohaecsumma,
1136 4604 1299 4677 dissentit
1319 4606 1364 4675 ab
1386 4598 1550 4695 Evange-
1600 4600 1771 4683 monum,
1797 4614 1986 4693 quaesunt
2010 4605 2110 4673 nervi
2133 4604 2342 4693 impictatis,
2375 4604 2603 4684 deficiebant

564 4704 991 4799 liobumanasspieutia,
1023 4721 1059 4779 et
1077 4720 1249 4797 repugnat
1263 4704 1402 4805 Spiritu
1416 4720 1551 4793 sancto,
1599 4702 1703 4773 multi
1740 4715 1901 4793 potentes
1933 4715 1969 4774 et
1997 4705 2103 4779 docti.
2168 4702 2305 4777 Harum
2344 4708 2597 4783 defectionum

565 4812 627 4881 sed
657 4832 736 4879 cuns
767 4811 931 4881 audimus
959 4805 1213 4895 Evangelium,
1264 4821 1299 4878 et
1328 4809 1551 4894 assentimur,
1599 4804 1760 4895 exemplo
1774 4827 1848 4873 non
1872 4805 1998 4875 leviter
2019 4808 2274 4897 perturbantur
2295 4807 2358 4877 alii
2380 4810 2601 4899 imbecilles,

566 4908 723 5001 Spiritus
737 4924 877 4982 sanctus
896 4924 949 4980 est
964 4910 1101 4994 efficax,
1132 4921 1167 4977 et
1187 4907 1352 4979 tenebras
1373 4902 1550 4979 humanae
1599 4905 1690 4977 sicut
1712 4927 1808 4975 nunc
1838 4906 2011 4981 videmus.
2070 4905 2268 4998 interrogat
2282 4908 2399 4999 igitur
2419 4907 2599 4986 Christus

566 5012 875 5084 mentis-illustrat.
913 5008 1048 5081 Eodem
1065 5008 1235 5103 pertinet,
1258 5012 1356 5102 quod
1374 5010 1550 5103 sequitur:
1597 5007 1809 5097 Apostolos,
1835 5021 1876 5077 ut
1895 5008 2017 5079 audiat
2031 5032 2153 5079 eorum
2170 5012 2449 5100 confessionem,
2476 5029 2512 5086 et
2530 5040 2599 5089 eos

565 5108 679 5183 Nemo
697 5123 810 5203 potest
824 5112 945 5181 venire
958 5114 1002 5181 ad
1018 5136 1092 5198 me,
1117 5110 1187 5181 nisi
1202 5112 1324 5182 datum
1340 5112 1371 5181 ei
1385 5111 1466 5179 sita
1484 5134 1548 5201 pa·
1597 5107 1791 5178 confirmet.

565 5228 620 5285 tre
648 5238 739 5283 meo.
789 5211 855 5282 lun
881 5234 980 5281 amus
1004 5208 1108 5297 haec,
1147 5226 1188 5283 ut
1217 5227 1299 5283 ante
1325 5213 1460 5282 dictum
1487 5226 1550 5298 est,
1699 5208 1827 5280 Mouet
1842 5209 1949 5299 igitur
1965 5205 2033 5281 hoc
2057 5214 2276 5306 exemplum,
2303 5238 2350 5287 ue
2365 5240 2598 5309 moveamur,

566 5308 819 5402 Evangelium‚
850 5236 1024 5404 Spiritum
1053 5327 1233 5398 sanctum,
1273 5328 1306 5385 et
1328 5314 1547 5384 vohmtatem
1597 5332 1662 5377 nec
1676 5310 1924 5397 perturbemur
1937 5313 2133 5385 defectione
2158 5316 2321 5392 aliorum.
2372 5318 2426 5389 De
2444 5316 2594 5393 bacol-

481 5418 498 5431 '
567 5416 826 5488 assentientem.
866 5414 981 5483 Nemo
996 5414 1095 5484 venit
1108 5416 1151 5481 ad
1168 5411 1370 5497 Christum,
1389 5414 1459 5482 uisi
1476 5428 1547 5482 tra·
1596 5411 1756 5479 fensione
1778 5414 1893 5484 tristes
1908 5415 2197 5507 querelaesunt,
2232 5431 2268 5489 et
2288 5418 2327 5489 iu
2349 5418 2516 5509 Psalmis,
2547 5440 2595 5497 ut

565 5508 833 5606 baturapatre.
873 5510 1002 5587 Trahit
1016 5528 1133 5583 autern
1148 5527 1246 5603 pater
1260 5516 1425 5585 volentes.
1459 5512 1546 5584 ldeo
1597 5506 1726 5580 Psalm.
1749 5510 1830 5583 40.:
1856 5514 1975 5586 Homo
1997 5518 2090 5609 pacis
2114 5542 2230 5599 meae,
2268 5520 2401 5615 inquo
2431 5527 2595 5613 speravi,

565 5606 624 5681 bic
639 5614 756 5707 inquit
772 5613 952 5687 Christus:
984 5614 1078 5687 Sunt
1100 5616 1244 5707 quidam
1267 5617 1361 5687 iuter
1374 5638 1456 5700 vos,
1483 5617 1546 5708 qui
1596 5609 1659 5703 qui
1674 5611 1799 5684 edebat
1821 5639 1930 5706 panes
1951 5640 2067 5703 meos,
2095 5620 2192 5692 ausit
2213 5622 2393 5693 saevitiam
2414 5622 2591 5697 inimico-

564 5721 819 5804 noucredunt,
843 5720 881 5789 id
905 5731 974 5801 est,
999 5729 1114 5787 vestra
1136 5716 1318 5788 voluntate
1342 5717 1545 5810 repugnatis
1596 5736 1675 5781 rum
1702 5714 1869 5785 adversus
1897 5742 1962 5789 me.
2022 5718 2318 5817 Quandocunque
2344 5725 2488 5795 suntin
2508 5726 2592 5801 Re-

561 5807 776 5907 Evangelio,
805 5831 840 5891 et
865 5818 1094 5915 pertinaciter
1122 5818 1279 5890 retinetis
1308 5819 1432 5890 falsam
1462 5840 1545 5911 per·
1593 5813 1692 5907 publ.
1714 5828 1830 5909 partes
1852 5832 1887 5893 et
1907 5821 2074 5915 dissidia,
2122 5823 2288 5899 accidunt
2320 5827 2452 5901 multae
2485 5830 2591 5901 dete.
