5825 6950
334 711 424 790 505
658 715 759 795 Xlll.
810 719 846 792 2.
879 710 1322 792 consummantes
1347 711 1502 790 EPIST.
1529 709 1677 792 PAULI
1704 715 1771 792 AD
1797 713 2062 795 ROMANOS.
2298 715 2374 792 506

335 887 456 959 titula
473 885 616 975 Gratis,
639 890 684 959 de
699 913 768 984 qus
784 903 820 963 et
833 885 904 962 boc
917 890 1142 961 considerent
1157 889 1228 982 pii,
1259 913 1336 959 me
1386 883 1467 956 Nou
1489 884 1583 957 euim
1601 887 1831 962 iudicandum
1849 903 1900 962 est
1917 893 1961 960 de
1983 891 2165 962 voluntate
2182 885 2273 976 Dei,
2300 891 2376 962 sine

335 989 413 1061 rita
436 990 514 1062 tolli
546 1015 586 1062 ac
613 992 733 1083 milei,
768 993 945 1087 nunquia
968 1014 1034 1063 nos
1061 991 1154 1060 nibil
1179 1015 1334 1082 agamus,
1385 988 1497 1078 ipsius
1519 991 1639 1060 verbo.
1710 990 1756 1062 Et
1781 1007 1822 1064 ut
1845 993 2097 1085 promissiones
2121 1006 2205 1063 sunt
2231 993 2378 1064 univer·-

335 1094 407 1162 sed
435 1105 476 1164 ut
496 1094 684 1184 promissio
705 1095 813 1166 uobis
837 1096 882 1166 sit
904 1109 1017 1186 certa,
1044 1117 1135 1188 quse
1155 1093 1254 1167 beret
1275 1094 1332 1164 in·
1385 1092 1493 1173 sales,
1518 1091 1568 1162 sic
1583 1093 1744 1182 intelligo
1769 1089 1837 1164 hoe
1853 1096 2005 1166 dietum:
2036 1093 2134 1166 Deus
2150 1096 2228 1166 vult
2251 1118 2375 1166 omnes

338 1207 458 1274 certa,
482 1195 512 1263 si
526 1199 699 1288 penderet
714 1221 757 1268 ex
771 1197 976 1268 conditione
991 1197 1216 1268 meritorum:
1248 1197 1332 1266 item
1385 1187 1548 1264 homiues
1566 1195 1682 1265 salvos
1700 1196 1794 1277 lieri,
1821 1197 1912 1268 sicut
1936 1199 1973 1268 in
2000 1197 2296 1288 promissionibus
2319 1198 2375 1284 ol·

337 1309 381 1368 nt
409 1292 552 1367 debitos
582 1294 697 1369 honos
718 1293 863 1370 Christo
895 1299 1096 1371 tribuatur:
1137 1298 1220 1370 item
1250 1297 1334 1393 quis
1385 1296 1454 1366 lert
1475 1297 1644 1366 omnibus
1664 1299 1824 1368 salutem.
1876 1299 1947 1372 Sed
1969 1295 2122 1370 humans
2144 1300 2311 1370 noluntas
2334 1299 2374 1368 in

338 1398 482 1469 etiamsi
507 1401 595 1493 quid
625 1401 782 1489 agimus,
817 1413 940 1472 tamen
969 1400 1093 1493 procul
1121 1402 1289 1471 absumus
1313 1424 1333 1468 a
1386 1393 1443 1466 bis
1465 1398 1527 1490 qui
1544 1400 1673 1469 nolunt
1688 1401 1848 1486 credere,
1873 1417 2046 1494 repugnet
2068 1401 2374 1492 promissionibus.

339 1499 560 1591 perfectione
589 1501 687 1593 legis.
757 1499 887 1577 Oritur
915 1519 1032 1575 sutem
1061 1503 1147 1573 lides
1176 1526 1197 1573 s
1224 1502 1334 1574 verbo
1388 1499 1445 1568 llli
1463 1513 1578 1570 sutem
1595 1501 1655 1592 qui
1673 1525 1708 1570 se
1725 1503 1957 1591 promissione
1971 1516 2182 1588 sustentant,
2205 1527 2287 1573 vere
2302 1501 2372 1572 sibi

337 1600 433 1688 Dei,
467 1603 634 1674 videlicet
657 1606 703 1675 ab
724 1604 940 1696 Evangelio,
979 1607 1075 1699 quod
1104 1604 1248 1696 proprie
1270 1618 1335 1689 est,
1387 1603 1496 1672 tribui
1518 1603 1684 1674 beneficia
1700 1600 1834 1674 Christi
1862 1619 2038 1692 statuant,
2063 1631 2109 1676 ne
2130 1603 2247 1678 Deum
2270 1629 2374 1676 sccu-

338 1706 379 1775 in
397 1729 473 1799 quo
490 1707 664 1793 ¹beoelicia
680 1704 815 1779 Christi
837 1707 941 1779 nobis
962 1722 1037 1780 tum
1063 1709 1335 1798 promittuntur,
1386 1717 1465 1774 sent
1487 1705 1676 1777 mendacii.
1733 1704 1896 1802 Cumque
1920 1731 2042 1780 vocem
2069 1705 2256 1798 Evangelii
2280 1707 2373 1776 accl-

338 1823 418 1880 tum
444 1803 674 1879 adhibentur.
738 1806 840 1880 Nihil
871 1811 968 1880 enim
1002 1821 1118 1900 posset
1144 1833 1243 1879 mens
1266 1807 1334 1878 bn·
1387 1808 1509 1898 piunt,
1536 1821 1570 1876 at
1589 1831 1625 1877 se
1643 1821 1861 1895 sustentant,
1886 1810 1993 1880 simul
2011 1812 2131 1880 efficax
2154 1821 2205 1880 est
2220 1808 2376 1901 Spiritus

339 1932 452 1981 mans
467 1925 620 1982 ststuere
637 1915 682 1982 de
697 1911 907 1984 remissione
930 1926 1171 2003 peccatorum,
1194 1912 1224 1981 si
1239 1907 1337 1982 Deus
1385 1923 1527 1978 sauctus
1553 1933 1615 2000 per
1627 1905 1812 2000 Evangelii
1837 1935 1978 1994 vocem,
2005 1913 2101 1984 iuxta
2124 1911 2234 1984 illud:
2267 1909 2376 1982 Fides

336 2036 416 2082 uon
433 2013 623 2084 revelasset
638 2008 731 2084 banc
746 2038 846 2085 suam
862 2015 1081 2088 voluntatem
1096 2027 1192 2086 certo
1215 2015 1336 2098 verbo,
1387 2013 1566 2080 exauditu
1585 2025 1647 2082 est.
1704 2011 1990 2088 Resonant:
2027 2013 2078 2087 Ut
2100 2012 2372 2106 promissionem

334 2139 398 2186 scu
419 2126 516 2186 certa
535 2115 779 2205 promissione.
1386 2109 1542 2202 Spiritus
1555 2112 1767 2205 accipiamus
1783 2118 1974 2210 perfidem.
2029 2115 2079 2189 lta
2098 2140 2177 2186 essm
2200 2127 2374 2206 perterre·

445 2215 641 2288 Sciendum
657 2231 708 2290 est
731 2233 850 2291 autem
872 2215 966 2290 banc
988 2217 1228 2308 evangelicam
1250 2242 1334 2309 pro·
1387 2214 1496 2284 laetae
1513 2229 1647 2286 mentes
1664 2213 1734 2288 lide
1749 2219 1953 2308 eriguntur,
1977 2219 2183 2311 concipiunt
2199 2215 2375 2308 Spiritum

338 2317 552 2388 missionem
566 2322 803 2394 universalem
819 2345 911 2406 esse,
935 2323 1032 2409 quod
1056 2345 1098 2390 eo
1124 2342 1261 2390 necesse
1285 2333 1337 2390 est
1385 2330 1557 2386 sanctum.
1609 2315 1707 2388 Haec
1722 2333 1776 2391 est
1797 2321 1983 2392 conversio
2006 2345 2095 2416 quae
2120 2321 2158 2389 in
2176 2317 2373 2410 Evsugelio

342 2421 533 2490 admoueri
551 2422 646 2511 pios,
672 2422 756 2516 quis
776 2426 924 2515 pavidae
946 2436 1082 2495 mentes
1104 2423 1149 2492 de
1169 2415 1226 2490 his
1248 2421 1336 2492 dua·
1388 2433 1534 2488 vocatur
1552 2420 1788 2509 regeneratio,
1814 2447 1905 2516 quae
1928 2417 2014 2494 hacc
2030 2422 2096 2494 tria
2117 2421 2376 2513 complectitur,

346 2523 411 2592 bus
430 2525 700 2617 quaestionibus
717 2526 869 2595 maxime
886 2527 1086 2614 disputant,
1110 2523 1276 2596 videlicet
1290 2527 1336 2594 de
1387 2519 1634 2590 remissionem
1650 2537 1894 2613 peecatorum,
1919 2524 2205 2597 iustificationem
2227 2546 2289 2594 seu
2305 2523 2376 2619 ins-

347 2625 517 2714 dignitate
555 2641 591 2696 et
614 2629 660 2697 de
691 2627 877 2700 electione.
947 2627 1107 2698 Primum
1130 2625 1336 2725 quaerimus
1388 2623 1606 2712 putationem
1626 2625 1804 2712 iustitiae,
1826 2639 1862 2698 et
1875 2629 2105 2698 donationem
2122 2623 2278 2718 Spiritus
2292 2647 2374 2694 ssu-

341 2749 389 2796 so
416 2727 586 2818 indignos
606 2729 769 2821 recipiat:
796 2730 927 2800 deiude
949 2729 1087 2800 etiamsi
1103 2750 1256 2798 ememus
1277 2729 1336 2797 di·
1387 2725 1434 2794 cti
1470 2747 1509 2793 ae
1541 2727 1633 2796 vitae
1660 2743 1831 2801 aeternae.
1898 2727 1982 2800 Dixi
2009 2743 2126 2801 autem
2151 2731 2195 2799 de
2218 2728 2378 2798 motibus

339 2829 424 2918 gui,
458 2831 652 2918 cogitamus
678 2844 797 2900 tamen
812 2829 926 2902 Deum
948 2855 1031 2902 suos
1056 2831 1228 2925 quosdam
1245 2831 1335 2900 smi-
1388 2828 1449 2920 qui
1467 2850 1486 2895 a
1503 2827 1570 2917 piis
1589 2829 1740 2920 intelligi
1757 2845 1923 2922 possunt,
1948 2834 1992 2902 de
2008 2831 2214 2904 terroribus·
2226 2842 2261 2901 et
2285 2853 2372 2898 ron-

338 2954 402 3001 ros
427 2931 591 3022 elegisse,
626 2933 760 3027 quibus
779 2928 867 3004 baec
896 2933 1065 3005 beneficia
1096 2932 1181 3004 velit
1202 2933 1335 3025 imper·
1385 2929 1578 3021 solatione,
1604 2931 1840 3022 quaefitlide.
1890 2932 2012 3024 Quare
2028 2929 2115 3005 haee
2130 2932 2279 3003 Paulina
2295 2955 2376 3000 sers-

337 3033 431 3104 tire:
456 3033 662 3106 dubitamus
677 3059 724 3106 an
740 3037 785 3106 ad
811 3059 877 3106 uos
897 3060 1041 3133 quoque
1056 3033 1248 3126 pertineat:
1275 3059 1337 3104 ve·
1387 3032 1497 3102 tentia
1515 3055 1580 3102 uec
1597 3035 1770 3122 absurda,
1796 3059 1862 3109 nec
1878 3037 2042 3108 intricata
2060 3050 2131 3122 est,
2155 3059 2220 3104 nec
2243 3035 2376 3104 otiosas

334 3159 464 3206 nmur
496 3157 563 3206 nos
593 3161 669 3208 non
704 3159 779 3208 esse
803 3138 843 3208 in
875 3161 1027 3210 numero
1059 3138 1217 3209 illorum.
1282 3135 1337 3206 lta
1387 3133 1543 3221 argutias
1559 3135 1736 3222 continet,
1760 3139 1822 3207 sed
1843 3151 1896 3210 est
1912 3138 2113 3230 perspicua,
2138 3151 2376 3208 consentanea

336 3236 492 3325 ambigit
517 3233 674 3312 humans
704 3240 796 3312 rstio
825 3242 870 3310 de
900 3241 1080 3312 voluntate
1105 3238 1187 3313 Det.
1245 3236 1335 3309 Nam
1386 3235 1537 3327 reliquis
1567 3231 1826 3328 Prophetarum
1854 3254 1889 3312 et
1910 3237 2096 3330 Evangelii
2128 3239 2375 3308 concionibus:

341 3333 603 3429 etl’bilosophi
620 3343 891 3432 adsentiuntur,
916 3341 1032 3414 Deum
1050 3338 1172 3439 paucis
1187 3341 1336 3434 quibus-
1388 3353 1421 3406 et
1444 3359 1500 3406 res
1524 3339 1693 3408 maximas
1714 3343 1904 3432 proponit,
1927 3365 2016 3432 quas
2041 3343 2090 3432 pii
2120 3342 2156 3411 in
2184 3341 2254 3409 vita
2272 3361 2377 3430 expe-

344 3445 448 3525 dsm,
481 3442 645 3514 videlicet
681 3439 834 3515 heroicis
863 3445 950 3517 viris
975 3445 1114 3529 favere,
1154 3455 1334 3513 eteorum
1387 3440 2377 3533 ciuntur,etqoarumcognitioEcelesiaenecessariaest.

343 3560 495 3615 eventus
516 3547 732 3635 gubernare,
757 3550 819 3618 sed
844 3546 1000 3642 reliquos
1022 3541 1185 3617 homiues
1203 3544 1335 3635 negligi
1385 3540 1491 3611 Nunc
1507 3542 1671 3612 adiiciam
1688 3547 1830 3616 brevem
1845 3572 1974 3619 vocum
1990 3547 2264 3630 enarrationem,
2280 3544 2378 3631 legis,

342 3672 364 3715 s
382 3646 461 3719 Deo
476 3648 642 3737 cogitant
694 3646 846 3720 Prorsus
859 3644 928 3721 boc
947 3648 1055 3722 modo
1082 3648 1212 3735 rogitat
1235 3669 1336 3717 mens
1386 3640 1593 3729 Evangelii,
1616 3649 1768 3735 peceati,
1793 3648 2071 3731 iustificationis,
2093 3648 2240 3738 gratiae,
2258 3646 2353 3717 lidei.

343 3750 390 3819 de
415 3750 752 3840 praedestinatione,
786 3765 827 3823 ut
849 3763 989 3823 vocant.
1056 3748 1126 3821 Sed
1150 3744 1241 3819 banc
1267 3744 1336 3819 bu·
1490 3744 1691 3817 Plurimum
1722 3764 1839 3821 autem
1867 3750 2037 3822 differunt
2070 3753 2125 3820 lex
2155 3764 2188 3818 et
2211 3748 2374 3837 Evange-

345 3874 490 3921 msnam
512 3852 721 3941 opinionem
745 3865 840 3925 taxet
861 3850 1114 3924 voscoelestis.
1164 3848 1244 3921 Hoc
1264 3849 1337 3919 dil·
1388 3846 1491 3921 lium.
1548 3844 1639 3917 Num
1661 3850 1717 3923 lex
1740 3866 1792 3923 est
1813 3853 1994 3937 doctrina,
2027 3878 2096 3946 qua
2122 3851 2216 3936 Deus
2240 3850 2375 3939 proeci-

345 3950 704 4043 l'ertEvaugeliuma
727 3948 984 4047 philosophicis
1004 3952 1238 4045 opinionibus
1259 3965 1336 4022 eta
1388 3949 1441 4039 pit
1465 3949 1586 4041 quales
1616 3972 1680 4021 nos
1710 3976 1785 4023 esse
1811 3968 1991 4045 oporteat,
2034 3968 2068 4025 et
2089 3976 2180 4046 qssae
2202 3952 2375 4037 iacienda,

347 4057 443 4145 lege,
463 4056 549 4149 qnia
564 4056 668 4127 aliter
683 4068 856 4127 monstrat
868 4055 936 4151 Dei
954 4055 1193 4135 voluntatem,
1216 4067 1337 4125 osten·
1387 4074 1478 4142 quae
1497 4052 1638 4122 vitanda
1652 4052 1734 4125 sint.
1785 4049 1833 4128 Et
1855 4080 2057 4151 quanquam
2082 4055 2204 4144 politia
2219 4051 2378 4123 hlosaiea

345 4158 400 4227 dit
416 4156 533 4228 Deum
551 4182 630 4227 vere
646 4174 681 4229 et
698 4157 866 4247 indignos
880 4158 972 4227 velle
985 4156 1153 4249 recipere,
1170 4168 1204 4225 et
1218 4156 1338 4225 omni·
1388 4154 1503 4223 deleta
1527 4153 1591 4239 sit,
1631 4168 1748 4229 temen
1777 4170 1896 4231 manet
1919 4159 1976 4231 lex
2001 4158 2173 4242 moralis,
2211 4170 2376 4249 quaeest

346 4261 417 4329 bus
431 4256 560 4331 ollerre
573 4261 735 4348 gratiam,
759 4260 868 4331 modo
880 4272 921 4331 ut
935 4260 1082 4331 credant
1099 4258 1339 4351 promissioni.
1360 4227 1365 4336 l
1388 4279 1460 4325 una
1478 4269 1513 4325 et
1527 4259 1648 4327 eadem
1664 4259 2049 4352 omniumtemporom,
2065 4286 2144 4339 curu
2160 4258 2375 4329 eiusuotieia

347 4360 472 4451 Quare
491 4364 628 4433 discant
654 4361 727 4454 pii,
760 4361 1032 4455 promissionem
1053 4384 1128 4433 esse
1152 4360 1338 4431 universa·
1361 4339 1365 4454 Ι
1389 4356 1574 4427 nobiscum
1600 4374 1775 4434 nascatur.
1828 4358 1954 4434 Voluit
1978 4364 2072 4431 euim
2100 4359 2199 4430 Deus
2217 4361 2373 4451 aliquam

348 4464 439 4544 lem,
464 4462 556 4533 sicut
579 4477 752 4536 testantur
773 4464 962 4535 innumere
981 4464 1095 4549 dicta,
1119 4474 1175 4534 ut:
1210 4459 1339 4533 Venite
1361 4461 1365 4542 l
1389 4481 1464 4527 esse
1488 4460 1654 4529 noticiam
1678 4462 1715 4532 in
1740 4457 1907 4549 bomine,
1938 4488 2029 4559 quse
2058 4464 2230 4533 iudicaret
2255 4482 2375 4551 pecca-

345 4570 392 4635 sd
424 4589 481 4635 me
511 4585 652 4648 omnes,
693 4563 757 4660 qui
788 4566 975 4649 laboratis,
1017 4578 1052 4636 et
1078 4564 1214 4634 onerati
1242 4545 1479 4636 eutelmio.
1529 4560 1583 4631 Ac
1596 4584 1737 4654 semper
1749 4566 1917 4639 omnibns
1938 4565 2160 4657 temporibus
2182 4586 2266 4632 voce
2290 4562 2376 4650 legis

347 4664 457 4739 Rom.
473 4666 528 4737 b:
564 4662 708 4739 lusticis
731 4666 801 4738 Dei
826 4692 890 4761 per
909 4667 1016 4738 ndesu
1042 4663 1118 4735 lesu
1141 4662 1277 4737 Christi
1299 4667 1339 4735 in
1362 4645 1366 4758 l
1390 4660 1553 4751 arguitur
1578 4680 1756 4754 peccatum
1780 4667 1818 4738 in
1842 4667 2105 4759 praedicetione
2132 4664 2377 4752 poeniteutiae.

346 4770 982 4859 omnesetsuperomnescredentes.
1012 4765 1099 4839 lteus
1109 4764 1339 4840 Roman10.:
1362 4771 1366 4832 l
1392 4762 1476 4834 ldeo
1510 4762 1643 4835 Pardus
1675 4768 1779 4841 dicits
1820 4767 1890 4839 Per
1915 4769 2026 4857 legem
2053 4766 2208 4855 cognitio
2235 4764 2377 4855 peccati.

349 4872 450 4941 ldem
473 4867 652 4941 Dominus
672 4872 834 4941 omniurn
855 4870 1013 4941 diresin
1039 4882 1244 4941 omnesetr.
1297 4868 1340 4940 lu
1391 4864 1465 4935 Nec
1490 4879 1628 4938 tantum
1651 4868 1811 4962 loquitur
1833 4872 1877 4939 de
1899 4870 2128 4954 ceremoniis,
2169 4882 2207 4936 nt
2228 4868 2374 4960 quidam

349 4970 416 5045 bas
438 4971 656 5043 universales
677 4972 903 5043 includamus
926 4995 993 5043 nos
1021 4970 1176 5061 singuli,
1201 4984 1236 5041 et
1257 4994 1340 5041 vere
1392 4968 1548 5051 lingunt,
1574 4972 1633 5038 sed
1653 4972 1840 5071 praecipue
1864 4972 2100 5065 de·decalogo
2123 4993 2184 5039 seu
2202 4968 2275 5061 lege
2298 4992 2373 5038 mo-

347 5078 393 5147 ad
425 5097 491 5145 nos
522 5074 699 5163 pertinere
729 5074 900 5146 bcnelieia
932 5074 1103 5162 promissa
1134 5086 1340 5145 statuamus.
1391 5070 1474 5139 rali:
1501 5066 1598 5139 Haec
1614 5072 1709 5141 enim
1723 5096 1880 5165 semper,
1906 5086 1942 5144 et
1953 5097 2075 5144 omues
2090 5086 2239 5145 accusat.
2285 5068 2376 5139 Nam

348 5176 475 5271 ltaque
496 5176 535 5245 irs
557 5176 783 5270 quaestions,
806 5179 852 5245 de
874 5174 1140 5260 iustificatione,
1162 5197 1341 5266 oeponou-
1390 5171 1498 5261 louge
1514 5172 1617 5243 aliter
1631 5175 1675 5242 de
1691 5174 1769 5264 lege
1784 5174 1906 5245 divina
1922 5174 2147 5245 sentiendum
2164 5186 2234 5256 est,
2267 5194 2375 5263 quam

346 5276 1339 5371 tursliqusrstisperdispotationesdepraedestiustione.
1391 5273 1437 5341 de
1453 5274 1612 5343 moribus
1629 5276 1720 5347 vitae
1735 5276 1863 5351 civilis.
1902 5274 1945 5347 ln
1961 5276 2033 5347 vita
2049 5275 2145 5345 civili
2161 5286 2296 5346 tsntum
2312 5272 2377 5341 lla-

346 5380 620 5453 Esordicodnm
640 5392 696 5453 est
715 5382 762 5453 ab
784 5376 1000 5470 Evangelio,
1040 5380 1138 5474 quod
1166 5391 1202 5450 ct
1223 5380 1341 5467 arguit
1391 5375 1524 5459 giratur
1539 5390 1682 5465 exterus
1699 5376 1902 5471 disciplina:
1929 5392 1963 5449 st
1979 5378 2035 5449 lex
2051 5376 2116 5447 Dei
2135 5375 2281 5468 requirit
2298 5396 2378 5466 per·

347 5504 496 5562 omnes,
530 5494 567 5553 ct
595 5480 700 5553 offert
734 5482 902 5553 omnibus
934 5481 1083 5572 gratiam
1117 5480 1340 5567 promissam,
1390 5476 1518 5547 lectam
1549 5478 1816 5566 obedientiam,
1855 5480 2060 5554 interiorem
2094 5492 2128 5549 et
2158 5478 2377 5557 exteriorem,

349 5596 500 5679 propter
512 5578 714 5669 Christum,
734 5594 772 5653 et
788 5583 933 5676 quidem
950 5582 1058 5673 gratis
1081 5581 1206 5666 ollert,
1230 5584 1339 5651 modo
1392 5592 1432 5649 ut
1449 5590 1598 5648 testatur
1619 5595 1860 5673 praeceptum:
1896 5572 2032 5669 Diliges
2048 5578 2243 5649 Dominum
2260 5574 2375 5646 Deum

348 5702 392 5759 ot
414 5686 485 5755 lide
511 5683 697 5767 scripiaut.
772 5680 978 5755 lotnesmur
1006 5704 1091 5773 ergo
1121 5681 1161 5753 in
1190 5684 1338 5755 verbum
1392 5692 1492 5751 tuom
1510 5703 1551 5749 es
1567 5693 1640 5751 toto
1657 5684 1763 5754 corde
1780 5696 1846 5755 etc.
1895 5678 2007 5757 Etsic
2025 5673 2227 5753 Marino:
2269 5672 2377 5749 Chri-

349 5788 449 5883 quod
473 5799 524 5857 est
546 5784 765 5863 universale.
790 5808 856 5855 nec
879 5784 1037 5855 sinamus
1058 5806 1164 5853 ooss
1187 5784 1339 5873 promis·
1391 5795 1466 5850 stus
1480 5780 1593 5869 legem
1610 5782 1872 5875 interpretatur.
1915 5782 2137 5856 Comensem
2156 5777 2377 5850 baecnatura

348 5893 454 5963 siooe
472 5886 578 5959 suelli
607 5886 906 5983 spocnlstiouibns
937 5888 982 5957 de
1008 5884 1341 5979 praedestiostioue.
1361 5944 1370 5981 ,
1393 5878 1601 5966 bominum,
1644 5887 1769 5958 usorbo
1799 5885 1949 5979 originis
1983 5884 2127 5970 viti-ets,
2167 5905 2240 5953 uon
2273 5878 2381 5975 possit
