5825 6950
598 637 678 718 roo
968 597 972 604 ’
1196 622 1322 700 rure
1347 619 1466 701 uun
1492 622 1705 700 senuna
1731 621 2035 702 amoenos.
2545 650 2609 727 700

602 813 670 888 Est
684 812 780 884 euim
796 817 1044 900 argumentum
1058 813 1215 876 sumtum
1229 822 1273 872 ex
1292 820 1395 868 muso
1416 796 1516 868 finali
1538 821 1595 868 rs-
1617 808 1624 902 l
1647 796 1694 872 Et
1709 798 1799 880 sicut
1821 798 1941 896 iuquit
1957 797 2142 877 Ezechiel:
2169 803 2322 904 Propter
2341 835 2408 886 uos
2426 817 2512 892 male
2529 824 2612 902 audit

605 917 779 1010 ceptionis
800 912 982 1003 gentium,
1012 902 1083 978 boc
1104 905 1224 978 modo.
1275 897 1411 973 Gentes
1433 915 1595 994 receptae
1647 926 1779 974 nomen
1795 899 1863 974 Dei
1881 905 1976 978 inter
1997 919 2132 996 gentes.

606 1032 709 1102 sunt,
734 1030 775 1087 ut
786 1013 910 1087 ludaei
927 1019 1166 1103 provocentur
1181 1005 1224 1074 ad
1248 1003 1489 1088 credendum,
1509 1018 1594 1073 'cum
1748 1017 1794 1092 Et
1809 1021 1906 1114 qnod
1921 1018 2054 1094 Paulus
2067 1018 2127 1094 hie
2142 1026 2357 1106 vaticinatur
2379 1034 2424 1104 de
2446 1037 2542 1110 ruina
2556 1037 2613 1114 Ec·

605 1113 1015 1206 viderintlivangelium
1028 1111 1068 1181 in
1084 1107 1250 1200 gentibus
1268 1105 1500 1186 weeffitu,
1526 1104 1596 1197 igi·
1647 1118 1772 1190 clesiae
1803 1123 1985 1212 gentium,
2026 1126 2064 1196 id
2092 1143 2242 1199 eventus
2269 1136 2442 1222 ostendit,
2477 1137 2613 1218 Ecclesia

606 1237 669 1297 tur
683 1244 824 1292 necesse
839 1233 892 1290 cst
904 1215 1045 1310 aliquos
1062 1235 1136 1284 ease
1151 1209 1310 1303 reliqum
1323 1208 1418 1282 inter
1433 1205 1597 1292 ludam,
1647 1221 1686 1290 in
1701 1222 1787 1292 Asia
1803 1236 1838 1296 et
1854 1219 2011 1318 Aphrica
2028 1251 2118 1318 pene
2133 1229 2296 1307 funditus
2310 1238 2426 1308 deleta
2442 1256 2491 1314 aar
2503 1240 2614 1316 Mihi.

606 1326 671 1420 qni
685 1321 859 1396 credituri
872 1330 967 1391 sunt.
992 1314 1175 1404 Quorsum
1190 1312 1287 1381 enim
1302 1334 1392 1402 opus
1405 1325 1496 1384 esset
1511 1335 1595 1404 pro·
1646 1324 1733 1395 meti
1755 1326 1888 1402 furore.
1956 1326 2001 1398 ln
2025 1326 2171 1424 Europa
2192 1358 2360 1427 oppressa
2389 1354 2440 1414 est
2470 1339 2614 1418 horribili

605 1451 736 1500 vocare
750 1423 917 1506 ludaeos,
943 1419 974 1490 si
988 1417 1080 1487 nulli
1094 1414 1267 1487 credituri
1280 1425 1410 1487 essent.
1646 1426 1812 1498 idolatria
1832 1441 1867 1498 et
1883 1427 2080 1522 impietate,
2104 1448 2147 1504 ut
2172 1440 2419 1527 profanatione
2432 1443 2614 1536 Missarom,

708 1543 937 1636 Consequens
951 1538 1003 1620 sic
1018 1534 1142 1607 atterit
1155 1531 1305 1604 Paulus:
1330 1530 1371 1604 si
1388 1528 1492 1603 ruina
1509 1554 1596 1620 pro-
1646 1529 1873 1602 invocatione
1887 1547 2110 1621 sanctorum,
2135 1541 2389 1629 superstitiosis
2408 1547 2615 1638 opinionibus

604 1651 676 1724 snit
689 1649 735 1719 ad
749 1644 1037 1738 provocandum,
1060 1635 1157 1728 Ergo
1172 1648 1226 1708 est
1239 1635 1378 1728 reliqua
1401 1632 1611 1708 incolumi-,-
1645 1631 1808 1703 cultuum
1823 1627 2087 1729 humanorum,
2114 1639 2253 1712 inscitia
2267 1645 2450 1718 doctrinae
2464 1651 2507 1722 de
2520 1652 2589 1728 fide.

605 1769 659 1827 ¹²⁸
672 1748 816 1844 ‘lilim‘
839 1745 877 1815 id
900 1757 970 1826 ¹³¹,
995 1764 1079 1832 ⁸¹8⁰
1098 1761 1240 1810 ΜΝ
1261 1751 1315 1811 “¹
1335 1737 1494 1828 “liquam
1514 1758 1597 1828 1²⁸¹·
1749 1747 1821 1822 Sed
1836 1763 1955 1822 tamen
1972 1753 2067 1826 inter
2081 1752 2167 1827 haec
2185 1763 2349 1834 scandala
2375 1768 2544 1839 consolari
2563 1794 2615 1842 uos

605 1869 679 1927 tem
709 1863 842 1922 restare
871 1844 1080 1918 nnabitaaa.
1140 1839 1207 1912 Vel
1229 1853 1283 1912 est
1303 1838 1531 1957 amplificatio
1554 1858 1596 1908 ex
1648 1852 1837 1938 debemus,
1878 1857 1974 1947 quod
2004 1859 2259 1948 promissiones
2284 1861 2471 1966 Evangelii
2499 1893 2613 1964 semper

606 1957 767 2038 minure,
792 1951 821 2020 si
839 1948 974 2038 profuit
987 1944 1112 2025 ruina,
1138 1955 1180 2014 ut
1194 1955 1315 2033 gentes
1338 1952 1594 2031 recuperentur,
1648 1953 1719 2024 ,pm
1735 1968 1841 2025 m„
1861 1980 1944 2026 „re
1964 1961 2212 2046 credemibus,
2240 1967 2412 2061 quodque
2434 1995 2560 2062 ‘emper
2577 1975 2612 2046 δὴ

605 2058 752 2154 quando
763 2053 876 2142 magis
894 2051 1080 2142 profutura
1092 2058 1146 2118 est
1161 2044 1388 2115 incolumitas
1402 2055 1501 2126 tunc,
1514 2066 1594 2114 com
1648 2056 1767 2151 aliqua
1782 2081 1865 2127 vara
1880 2053 2059 2146 Ecclesia,
2080 2063 2214 2136 scilicet
2229 2066 2285 2137 illi
2300 2070 2390 2161 ipsi,
2415 2074 2477 2166 qui
2496 2089 2612 2165 agentes

604 2156 791 2256 9¹⁰¹⁰¹²¹i
812 2151 1131 2244 ⁰bi⁶¹⁰l¹⁶¹⁸¹¹¹¹¹¹¹s
1154 2147 1240 2241 ‘1⁰5³
1255 2143 1353 2216 ⁰²⁰⁸
1367 2145 1449 2215 ¹⁶⁰⁰
1464 2168 1596 2236 P¹⁰¹⁰·
1648 2159 1903 2251 poenitentiam
1926 2185 2008 2234 vere
2032 2162 2200 2238 credunt:
2235 2171 2321 2262 quia
2345 2167 2507 2248 Christus
2526 2178 2611 2269 polli-

605 2276 663 2336 cat
679 2281 759 2346 eos,
783 2269 827 2330 ut
842 2277 966 2327 rursus
979 2265 1099 2339 unm,
1122 2265 1159 2322 et
1173 2250 1301 2322 reddat
1316 2247 1525 2322 incolumes.
1648 2276 1746 2331 cetur
1769 2258 1965 2334 Ecclesiam
1986 2287 2126 2356 semper
2147 2293 2354 2344 mansuram
2380 2297 2471 2365 esse,
2494 2291 2525 2350 er
2545 2303 2611 2372 pm.

836 2449 1070 2527 vat'stnim
1084 2441 1354 2542 dicogentidus
1648 2363 1832 2435 mi⁸⁸¹⁰sse⁸
1847 2364 2087 2438 immutabiles
2100 2391 2188 2442 ease.

708 2592 857 2670 Rationi
879 2604 1017 2661 sumtae
1033 2608 1194 2657 excausa
1210 2584 1331 2667 finali,
1356 2582 1457 2656 addit
1476 2605 1597 2654 exem-
1951 2548 2056 2626 N⁰I⁰
2072 2580 2134 2628 ⁹⁰⁵
2148 2555 2337 2656 ignorare.

604 2705 706 2800 pium
731 2719 848 2770 suum.
906 2689 1004 2782 Ego,
1029 2687 1170 2783 iuquit,
1195 2710 1238 2757 eo
1257 2685 1385 2756 maiori
1408 2687 1597 2757 sedulitate
1749 2678 1862 2756 Addit
1877 2686 2084 2758 vaticinium
2101 2694 2147 2762 de
2164 2699 2401 2771 conversione
2417 2699 2604 2790 ludaeomu,

605 2807 731 2877 studeo
761 2817 954 2891 propagare
982 2789 1217 2880 Evangelium
1246 2788 1341 2859 inter
1368 2799 1516 2878 gentes,
1555 2799 1597 2859 ut
1649 2788 1744 2880 qnod
1761 2789 1909 2859 fortasse
1927 2791 1973 2860 ita
1990 2792 2261 2885 intelligendum
2276 2815 2343 2876 est.
2382 2801 2562 2890 Futurum,
2578 2819 2607 2876 ut

604 2914 845 3003 provocentur
865 2896 988 2968 ludaei
1011 2895 1056 2963 ad
1078 2893 1314 2974 credendum,
1337 2911 1419 2960 cnm
1440 2889 1598 2960 viderint
1647 2890 1800 2959 subinde
1824 2895 2001 2984 usquead
2026 2893 2132 2965 finem
2155 2903 2281 2970 mundi
2306 2904 2419 3001 aliqui
2443 2931 2480 2976 er
2499 2905 2608 2978 ludaeis

603 3004 841 3096 Evangeiium
862 3022 937 3068 esse
960 2994 1080 3066 efficax
1104 2994 1199 3062 inter
1221 3005 1355 3084 gentes.
1428 2988 1507 3062 Hoc
1532 3005 1596 3074 est,
1650 3006 1916 3070 convertantur.
1966 2991 2096 3068 Nescio
2113 3001 2207 3070 enim
2224 3027 2271 3072 an
2289 2999 2360 3078 hoc
2378 3008 2480 3088 velit,
2504 3023 2606 3077 restare

603 3111 702 3206 quod
725 3107 793 3176 ait:
821 3099 994 3173 Glorifico
1015 3094 1277 3178 ministerium,
1308 3094 1437 3178 idest,
1468 3115 1595 3184 magua
1649 3090 1767 3163 adhuc
1781 3095 1937 3188 aliquam
1953 3101 2223 3172 conversionem
2236 3129 2386 3199 magnae
2400 3109 2606 3180 multitudiuis

603 3214 675 3284 lide
694 3222 731 3280 et
752 3204 940 3276 sedulitate
962 3201 1072 3270 doceo
1099 3192 1355 3287 Evangelium,
1388 3217 1462 3289 quo
1487 3218 1597 3269 orna-
1648 3197 1740 3266 circa
1761 3196 1868 3266 finem
1885 3199 2024 3271 mundi.
2076 3199 2118 3270 ld
2136 3227 2217 3272 cum
2240 3208 2286 3279 sit
2312 3213 2529 3306 mysterium,
2550 3208 2606 3280 Deo

603 3327 664 3387 tur
678 3325 712 3385 ct
727 3310 928 3380 illustratur
940 3301 1053 3395 gloria
1068 3298 1157 3383 Dei,
1182 3314 1223 3368 ut
1237 3319 1426 3389 provocem
1439 3319 1596 3380 carnem,
1647 3299 1918 3374 committamus.
1969 3297 2097 3372 Esaiae
2114 3307 2324 3380 vaticinium
2341 3315 2557 3384 concionatur
2573 3313 2606 3380 de

603 3417 643 3489 id
662 3428 735 3500 cst,
759 3408 919 3483 ludaeos.
962 3401 1010 3476 Et
1027 3403 1127 3472 addit
1141 3399 1453 3494 amplificationem
1468 3424 1511 3469 ex
1525 3401 1595 3468 mi·
1647 3399 1859 3472 liberatione
1876 3403 2020 3494 populi,
2046 3406 2210 3479 videlicet
2233 3413 2318 3497 illa,
2350 3418 2475 3509 dequo
2492 3412 2605 3505 proprie

602 3542 708 3605 nure,
733 3514 764 3585 si
781 3510 925 3583 reiectio
942 3505 1095 3599 proluit,
1119 3515 1255 3597 quanto
1271 3502 1461 3593 gloriosior
1474 3502 1595 3575 intusa
1646 3502 1807 3596 loquitur
1833 3500 2070 3596 Evangelium
2084 3562 2095 3599 ,
2137 3506 2204 3581 hoc
2234 3528 2318 3598 est,
2358 3522 2402 3588 de
2431 3518 2605 3587 remissione

602 3637 656 3695 est
672 3611 868 3694 restitutio,
895 3634 986 3705 quae
1009 3618 1060 3678 est
1073 3607 1196 3677 sutura
1209 3605 1311 3699 quasi
1325 3606 1535 3675 resurrectio
1553 3628 1595 3675 ex
1646 3618 1883 3697 peccatorum.
1939 3603 1986 3679 Et
2009 3622 2062 3679 est
2082 3612 2198 3682 dulcis
2219 3621 2411 3705 sententia,
2436 3621 2512 3713 quia
2533 3620 2604 3687 clare

601 3720 769 3796 mortuis.
833 3713 933 3787 Haec
956 3724 1010 3784 est
1031 3707 1180 3801 simplex
1199 3720 1237 3782 et
1258 3706 1409 3778 minime
1429 3706 1594 3778 intricata
1646 3710 1749 3778 ducet
1772 3708 1812 3777 in
1833 3732 1929 3779 novo
1954 3722 2162 3785 testamento
2186 3719 2463 3807 praedicandum
2482 3742 2545 3790 esse
2563 3740 2604 3786 re·

603 3818 865 3918 interpretatiu·
1538 3846 1543 3858 ·
1646 3807 1850 3879 missionem
1880 3828 2120 3905 peccatorum.
2195 3818 2294 3891 Haec
2322 3823 2481 3893 liberatio
2507 3816 2604 3912 populi

887 3995 895 4015 1
961 3993 970 4012 .
1013 3988 1053 4011 ..
1647 3911 1878 4001 intelligenda
1908 3924 1977 3999 est,
2009 3915 2094 3985 inde
2114 3940 2227 4012 usque
2251 3946 2273 3993 a
2293 3926 2469 4019 principio
2493 3918 2604 4015 praedi·

847 3994 892 4071 Sl
907 4001 1095 4097 9¹¹¹¹¹¹¹¹¹¹¹
1107 3998 1261 4065 ‘mia‘
1274 3997 1338 4067 αὖ·
1595 4078 1599 4087 ,
1646 4013 1796 4085 cationis
1812 4012 2001 4105 Evangelii
2020 4020 2064 4087 ad
2082 4018 2201 4096 linem.

705 4136 872 4212 Tertium
894 4142 1164 4225 argumentum,
1194 4124 1302 4217 Quod
1326 4148 1414 4217 gens
1442 4123 1594 4197 ludaeo-

601 4272 683 4323 rum
698 4268 773 4314 non
787 4239 833 4311 sit
846 4237 988 4316 reiecto,
1012 4245 1168 4304 sumtum
1182 4254 1224 4301 ex
1238 4229 1485 4322 promissione,
1504 4250 1595 4324 quae
1879 4206 2073 4287 Conclusa
2087 4214 2195 4290 Dens
2211 4224 2340 4295 omnio
2355 4234 2414 4299 etc.

599 4366 655 4425 est
674 4339 929 4420 immutabilis,
966 4346 1002 4407 et
1026 4332 1180 4427 pertinet
1208 4332 1343 4424 pariter
1373 4333 1418 4400 ad
1446 4330 1594 4421 stirpem
1740 4342 1990 4441 Epfphonm,
2005 4368 2073 4439 „h
2097 4352 2136 4423 5„
2151 4382 2223 4451 quo
2245 4376 2297 4435 ,m
2315 4356 2509 4455 ,mquam
2526 4350 2603 4423 Gen.

446 4500 451 4512 ι
600 4452 699 4526 etad
714 4459 884 4541 posteros.
936 4436 1058 4511 Redi!
1069 4448 1123 4506 ⁸⁸¹
1136 4447 1274 4515 ”uma
1300 4432 1433 4504 “lilim
1448 4446 1595 4525 1¹¹⁰?ter
1646 4448 1736 4521 tium
1760 4464 1792 4521 et
1813 4448 2049 4540 ludaeorum,
2076 4472 2110 4529 et
2135 4455 2335 4535 detrahitur
2350 4464 2472 4535 fiducia
2487 4454 2603 4527 merito-

599 4550 895 4649 promissionem,
927 4536 1595 4659 ¹¹¹¹¹¹1¹⁰¹¹¹¹⁸¹¹¹¹¹¹¹¹¹¹¹¹¹¹¹¹2¹¹8¹}¹¹¹
1646 4576 1726 4631 rum
1744 4552 1917 4647 utrisque.
1971 4552 2146 4630 Hortatur
2162 4585 2286 4635 omnes
2300 4569 2346 4638 ad
2370 4554 2601 4659 poeniteutiam.

600 4655 693 4729 rami
715 4664 799 4723 sunt
826 4644 957 4728 sancti,
1001 4662 1084 4735 (1⁰¹2
1112 4640 1158 4709 ⁸¹¹
1178 4633 1412 4759 h¹2¹o¹l¹¹⁰¹l¹¹¹
1436 4652 1595 4759 P¹¹¹¹¹¹¹¹
1645 4655 1789 4727 Deinde
1812 4656 2007 4749 aequaliter
2027 4664 2197 4752 proponit
2226 4668 2394 4739 omnihus
2421 4646 2601 4737 consolati>-

601 4753 803 4852 promissio,
818 4750 881 4821 sed
897 4756 1058 4841 opusnest
1070 4742 1139 4813 lide
1153 4764 1266 4836 accrpr
1281 4762 1570 4835 promessionem.
1646 4782 1740 4833 nem,
1807 4752 1942 4851 Easque
1976 4761 2182 4851 gravissimi,
2218 4768 2378 4841 doctrina
2410 4770 2446 4836 in
2477 4773 2600 4847 utroque

1008 4944 1017 4965 ο
1644 4860 1823 4931 membro:
1858 4884 1942 4929 nam
1968 4863 2136 4937 concludi
2158 4869 2224 4939 sub
2253 4886 2448 4963 peccatum,
2478 4883 2541 4935 non
2561 4862 2599 4924 est

792 4946 852 5029 Ne
867 4940 1251 5051 supcrbsosodversus
1265 4966 1403 5021 ramos.
1645 4962 1759 5035 otiose
1785 4961 2079 5052 intelligendum,
2118 4970 2181 5039 sed
2209 4974 2450 5066 complectitur
2476 4975 2598 5041 ce³¹⁰¹¹s

704 5082 1058 5184 Apostropheffld
1074 5094 1210 5175 geum,
1235 5075 1594 5176 qm3h0512102‚n0
1646 5087 1816 5158 pavores,
1847 5086 1909 5135 seu
1933 5066 2106 5161 iudicium
2132 5085 2166 5142 et
2189 5097 2321 5166 poenas
2347 5068 2489 5169 peccati,
2518 5050 2596 5171 ulmi

604 5196 742 5275 carnali
770 5192 898 5265 liducia
925 5186 1123 5282 despiciant
1152 5182 1321 5270 ludaeos,
1357 5205 1448 5253 neve
1478 5182 1595 5263 securi
1646 5168 1758 5285 (Ιῖὒὸῑξ
1788 5161 2002 5238 0¹⁰¹12¹¹²¹
2024 5184 2127 5257 ⁵¹¹¹¹¹2
2155 5196 2278 5246 ⁰m¹10⁸
2299 5191 2400 5251 erunt
2416 5154 2595 5247 tubisti‘nd'

603 5312 711 5373 ruant
726 5306 849 5367 contra
863 5290 998 5376 Deum,
1021 5286 1147 5359 confisi
1166 5281 1236 5359 hoc
1252 5284 1378 5373 titulo,
1403 5286 1501 5380 quod
1521 5286 1595 5359 sint
1644 5268 1779 5341 iudi¹¹⁰
1795 5263 1882 5355 Diis
1909 5270 2341 5353 ¹¹¹0¹¹1⁰¹³sfflc¹i⁰nibus

601 5400 758 5498 popolus
771 5393 841 5467 Dei
861 5416 924 5466 sen
936 5388 1108 5465 Ecclesia.
1158 5387 1261 5462 Sicut
1273 5412 1372 5459 nuuc
1387 5386 1523 5460 carnali
1537 5411 1594 5457 se-
1656 5464 1660 5471 ,
1749 5382 1799 5465 Ut
1814 5382 1930 5459 David
1948 5403 2024 5463 crat
2039 5394 2227 5465 conclusus
2242 5400 2309 5471 sub
2329 5408 2511 5491 peccatum,
2533 5394 2593 5451 ⁶⁰¹¹

601 5505 752 5578 caritate
766 5495 981 5591 promittunt
997 5490 1067 5561 sibi
1083 5490 1287 5584 pontifices,
1312 5491 1410 5585 qnod
1431 5489 1504 5561 sint
1521 5484 1594 5560 Ec-
1645 5488 1839 5585 pelleretur
1851 5488 1891 5559 in
1909 5492 2054 5563 erilium
2064 5544 2077 5578 ,
2105 5518 2184 5566 cum
2202 5492 2429 5571 horribilibus
2443 5483 2593 5565 dotodbu

602 5607 728 5685 clesia,
754 5615 788 5672 et
801 5594 869 5671 hac
882 5592 1055 5688 opinione
1071 5593 1185 5665 mults
1209 5605 1334 5667 contra
1358 5594 1508 5665 verbum
1524 5588 1593 5661 Dei
1646 5605 1878 5665 exerceretur.
1946 5590 1989 5663 ln
2013 5588 2070 5665 his
2091 5598 2343 5673 afflictionibus
2373 5594 2536 5692 praecipue
2553 5594 2591 5651 te·

602 5707 826 5780 constituunt
856 5711 893 5771 ct
921 5707 1048 5787 aruns
1110 5692 1216 5767 Hanc
1245 5694 1465 5787 impietatem
1493 5690 1593 5767 Deus
1617 5757 1618 5766 ,
1644 5695 1763 5766 nenda
1796 5706 1850 5769 ‚est
1883 5688 1968 5766 haec
2003 5700 2221 5786 consolatio,
2254 5728 2343 5795 quac
2375 5698 2427 5773 hic
2459 5684 2591 5763 traditur·

600 5804 822 5881 hauddubie
845 5800 990 5896 puniet,
1013 5795 1112 5869 iusta
1131 5798 1329 5875 secundum
1351 5811 1593 5892 praeceptum.
1615 5785 1619 5817 ²
1644 5795 1758 5870 Docet
1779 5796 1877 5867 enim
1892 5799 1936 5868 de
1953 5821 2056 5871 causa
2074 5802 2308 5877 afflictionum
2323 5820 2356 5879 ct
2371 5794 2498 5877 iudicii,
2518 5778 2589 5857 ΜΕ
