5825 6950
542 619 677 737 lreor
1184 642 1312 719 rau.
1337 641 1457 719 uns.
1482 638 1693 719 sentam
1719 592 2020 727 umerum.
2223 708 2229 724 .
2292 713 2297 724 ,
2367 664 2371 675 ·
2495 673 2576 751 „gg
2635 668 2636 709 r

581 830 814 915 beneficium,
838 826 937 921 quod
957 817 1160 894 obedientia
1178 818 1384 909 imperfecta
1399 812 1477 887 Deo
1493 816 1591 909 pla-'
1626 819 1740 893 tibus:
1766 820 1888 893 sedin
1910 819 1978 897 bac
2000 824 2074 897 viu
2096 821 2243 905 haerent
2262 830 2304 901 in
2325 835 2428 907 nobis
2445 840 2579 937 reliquiar

583 950 649 1010 eet.
696 931 770 1004 Nec
793 930 890 1001 enim
913 924 1075 998 concedit
1096 919 1332 1012 Evangelium
1354 932 1570 991 contemtum
1623 922 1770 1017 peccati,
1794 948 1908 1007 mors,
1934 939 1969 997 et
1985 929 2118 1001 multae
2134 933 2361 1023 calamitates.
2393 936 2482 1013 Sicut
2497 946 2580 1036 igitur

585 1039 655 1111 Dei
668 1048 790 1107 contra
805 1028 1076 1112 conscientiam,
1099 1026 1181 1097 ideo
1203 1023 1354 1107 dicitnr,
1378 1016 1571 1100 Matthias
1624 1039 1771 1098 manent
1786 1050 1882 1097 mors
1906 1029 2049 1103 stelias
2068 1056 2222 1123 poenae,
2250 1038 2298 1108 ita
2325 1056 2439 1111 uranet
2460 1044 2508 1116 ler
2527 1074 2580 1142 qur

586 1140 666 1213 Nisi
682 1136 820 1209 iusticia
835 1147 952 1205 vestra
965 1130 1110 1202 excellet
1133 1150 1240 1221 supra
1255 1125 1429 1210 iusticiam
1444 1119 1573 1196 Phari·
1626 1131 1670 1199 ad
1690 1127 1860 1221 reliquias
1881 1133 2029 1223 peccati:
2057 1158 2138 1205 nam
2164 1132 2250 1209 baec
2272 1142 2394 1214 omnia
2413 1146 2510 1219 rimu}
2533 1174 2580 1222 n„

587 1264 777 1325 saeorum,
818 1260 893 1307 non
922 1232 1102 1305 intrabitis
1129 1232 1170 1301 in
1201 1252 1350 1320 reguum
1379 1227 1573 1303 coelorum.
1627 1244 1815 1317 accusant,
1859 1232 1935 1320 lex,
1977 1259 2073 1309 mors
2107 1254 2142 1309 et
2175 1240 2266 1312 aliae
2298 1268 2440 1335 poenae.
2498 1250 2583 1331 Pulrr

589 1344 694 1417 ltem:
728 1337 910 1412 Nonveni
927 1336 1064 1408 solvere
1080 1334 1210 1424 legem,
1235 1333 1296 1403 sed
1315 1331 1475 1424 implere.
1525 1323 1574 1398 Et
1622 1330 1835 1411 Davidisua
1853 1337 2034 1411 calamitas
2051 1352 2101 1411 est
2118 1366 2185 1411 vor
2208 1342 2316 1433 legis,
2337 1350 2397 1416 rrd
2414 1347 2584 1423 irrflrubrf

589 1446 715 1539 implet
739 1441 834 1535 ipse,
858 1452 900 1511 ut
915 1438 1022 1509 simul
1040 1438 1078 1506 in
1099 1436 1205 1507 nobis
1228 1434 1411 1514 restituat,
1436 1446 1477 1504 ut
1495 1427 1574 1501 Ro·
1625 1460 1644 1505 a
1670 1436 1745 1526 lege
1766 1452 1801 1508 et
1823 1454 1994 1526 amorte,
2021 1443 2107 1535 quie
2130 1442 2199 1514 lide
2215 1447 2402 1523 eluctatur.
2434 1449 2586 1543 sicigitur

587 1572 657 1618 ma.
671 1548 709 1619 8.
722 1540 868 1617 dicitnr:
892 1540 949 1614 De
963 1552 1104 1631 peccato
1118 1538 1300 1611 damnavit
1318 1549 1518 1628 peccatum,
1535 1546 1575 1610 ut
1626 1540 1739 1619 iusto,
1767 1554 1941 1629 quatenus
1967 1556 2020 1615 est
2042 1544 2177 1630 iustus,
2203 1549 2240 1617 id
2262 1564 2333 1634 est,
2360 1554 2586 1643 qrraterrurfidr

491 1689 498 1704 =
589 1649 730 1721 iusticia
749 1646 837 1736 legis
859 1645 1051 1737 impleatur
1068 1642 1108 1713 in
1128 1640 1253 1724 nohis,
1283 1662 1358 1709 non
1379 1637 1574 1708 secundum
1625 1640 1756 1725 vincit,
1783 1667 1856 1711 uon
1882 1657 1933 1715 est
1951 1645 2008 1716 lex
2026 1648 2157 1736 posita,
2189 1673 2262 1720 non
2286 1656 2493 1725 condemnat
2515 1682 2586 1733 eun,

589 1774 731 1823 ‘³⁰¹²'ss
755 1746 1031 1819 ³¹¹¹b¹¹¹³¹¹llb⁰b
1082 1742 1189 1827 ltem,
1214 1740 1342 1814 Ilm·
1359 1739 1413 1813 θεῖ
1444 1738 1574 1827 Legem
1626 1739 1729 1811 llanc
1745 1746 1942 1815 doctrinam
1957 1748 2001 1817 de
2017 1749 2229 1819 liberatione
2246 1778 2264 1821 a
2282 1754 2377 1842 lege,
2391 1768 2424 1825 et
2439 1758 2480 1825 de
2491 1760 2589 1829 uritur

590 1852 790 1925 111111Ῑῖ111111
811 1873 875 1941 Per
896 1848 1023 1933 fidem,
1055 1846 1093 1916 ld
1117 1860 1186 1925 est,
1219 1844 1301 1913 ideo
1323 1841 1518 1935 recipimur
1541 1850 1576 1909 et
1626 1845 1711 1933 legis
1728 1846 1885 1917 breviter
1902 1842 1960 1919 hic
1975 1850 2175 1939 recitatam,
2202 1855 2289 1925 alibi
2312 1858 2485 1949 copiosius
2507 1884 2588 1951 erpo·

591 1977 826 2037 renovamur,
851 1950 987 2023 utiam
1012 1949 1073 2019 bat
1092 1948 1149 2019 lex
1173 1958 1207 2017 et
1227 1946 1371 2037 placeat.
1626 1947 1734 2018 sitam
1764 1948 1920 2040 relegite.
2160 1956 2161 1961 ’

597 2117 600 2123 .
679 2053 778 2126 llaec
792 2052 966 2126 sententia
981 2074 1083 2143 saepe
1100 2049 1247 2137 repetita
1265 2060 1317 2117 est
1332 2048 1412 2118 aliis
1427 2043 1575 2117 crassio-
1881 2090 1883 2097 ,
1964 2110 1972 2131 ‚
2037 2113 2045 2133 ι
2334 2118 2341 2137 ⁶

591 2158 691 2230 ribus
705 2157 828 2226 formis
842 2153 1035 2247 loquendi,
1060 2153 1096 2225 1.
1110 2144 1273 2221 Corinth.
1289 2148 1339 2223 6.:
1368 2147 1423 2219 Ne
1439 2145 1578 2229 erretis,
1891 2108 1997 2212 Qum
2027 2140 2167 2214 '³8⁸⁰'
2168 2144 2240 2191 11111
2257 2120 2351 2218 sm·

592 2272 821 2337 scortatores,
863 2255 1055 2338 idolatrae,
1094 2251 1247 2323 adulteri
1272 2266 1336 2323 etc.
1371 2274 1445 2320 non
1465 2247 1579 2339 possi-
1728 2248 1907 2323 Discernit
1928 2268 2185 2347 persecutores,
2212 2274 2252 2329 ιιι
2277 2256 2407 2333 Roma.
2435 2258 2490 2334 10.
2504 2276 2533 2333 et
2550 2264 2591 2338 tt.

592 2362 731 2433 debunt
744 2382 893 2449 regnum
909 2353 988 2430 Dei.
1039 2351 1088 2426 Et
1107 2356 1141 2429 1.
1153 2353 1359 2427 loannis5.:
1384 2351 1497 2422 Nemo
1515 2352 1578 2419 de·
1629 2353 1742 2446 aliqui
1775 2368 2050 2441 convertuntur,
2092 2359 2202 2451 aliqui
2239 2384 2319 2433 non·
2348 2378 2592 2439 convertuntur.

591 2463 699 2556 cipiet
719 2482 799 2543 vos,
839 2459 902 2553 qui
923 2458 1008 2529 facit
1032 2470 1230 2547 peccatum,
1270 2478 1311 2526 er
1335 2454 1480 2524 diabolo
1514 2466 1578 2523 est.
1628 2454 1683 2531 De
1705 2450 1771 2525 hoc
1792 2456 1996 2527 discrimine
2018 2475 2052 2531 et
2077 2458 2250 2533 Matthaei
2278 2466 2335 2537 12.
2359 2464 2507 2536 dicitur:
2538 2464 2592 2555 Qui

397 2632 404 2641 .
521 2564 525 2573 ’
591 2562 770 2637 lttttoma
789 2563 840 2636 8.:
867 2559 1210 2640 Debitorcssumus‚
1235 2570 1365 2626 utnon
1383 2555 1579 2625 secundum
1630 2557 1759 2629 dixerit
1774 2577 1974 2628 sermonem
1989 2576 2110 2632 contra
2128 2564 2242 2634 lilium
2262 2560 2441 2651 bominis,
2464 2569 2593 2637 remitte·

592 2689 735 2737 carnem
754 2662 988 2735 ambulemus.
1038 2660 1111 2731 Nec
1131 2660 1289 2729 debitum
1313 2656 1578 2749 significatvio·
1629 2675 1689 2732 tur
1714 2659 1768 2744 ei,
1802 2658 1876 2747 Qui
1901 2675 2018 2732 autem
2040 2666 2171 2736 dixerit
2195 2680 2318 2737 contra
2341 2668 2513 2759 Spiritum
2531 2692 2593 2739 san·

591 2766 759 2850 lentiam,
794 2765 857 2835 sed
885 2763 1073 2832 immotum
1100 2762 1282 2843 ordinem,
1324 2784 1395 2853 quo
1420 2772 1580 2829 creatura
1631 2774 1746 2847 etum,
1774 2784 1847 2829 non
1873 2765 2073 2835 remittetur
2092 2768 2144 2851 ei,
2170 2791 2284 2860 neque
2305 2770 2343 2840 in
2361 2767 2429 2841 hac
2447 2773 2594 2864 usquein

593 2866 779 2939 rationalis
800 2864 948 2937 creatori
971 2864 1128 2934 subiecta
1151 2877 1213 2934 cst.
1247 2859 1295 2933 Ει
1310 2857 1378 2933 hoc
1392 2861 1510 2952 ipsum
1529 2871 1581 2929 est
1631 2866 1751 2937 lutura
1773 2864 1856 2934 vita.
1906 2861 1977 2936 Hic
2001 2868 2111 2940 multa
2135 2870 2363 2959 disputantur
2388 2877 2434 2941 de
2457 2868 2595 2965 blasphe-

592 2971 773 3051 debitum,
798 2982 839 3040 ut
852 2966 1054 3039 obedientie
1068 2966 1114 3036 sit
1130 2978 1335 3054 spontanea.
1387 2958 1578 3033 EtZacha.
1617 2968 1703 3037 'mia
1722 2968 2003 3057 scudepeccato
2022 2970 2268 3043 irremissibili.
2302 2973 2596 3066 Nospriustenee·

594 3073 628 3145 8.
646 3071 794 3144 dicitur:
822 3067 1018 3144 Veritatem
1040 3081 1076 3138 et
1104 3066 1277 3136 iudicium
1306 3064 1401 3156 pacis
1424 3064 1579 3134 iudicate
1631 3092 1710 3137 mus
1733 3064 1825 3138 banc
1847 3070 2025 3157 regulam,
2068 3071 2281 3146 Mandatum
2314 3080 2359 3147 de
2392 3078 2596 3147 conversione

591 3174 632 3245 in
647 3172 758 3267 portis
777 3170 923 3256 vestris,
953 3183 989 3240 et
1010 3169 1144 3240 malum
1166 3182 1288 3238 contra
1305 3168 1487 3260 proximos
1506 3189 1580 3235 non
1632 3174 1709 3240 sine
1720 3170 1792 3240 ulla
1807 3171 2030 3244 dubitatione
2043 3175 2244 3247 universale
2261 3192 2326 3265 est,
2340 3180 2392 3249 sic
2406 3194 2442 3251 et
2455 3178 2526 3249 sine
2540 3178 2594 3248 ulls

597 3276 767 3365 cogitate,
806 3287 841 3345 et
872 3272 1111 3358 iuramentum
1145 3272 1295 3339 mendax
1327 3292 1373 3339 ne
1406 3268 1581 3355 diligatis:
1633 3272 1855 3345 dubitatione
1895 3275 2081 3365 promissio
2117 3276 2265 3349 Gratiae
2305 3282 2516 3351 universalis
2550 3294 2596 3363 est,

592 3378 713 3449 omnia
734 3374 828 3445 enim
853 3368 938 3443 baec
961 3388 1043 3443 sunt
1064 3395 1154 3466 quae
1174 3372 1258 3455 odi,
1284 3371 1371 3441 dicit
1392 3368 1582 3443 Dominus.
1632 3378 1720 3445 sicut
1739 3373 1915 3445 Dominus
1936 3378 2069 3469 inquit:
2097 3378 2225 3451 Venite
2246 3384 2289 3451 ad
2313 3408 2368 3453 me
2391 3406 2528 3465 omnes,
2549 3382 2595 3472 qni

593 3479 704 3563 ltern,
740 3475 870 3552 Psalm.
891 3476 943 3551 6.:
989 3472 1073 3547 Non
1111 3470 1208 3547 Deus
1248 3475 1372 3545 volens
1413 3472 1579 3566 impieta·
1633 3480 1801 3548 laboretis
1818 3494 1852 3549 et
1868 3481 2002 3550 onerati
2020 3482 2111 3550 estis.
2145 3481 2195 3556 Et
2212 3479 2391 3556 horrenda
2408 3485 2595 3556 contumelia

502 3644 508 3654 ,
594 3595 665 3654 tem
691 3593 730 3651 tu
753 3600 801 3649 es.
1635 3596 1684 3650 est
1708 3583 1876 3650 adversus
1898 3583 2008 3652 lilium
2025 3581 2111 3670 Dei,
2145 3587 2298 3674 cogitare
2316 3611 2466 3678 regnum
2487 3587 2596 3656 diaboli

695 3679 821 3754 Manet
836 3679 944 3771 igitur
966 3677 1029 3748 illa
1051 3676 1215 3747 voluntas
1239 3677 1277 3746 in
1297 3673 1374 3746 Deo
1388 3691 1530 3747 aeterna
1547 3689 1580 3746 et
1633 3685 1812 3771 potentius
1832 3705 1904 3752 esse
1927 3680 2090 3772 Christo,
2134 3713 2214 3758 cum
2237 3690 2385 3782 quidem
2409 3692 2539 3762 dictum
2565 3690 2597 3758 sit

591 3785 758 3867 immota,
783 3805 873 3875 quae
891 3779 1058 3851 discernit
1077 3781 1171 3848 bona
1188 3793 1221 3848 et
1238 3779 1349 3859 mala,
1373 3794 1407 3851 et
1422 3779 1501 3849 ιιιΙι
1518 3780 1582 3847 bn·
1634 3782 1763 3857 Roma.
1785 3785 1838 3860 6.:
1872 3783 1997 3856 Gratia
2022 3789 2189 3872 extaberat
2208 3815 2315 3882 supra
2339 3809 2529 3881 peccatum.
2564 3789 2596 3860 llt

591 3911 659 3968 ua,
699 3898 735 3958 et
754 3885 830 3957 vult
859 3882 1097 3956 obedientiam
1122 3894 1302 3952 creaturae
1331 3893 1582 3969 congruentem
1632 3885 1764 3956 sancita
1780 3888 1825 3956 sit
1840 3887 2027 3978 promissio
2041 3889 2290 3978 iureiurando,
2320 3894 2506 3984 Vivoego‚
2531 3895 2595 3961 nolo

591 4010 676 4061 suae
692 3985 889 4068 voluntati,
914 3982 1179 4074 et‘patefactam
1200 4005 1264 4074 per
1280 3982 1414 4062 fillum.
1440 3985 1484 4052 de
1511 4007 1581 4074 quo
1632 4004 1781 4058 mortem
1809 3991 2018 4078 peccatoris,
2053 4006 2117 4066 etc.
2168 3989 2426 4085 Confugiamus
2446 3997 2546 4084 igitur
2564 3995 2596 4062 ad

593 4090 748 4174 dicitur,
788 4081 1021 4159 Matth.17.:
1061 4082 1169 4154 Hunc
1193 4085 1323 4154 audite.
1374 4081 1460 4154 Ideo
1485 4083 1579 4156 etin
1631 4088 1745 4161 filium
1772 4089 1857 4176 Dei,
1895 4104 1929 4163 et
1952 4107 2186 4166 sustentemus
2208 4120 2274 4167 uos
2296 4101 2546 4191 promissione,
2573 4107 2597 4164 st

591 4189 792 4261 iuramento
814 4187 963 4272 dicitur,
996 4180 1124 4258 Erech.
1147 4186 1226 4258 dd:
1265 4185 1357 4254 Vivo
1380 4209 1462 4275 ego,
1496 4185 1581 4254 nolo
1631 4215 1867 4287 repugnemus
1891 4194 2119 4268 dubitationi,

591 4304 741 4362 mortem
766 4288 974 4382 peccatoris,
1012 4288 1135 4356 redut
1158 4298 1386 4356 convertatur
1410 4304 1444 4357 et
1472 4287 1580 4359 vivat.
1730 4294 1826 4365 llaec
1847 4309 1931 4366 sumt
1954 4298 2119 4368 mandata
2141 4299 2331 4382 divinitus,
2367 4317 2404 4374 et
2426 4304 2511 4372 tales
2534 4325 2596 4370 sen-

593 4390 795 4488 Utrumque
811 4391 905 4461 enim
924 4388 1168 4480 complectitur
1180 4386 1452 4472 Iusiurandum,
1478 4412 1587 4459 man-v
1630 4397 1719 4470 tient
1739 4397 2015 4466 consolationem
2032 4412 2066 4471 et
2084 4401 2309 4492 recipientur.
2342 4403 2397 4474 lta
2421 4406 2595 4475 indicemus

592 4495 713 4566 datum
737 4498 782 4566 dc
810 4492 1059 4576 conversione,
1099 4504 1135 4561 et
1159 4490 1428 4581 promissionem
1454 4514 1580 4560 recon·
1628 4499 1874 4588 spoeteriorc,
1907 4493 1973 4569 bos
1990 4523 2063 4570 non
2080 4495 2245 4573 habuisse
2264 4504 2594 4593 peccatumirremis-

590 4596 795 4668 ciliationis.
847 4589 903 4663 ttx
922 4587 981 4662 his
994 4591 1160 4663 omnibus
1183 4590 1337 4681 intelligi
1356 4604 1470 4682 potest
1485 4606 1580 4663 recte
1629 4602 1743 4675 sibile.
1777 4599 1838 4672 Sic
1858 4602 2230 4675 servatusestl'aulus
2248 4610 2356 4678 etalii
2375 4608 2482 4678 multi
2501 4628 2595 4698 perse·

589 4698 682 4781 dici,
707 4695 967 4777 obedientlam,
992 4692 1379 4788 1]1111111111011111ὓᾶ1,
1406 4706 1439 4762 11
1464 4695 1578 4788 11111ῖὶ-Ι
1629 4717 1782 4774 cutores:
1809 4715 1844 4772 et
1867 4705 2011 4795 quidem
2029 4701 2160 4774 Paulus
2182 4709 2317 4799 inquit,
2343 4733 2446 4780 suam
2469 4728 2594 4778 conver·

590 4800 639 4873 cit
656 4825 722 4872 noa
737 4795 1020 4878 voluntatiDci,
1045 4819 1152 4890 quam
1176 4795 1231 4864 ¹0¹
1255 4795 1429 4880 0111111111,
1454 4819 1578 4894 111111·
1628 4807 1763 4877 sionem
1797 4805 1994 4894 exemplum
2022 4819 2056 4875 et
2087 4810 2327 4879 testimonium
2355 4837 2431 4881 esse
2459 4810 2592 4898 regulae.

591 4902 724 4973 sarium
746 4924 833 4976 esse.
1628 4909 1723 5000 qnod
1745 4905 1842 4976 Deus
1864 4929 1946 4977 vere
1963 4907 2048 4977 velit
2076 4905 2197 4980 Gratis
2221 4927 2365 5003 propter
2388 4915 2499 4982 hlium
2522 4909 2591 4978 reci·

691 5000 857 5075 Secundo
878 5013 998 5072 manet
1012 5000 1069 5069 lex
1083 4997 1234 5082 renatis,
1259 4996 1355 5088 quod
1374 5000 1416 5068 td
1445 4997 1577 5068 (1011ῑῖ·
1627 5033 1712 5102 pere
1738 5022 1937 5101 peccatores
1957 5010 2200 5098 confugientes
2218 5017 2262 5081 ad
2285 5015 2413 5088 lilium.
2455 5013 2512 5085 Sic
2533 5033 2591 5079 ser·

587 5127 672 5175 urm
686 5106 832 5195 attinet,
854 5105 940 5197 quia
955 5114 1095 5194 oportet
1109 5122 1170 5170 cos
1186 5095 1318 5170 babere
1335 5100 1577 5170 testimonium
1628 5111 1699 5181 vrri
1722 5105 1816 5182 run(
1833 5110 1958 5180 Aaron
1986 5125 2020 5181 er
2046 5109 2194 5201 Petrus,
2232 5141 2439 5210 quanquam
2468 5115 2589 5184 rrirutes

589 5228 811 5298 expressum,
837 5205 900 5298 qui
914 5205 1029 5275 cultus
1045 5200 1120 5273 Deo
1137 5203 1318 5293 placeant,
1345 5204 1425 5272 ideo
1442 5203 1576 5272 dictum
1628 5214 1719 5305 lapsi
1739 5226 1834 5284 runt,

590 5322 641 5381 cst
659 5310 705 5378 ad
732 5301 981 5391 Timotheum,
1021 5298 1437 5395 ammoneremus:
1480 5301 1578 5373 Scri·
1715 5312 1963 5412 ¹Contravero
1981 5317 2081 5386 multi
2103 5333 2341 5409 persecutores
2360 5311 2586 5409 perennthnr·

589 5423 693 5502 ptura
709 5409 882 5480 divinitus
899 5407 1068 5498 inspirata
1086 5405 1185 5476 utilis
1201 5419 1252 5475 est
1266 5410 1310 5474 ad
1329 5408 1542 5476 docendum.
1627 5415 1726 5487 ribili
1745 5417 1828 5486 odio
1845 5409 1927 5498 Dei,
1953 5417 2122 5504 miudes,
2148 5425 2191 5490 de
2206 5415 2293 5488 bisa
2310 5424 2495 5508 posteriori
2513 5417 2584 5486 iusti.

691 5509 816 5582 Tertio
846 5510 1013 5580 liberatio
1037 5508 1154 5597 111131
1187 5507 1316 5578 11111111
1347 5507 1579 5594 intelligitur,
1619 5513 1700 5588 'cari
1718 5531 1831 5609 potest
1840 5569 1851 5602 ,
1879 5513 2043 5588 babuisse
2065 5545 2124 5592 eos
2146 5537 2324 5611 peccatum
2348 5518 2581 5592 irremissibile:

595 5635 674 5682 cum
689 5611 874 5682 intuemur
890 5612 1063 5700 integram
1079 5609 1350 5695 liberationem,
1373 5610 1489 5701 qualis
1512 5610 1580 5680 erit
1627 5619 1686 5688 sed
1716 5621 1823 5689 iidem
1849 5621 1995 5691 scientes
2026 5636 2060 5692 ct
2089 5625 2247 5694 volentes
2280 5635 2534 5714 perseverarunt
2554 5618 2579 5682 in

593 5712 631 5780 in
649 5713 754 5783 nobis
767 5715 807 5783 in
822 5714 894 5784 vita
910 5727 1071 5798 aeterna,
1100 5711 1165 5781 ubi
1180 5712 1219 5781 in
1241 5710 1321 5782 luce
1341 5713 1464 5780 divina
1481 5711 1578 5779 vive·
1629 5720 1692 5789 illo
1714 5716 1882 5792 horribili
1905 5721 1990 5790 odio
2013 5725 2180 5794 adver-gu,
2196 5724 2329 5810 Deum,
2355 5749 2423 5796 „ec
2446 5724 2582 5806 conluge-

593 5836 672 5885 mus
686 5817 763 5887 siue
778 5828 940 5910 peccato,
959 5813 1036 5886 siue
1059 5825 1192 5896 morte,
1216 5813 1293 5884 sine
1306 5813 1385 5884 aliis
1399 5812 1579 5884 calamita·
1627 5834 1713 5894 runt
1737 5825 1782 5894 art
1806 5822 1919 5893 filium
1941 5818 2019 5900 Dei.
2076 5825 2150 5898 Nec
2171 5828 2337 5900 subtilius
2358 5841 2581 5920 quaeramur

1177 5929 1197 5966 κ
1733 5957 1736 5962 .
