5825 6950
324 683 411 762 ets
540 685 643 764 illl.
694 690 733 764 2.
765 677 1134 785 cotttttttttnttttt
1161 677 1210 754 lli
1237 675 1392 756 EPlST.
1419 677 1572 758 neunt
1595 673 1663 754 ΑΙ)
1690 675 1953 766 ROMANOS.
2003 687 2112 773 Cdl'.
2138 692 2168 774 i.
2298 697 2375 780 646

322 853 378 928 Et
403 870 445 929 nt
468 879 524 928 res
548 857 609 930 fias
634 858 796 952 planior,
824 849 1109 930 transformanda
1132 867 1184 928 cst
1209 853 1325 929 oratio
1377 875 1460 927 cum
1477 847 1601 941 Paulo,
1623 865 1817 948 etprorsus
1833 857 2017 936 tottentnn
2032 887 2054 936 e
2067 883 2257 962 conspeetu
2270 885 2369 950 seraa

322 961 367 1028 in
394 962 661 1032 correlatieam:
696 956 785 1031 Fide
807 982 931 1031 sumus
955 960 1061 1043 iusti,
1093 959 1131 1028 id
1156 969 1227 1042 est,
1261 981 1326 1049 per
1375 954 1636 1033 consolatisnes
1649 959 1788 1051 piarum
1808 962 1993 1036 mentium.
2033 966 2073 1040 Si
2087 969 2126 1040 in
2140 970 2366 1052 invocatione

320 1063 613 1136 misericordiam
630 1077 775 1156 propter
788 1060 971 1134 Christum
986 1083 1109 1132 sumus
1129 1060 1234 1143 insti,
1261 1061 1323 1131 sed
1373 1059 1532 1150 aspicere
1550 1061 1729 1154 nosipsos
1752 1063 1980 1152 deberemus,
2006 1090 2049 1144 ae
2069 1071 2275 1164 imaginari,
2300 1097 2365 1154 nos

319 1179 450 1236 tamen
469 1163 536 1234 fide
554 1169 779 1238 statuendum
795 1179 848 1236 est
864 1164 962 1234 illam
978 1163 1259 1236 misericordiam
1275 1164 1321 1235 ad
1374 1161 1423 1231 ita
1440 1185 1639 1234 accessuros
1662 1166 1706 1236 ad
1722 1161 1859 1252 Deum,
1886 1191 1967 1240 cum
1990 1171 2077 1244 setis
2091 1177 2209 1250 ornati
2229 1180 2363 1256 erimus

319 1289 395 1336 uos
420 1268 609 1358 pertinere.
661 1267 785 1339 Minor
809 1280 863 1338 est
885 1290 985 1338 vera:
1020 1265 1126 1337 Fides
1145 1280 1197 1339 est
1220 1289 1322 1358 opus,
1371 1257 1428 1334 his
1453 1265 1667 1352 virtutibus,
1707 1266 1758 1339 ita
1778 1274 1994 1360 sperandum
2020 1295 2093 1346 esse
2115 1279 2226 1352 vitam
2246 1297 2361 1356 aeter-

318 1369 463 1439 scilicet
488 1383 530 1442 ut
557 1381 714 1442 caeterae
739 1369 907 1448 virtutes,
938 1368 1104 1454 dilectio,
1137 1368 1320 1461 patientia,
1369 1388 1472 1447 nam,
1499 1390 1578 1440 cum
1594 1369 1795 1443 videbimus
1812 1371 1849 1442 ia
1866 1373 1971 1446 nobis
1987 1367 2232 1454 hauouoram
2252 1409 2360 1458 mnu·

318 1471 480 1546 castitas.
523 1467 571 1542 Et
584 1473 730 1543 utaliae
744 1473 893 1543 virtutes
905 1488 987 1542 sunt
1005 1471 1247 1563 imperfectae,
1269 1471 1319 1542 ita
1367 1469 1514 1553 ditiem,
1538 1469 1849 1562 sugerentanimi,
1874 1487 1908 1546 et
1933 1477 2162 1570 desperarent
2184 1486 2358 1560 auxilinm

321 1587 363 1642 et
380 1573 470 1643 fides
484 1585 535 1645 est
551 1575 755 1646 imbecillis:
783 1591 892 1670 quare
907 1595 981 1644 nou
996 1597 1118 1645 sumtis
1133 1572 1219 1644 insti
1232 1596 1317 1664 pro·
1365 1584 1403 1642 et
1428 1571 1592 1646 salutem.
1641 1572 1693 1648 Et
1712 1598 1784 1668 quo
1808 1576 1921 1666 magis
1942 1599 2176 1672 expavescent
2208 1603 2357 1680 mentes,

317 1689 407 1766 pter
430 1675 541 1768 ipsius
562 1675 707 1748 virtutis
730 1678 958 1770 dignitatem,
984 1677 1045 1768 sed
1068 1676 1151 1769 quia
1176 1673 1318 1746 miseri·
1364 1697 1406 1746 eo
1423 1675 1572 1766 propius
1589 1677 1765 1768 aspiciunt
1782 1677 2044 1752 immunditiem
2057 1698 2096 1756 et.
2114 1686 2356 1764 infirmitatem

316 1778 487 1850 cordiam
506 1773 753 1870 apprehendit.
802 1778 951 1850 Neoesse
974 1791 1028 1850 est
1048 1781 1146 1848 euim
1168 1776 1316 1871 aliquod
1364 1789 1506 1848 nostrae
1532 1789 1691 1854 naturae.
1750 1776 1882 1852 Paulus
1905 1795 2025 1854 autem
2052 1780 2143 1860 hanc
2168 1790 2281 1882 ipsam
2307 1797 2355 1868 ob

317 1903 421 1970 esse,
455 1893 496 1952 ut
518 1881 567 1952 ita
587 1883 731 1965 dium,
765 1881 1063 1961 instrumentum,
1095 1903 1167 1974 quo
1189 1902 1316 1971 appre-
1363 1901 1525 1966 cauum,
1564 1883 1647 1975 quia
1674 1882 1835 1952 videmus
1857 1905 1924 1954 nos
1947 1887 1992 1956 ad
2014 1884 2129 1960 Deum
2154 1917 2228 1964 nou
2252 1921 2354 1988 possa

316 1978 506 2054 hendatnr
528 1983 788 2070 misericordia,
814 2006 955 2054 necesse
977 1995 1030 2054 est
1050 1983 1182 2054 intueri
1206 1977 1315 2056 Chri-
1362 1980 1489 2052 afferre
1515 1983 1640 2054 merita
1664 1998 1699 2056 et
1717 1983 1949 2077 dignitatem,
1991 1993 2163 2082 proponit
2190 1999 2353 2086 gratiam,

319 2099 439 2169 stum,
461 2098 496 2156 et
510 2099 685 2171 statuere,
707 2089 804 2180 quod
818 2086 923 2159 nobis
937 2085 1107 2176 ignoscat.
1146 2082 1313 2177 Respou-
1362 2082 1401 2153 id
1423 2096 1494 2170 est,
1533 2086 1723 2175 gratuitam
1755 2087 2055 2162 condonationem
2082 2107 2116 2166 et
2142 2101 2353 2188 acceptation

318 2191 451 2258 deatur
465 2209 548 2278 ergo
562 2189 608 2258 ad
623 2189 816 2264 minorem:
842 2187 949 2262 Fides
963 2201 1015 2258 est
1028 2209 1137 2279 opus,
1161 2188 1222 2257 sed
1238 2210 1314 2257 non
1363 2207 1444 2256 uem
1469 2201 1613 2277 propter
1627 2184 1824 2260 Christum.
1875 2185 1953 2262 Etsi
1979 2214 2053 2262 nou
2066 2195 2181 2268 adlers
2196 2201 2353 2290 dignita-

319 2312 446 2360 sumus
461 2291 545 2362 iusti
559 2304 704 2382 propter
725 2291 838 2383 ipsius
857 2291 977 2382 operis
992 2291 1225 2382 dignitatem,
1250 2291 1314 2360 sed
1360 2307 1433 2368 sem
1461 2290 1507 2359 ad
1532 2288 1667 2374 Deum,
1700 2303 1819 2360 tamen
1845 2293 1970 2363 accede
1993 2295 2122 2370 lidneia
2149 2302 2354 2376 mediatori,

323 2385 660 2484 qniaapprebeudit
674 2393 966 2467 mirericordiam.
1010 2391 1096 2463 ldeo
1109 2413 1185 2462 nou
1199 2405 1315 2482 potest
1361 2383 1514 2476 Christi,
1539 2391 1629 2465 sicut
1650 2393 1787 2486 inunita
1816 2391 1923 2464 Hune
1945 2389 2116 2470 habentor
2134 2404 2353 2496 pontificem,

328 2494 441 2586 sequi,
469 2517 536 2570 uos
556 2510 701 2584 propter
724 2520 830 2590 opera
855 2495 966 2567 iustos
990 2515 1076 2568 esse.
1134 2491 1255 2565 Potest
1277 2507 1315 2566 et
1360 2495 1568 2564 accedamus
1583 2496 1628 2565 ad
1645 2489 1815 2567 thronum
1832 2497 1977 2586 gratiae.

330 2591 393 2666 hoc
404 2596 549 2668 erudite
564 2597 654 2683 dici,
679 2598 760 2691 plns
775 2621 849 2670 esse
866 2598 904 2669 in
926 2597 1177 2681 conclusione,
1204 2619 1313 2689 quam
1463 2593 1541 2666 Has
1554 2597 1787 2668 refutationes
1802 2598 1929 2682 adieci,
1954 2613 2030 2672 tum
2048 2615 2089 2674 et
2104 2605 2263 2694 eruditis,
2287 2610 2352 2704 qui

324 2699 361 2766 in
384 2698 604 2790 praemissis:
643 2724 727 2770 nam
753 2700 935 2774 conclusio
955 2695 1214 2772 vulthomioes
1228 2721 1314 2790 pro·
1362 2697 1407 2768 de
1422 2698 1638 2789 proprietate
1660 2701 1835 2770 sermonis
1851 2701 2052 2792 disputant,
2078 2720 2253 2800 quantum
2267 2733 2351 2802 poa-

321 2817 400 2890 pter
422 2825 532 2892 opera
553 2801 669 2874 iustos
685 2825 772 2876 esse.
839 2801 882 2876 ld
906 2825 981 2874 nou
1002 2803 1166 2898 sequitur
1192 2824 1235 2874 ex
1258 2795 1315 2872 his
1362 2820 1436 2870 seru
1448 2801 1700 2873 satisfacerem:
1727 2825 1810 2872 uam
1825 2815 1859 2874 et
1872 2826 1938 2874 nos
1953 2828 2038 2874 vera
2051 2829 2092 2878 ac
2107 2823 2200 2881 recta
2224 2811 2353 2900 dicere,

318 2904 534 2994 praemissis.
906 2909 922 2938 ⁸
1363 2915 1399 2974 et
1421 2901 1543 2974 ritate·
1558 2897 1805 3004 dxvpoloyioc
1828 2905 2009 2998 rupimus,
2042 2920 2118 2980 tum
2139 2924 2179 2983 ut
2195 2914 2351 2988 instrue·-

745 3067 856 3145 Aliud
1363 3025 1438 3074 rem
1457 3003 1649 3092 discentes,
1681 3020 1721 3076 nt
1743 3007 1871 3076 maiori
1886 3009 2091 3082 dexteritate
2106 3015 2352 3088 cavillationes

421 3207 551 3282 Gratia
575 3232 699 3281 sumus
720 3211 824 3295 insti,
865 3206 990 3281 Gratia
1016 3223 1069 3282 est
1091 3209 1237 3284 dilectio
1257 3209 1316 3279 iu·
1362 3210 1521 3300 exempla
1538 3223 1643 3301 opto,
1667 3209 1822 3301 primum
1842 3211 1886 3282 ad
1902 3213 2190 3309 perspicuitatem
2215 3243 2351 3310 causae,

320 3315 397 3386 lusa
420 3314 567 3399 animis,
600 3311 697 3402 Ergo
719 3309 912 3382 dilectione
931 3335 1056 3382 sumus
1077 3311 1174 3384 insti.
1239 3307 1312 3383 Rc·
1362 3311 1494 3381 deiude
1508 3312 1614 3383 etiam
1629 3313 1674 3382 ad
1691 3313 1884 3384 acuendam
1901 3313 2061 3385 discendi
2076 3341 2197 3388 curam
2213 3321 2252 3392 in
2275 3338 2352 3395 stu·

320 3419 483 3509 spondeo
497 3417 541 3485 ad
557 3415 752 3488 minorem:
788 3409 914 3486 Gratia
935 3417 1124 3507 praecipue
1140 3412 1314 3503 siguificat
1361 3413 1485 3487 diosis.
1559 3412 1651 3485 Nam
1681 3409 1747 3485 hae
1779 3414 2009 3488 refutationes
2041 3421 2234 3495 ostendunt
2262 3445 2352 3517 opus

321 3519 470 3591 relative
479 3519 653 3610 favorem,
670 3541 732 3589 seu
741 3517 1035 3601 misericordiam,
1049 3540 1112 3587 seu
1121 3517 1312 3606 gratuitam
1360 3539 1435 3587 esse
1459 3516 1662 3589 eruditione
1683 3530 1718 3589 et
1740 3520 1893 3611 quadam
1917 3520 2167 3593 exercitatione
2187 3518 2262 3614 his,
2288 3527 2351 3621 qui

320 3621 598 3714 acceptationem
625 3635 770 3712 propter
797 3614 992 3691 Christum.
1056 3617 1229 3690 Tenenda
1260 3632 1315 3691 est
1360 3622 1481 3690 dextre
1496 3619 1584 3691 tales
1597 3620 1859 3691 controversias
1869 3620 2044 3711 explicare
2058 3638 2243 3703 conantur.
2267 3625 2351 3701 Nou

321 3724 432 3815 igitur
446 3736 527 3817 apta
544 3723 707 3794 vocabuli
721 3722 979 3814 interpretatio.
1025 3718 1213 3791 Caeterum
1230 3744 1312 3791 curn
1361 3736 1485 3813 putent
1498 3744 1535 3791 se
1550 3722 1627 3791 leve
1645 3746 1738 3793 onus
1752 3721 1929 3813 suscipere
1943 3723 2114 3810 studiosi,
2140 3728 2201 3821 qui
2218 3730 2351 3801 doctri·

320 3822 385 3896 bac
408 3826 648 3916 acceptatione
677 3824 866 3907 coniuncta
897 3838 951 3895 est
978 3823 1126 3895 donatio
1153 3822 1312 3921 'Spiritus
1361 3848 1428 3893 nae
1461 3820 1686 3899 Christianae
1726 3823 1998 3917 explicationem
2030 3827 2186 3917 profiteri
2220 3831 2352 3905 volent.

319 3928 446 4001 uncti.
472 3913 476 3927 ¹
498 3925 567 3998 Sed
591 3927 652 4022 qni
668 3927 920 4007 sicenarrant,
944 3926 1058 4017 gratia
1076 3948 1200 4019 sumus
1216 3925 1311 4011 insti,
1360 3922 1476 3995 Deum
1494 3939 1611 3995 antem
1628 3949 1705 4006 oro,
1731 3926 1902 3998 utstudia
1918 3927 2260 4027 piorumlgubemet,
2285 3958 2351 4007 nee

318 4036 441 4116 idest,
466 4012 610 4121 propter
623 4030 772 4101 virtutes
783 4030 918 4099 infusas
933 4051 1057 4101 morus
1070 4027 1167 4111 iusti,
1188 4020 1227 4097 hi
1241 4027 1311 4113 lin,
1359 4027 1455 4097 sinat
1469 4023 1673 4099 inllcctesia
1685 4027 1843 4119 extingui
1857 4026 2162 4123 lucen-Evangelii
2176 4057 2218 4109 ar
2231 4058 2351 4109 reram

317 4147 410 4227 gunt
440 4132 767 4225 interpretau'oncsu
801 4153 844 4201 ea
876 4130 1052 4205 diametro
1092 4144 1311 4222 pugnantem
1362 4124 1499 4203 Christi
1521 4130 1703 4203 noticiam.

1131 4372 1178 4383 Ψ.
1185 4374 1203 4381 “
1212 4374 1561 4397 “··“·““·---Ἶ-οα-

701 4602 841 4717 capul
890 4602 926 4688 1·
1359 4646 1472 4720 usque
1496 4622 1542 4693 ab
1562 4618 1668 4695 initio
1686 4620 1866 4715 cogitandi
1888 4636 1993 4711 suut,
2019 4648 2083 4719 per
2106 4649 2196 4722 quos
2220 4648 2349 4719 propa-

337 4770 382 4848 Ι,
431 4771 450 4847 1
562 4796 601 4843 W
679 4768 770 4844 Im
804 4762 955 4843 cmm
1012 4774 1162 4839 mm
1187 4758 1289 4864 Apo.
1359 4740 1439 4819 pata
1464 4739 1517 4798 est
1535 4749 1615 4797 vera
1631 4720 1699 4797 Dei
1716 4724 1867 4824 noticia,
1892 4739 1927 4798 et
1949 4728 2135 4819 promissio
2152 4722 2350 4821 Evangelii,

348 4800 429 4859 '⁰⁰
448 4798 492 4847 ω
522 4796 561 4845 ⁸⁶
604 4798 648 4845 ω
732 4869 832 4945 ,σιω
858 4880 891 4943 ά
961 4824 972 4855 ’
1360 4852 1406 4899 ne
1428 4826 1647 4900 existimetur
1663 4840 1793 4899 temere
1806 4842 1867 4898 ant
1883 4851 1964 4899 casn
1985 4842 2062 4900 orta
2083 4830 2274 4922 professio,
2299 4830 2349 4901 si·

709 4900 731 4946 ⁸
893 4895 922 4943 ⁶⁸
1360 4942 1418 5001 rut
1440 4927 1708 5023 superstitiones
1731 4928 1920 5023 pleraeque
1941 4928 1981 5001 iu
2001 4934 2156 5019 mundo,
2186 4932 2244 5003 vel
2266 4955 2350 5008 casu

316 5006 566 5145 Epigrrpba,
595 5045 897 5142 quemadmodum
913 5042 1010 5116 fitin
1023 5036 1196 5134 Epistolis
1211 5059 1314 5133 prae·
1360 5046 1458 5103 ortae
1478 5044 1580 5117 sunt,
1605 5030 1661 5103 ecl
1684 5030 1891 5103 excitatura
1912 5032 2078 5117 diabolo,
2102 5046 2143 5106 ut
2158 5057 2278 5106 aeram
2294 5058 2350 5107 re-

317 5154 385 5225 hra
409 5167 479 5235 est,
505 5176 578 5246 quo
601 5172 699 5222 more
719 5146 759 5218 in
777 5144 936 5218 Ecclesia
962 5143 1114 5214 maxime
1136 5164 1229 5235 opna
1251 5153 1315 5225 est,
1360 5132 1531 5225 ligiouem
1553 5132 1793 5209 obscurarent.

317 5270 358 5329 ut
374 5268 471 5327 certo
486 5255 568 5324 sciri
585 5252 707 5345 possit,
724 5250 925 5321 doctrinam
940 5243 1116 5317 divinitus
1131 5257 1310 5336 acceptam
1463 5230 1528 5343 list
1548 5248 1667 5308 autem
1689 5227 1777 5307 baec
1797 5256 1935 5307 summa
1950 5228 2190 5331 Epigraphea:
2215 5234 2350 5311 Paulus

318 5354 699 5445 esse,concionantem
716 5376 791 5425 non
807 5352 973 5423 derebus
990 5328 1213 5439 saliaribus,
1227 5366 1316 5439 quas
1362 5334 1556 5431 Apostolus
1571 5332 1748 5411 Romanis
1764 5348 1865 5429 optat
1879 5339 2027 5427 gratiam
2041 5352 2077 5408 et
2092 5362 2226 5433 parem.
2277 5336 2350 5411 Sed

318 5460 412 5535 ratio
434 5457 596 5546 iudicat„
612 5458 675 5529 sed
701 5460 746 5525 de
766 5455 951 5525 voluntate
976 5448 1057 5539 Dei,
1121 5444 1173 5521 lta
1198 5460 1316 5543 patrea
1363 5440 1495 5513 inserta
1528 5451 1581 5510 est
1614 5437 1838 5531 longiuscula
1876 5440 2066 5533 descriptio
2098 5440 2208 5513 ollicii
2233 5437 2352 5525 Pauli,

319 5561 619 5636 nescirentnode
635 5556 794 5631 doctriua
817 5554 946 5629 tradita
969 5567 1076 5637 esset,
1101 5548 1315 5622 nominatim
1363 5543 1447 5615 item
1469 5539 1659 5633 descriptio
1683 5534 1882 5633 Evangelii.
1948 5537 2004 5614 Aa
2029 5542 2224 5615 pecuaria
2245 5564 2351 5613 cauea

319 5666 507 5745 dicebaut,
532 5660 629 5737 Deus
646 5654 852 5743 Abraham,
875 5650 974 5727 Dens
988 5652 1119 5739 lsra'el,
1142 5666 1186 5725 ut
1204 5650 1316 5723 scire-
1362 5657 1432 5730 est,
1458 5666 1522 5715 cnr
1537 5642 1645 5715 officii
1662 5640 1879 5717 mentionem
1894 5640 2012 5729 iaciat,
2036 5657 2077 5715 nt
2093 5640 2250 5716 Ecclesia
2265 5642 2352 5713 sciat

320 5782 383 5841 tur
399 5765 494 5837 illud
510 5766 678 5848 verbum,
703 5760 787 5833 illos
807 5757 926 5831 cultus
944 5756 1210 5853 amplectendos
1230 5774 1318 5831 ease,
1364 5746 1548 5818 doctrinae
1570 5740 1675 5817 Pauli
1704 5744 1932 5862 credendum·
1947 5768 2042 5829 esse,
2074 5760 2244 5839 tauquam
2274 5766 2352 5815 roca

320 5892 413 5969 quos
435 5865 533 5939 Deus
555 5862 705 5940 tradidit
727 5856 895 5935 Abrahae
917 5872 983 5933 etc.
1055 5852 1318 5933 detonsione
1363 5844 1431 5923 Ilei
1447 5850 1493 5921 de
1505 5846 1607 5921 coelo
1621 5847 1776 5921 sonanti.
1820 5840 1870 5917 Ut
1886 5860 1994 5937 igitur
2007 5844 2142 5919 Moises
2158 5845 2352 5941 pratiatur:

374 5969 560 6041 birsasra.
589 5972 694 6041 Orsa.
717 5968 802 6037 Van.
829 5961 908 6034 XV.
1821 5940 1874 6017 85

1362 3101 1589 3178 scholasticas
1615 3107 1754 3178 diluere
1783 3111 1930 3199 possint.
1994 3109 2048 3182 Ac
2076 3116 2240 3204 prodesse
2265 3115 2352 3192 haec
2473 3183 2476 3192 .
