5825 6950
344 662 413 738 tii
649 661 753 741 bill.
804 667 843 740 2.
877 655 1245 738 COMMENTARll
1271 663 1324 740 lii
1349 659 1505 738 uetat.
1530 655 1681 736 PAULI
1705 655 1775 734 AD
1801 658 2065 748 ROMANOS.
2295 684 2373 766 tua

340 857 411 910 „m
435 827 655 930 hypocritis,
681 855 764 906 cum
782 833 1042 922 sacerdotibus,
1067 833 1131 930 qni
1153 835 1328 914 docebant
1381 833 1538 908 abolevit
1554 831 1854 914 maledictionem.
1880 833 1966 914 ldeu
1981 839 2115 940 inquit:
2129 843 2235 928 Nunc
2249 869 2369 936 autem

345 937 506 1032 mutum
524 938 657 1010 iustum
679 959 754 1010 esse
776 937 865 1029 legis
889 938 1075 1030 operibus,
1099 952 1135 1012 et
1157 933 1225 1012 irae
1245 942 1326 1034 opi·
1376 939 1455 1010 siue
1472 937 1549 1029 lege
1562 939 1701 1010 iusticia
1717 933 1784 1008 Dei
1798 944 1975 1035 apparuit,
1994 945 2031 1018 id
2048 961 2110 1034 eat.
2129 951 2286 1032 donatur
2300 962 2370 1038 im-

342 1043 437 1110 nione
475 1039 707 1111 cumulabant
736 1041 955 1112 ceremonias
986 1055 1021 1114 ct
1046 1041 1116 1112 alia
1148 1044 1323 1118 exercitia.
1376 1040 1514 1133 putatio
1540 1041 1700 1112 iustitiae
1725 1057 1869 1132 propter
1891 1039 2094 1134 Christum,
2121 1080 2195 1128 uun
2222 1081 2368 1155 propter

345 1141 417 1214 ldeo
447 1138 583 1212 Psalmi
621 1142 727 1214 toties
762 1142 943 1214 inculcant
973 1136 1065 1214 hane
1099 1145 1321 1234 sententiam,
1372 1144 1497 1234 legem.
1530 1140 1603 1214 Lex
1621 1156 1721 1214 antea
1739 1147 1898 1232 extabat,
1924 1165 2202 1232 necestnunca
2218 1159 2363 1242 Christo

341 1245 425 1338 quod
457 1266 565 1316 nemo
595 1245 642 1314 sit
670 1245 749 1314 siue
775 1259 935 1337 peccatu,
976 1256 1016 1316 ut
1047 1243 1319 1324 psalmatis:
1372 1248 1497 1335 allata,
1531 1245 1592 1338 qui
1618 1245 1715 1316 aliud
1740 1247 1856 1321 adfert
1876 1249 1981 1342 lunge
2003 1255 2118 1328 maius
2141 1261 2363 1358 beneficium,

339 1347 410 1416 Non
425 1345 676 1418 iustificabitur
692 1347 727 1417 in
746 1361 936 1442 conspectu
959 1358 1020 1418 tuo
1042 1347 1159 1419 omnis
1182 1351 1317 1428 vivens.
1350 1350 1464 1422 -sicut
1491 1347 1643 1419 loannes
1668 1349 1811 1441 inquit:
1858 1347 1931 1422 Lex
1955 1378 2018 1444 per
2042 1357 2170 1432 Mosen
2194 1367 2276 1439 data
2299 1389 2361 1454 est,

336 1445 649 1522 stratocles:
680 1448 719 1521 Si
736 1449 939 1541 iniquitates
955 1451 1215 1538 observaveris,
1239 1452 1315 1526 Do-
1369 1449 1494 1524 Gratia
1517 1463 1633 1521 autem
1649 1463 1683 1520 ει
1705 1449 1833 1521 veritas
1856 1475 1919 1542 per
1933 1452 2050 1528 lessam
2065 1457 2248 1540 Christum
2269 1473 2359 1546 facta

337 1553 422 1620 mine
436 1550 517 1646 quis
536 1551 751 1622 sustinebit?
789 1547 836 1622 Et
851 1551 993 1623 Psalmo
1009 1555 1091 1626 dh:
1121 1549 1204 1626 Dixi
1226 1581 1314 1628 cun·
1365 1567 1427 1636 esf,
1452 1555 1572 1637 idest,
1599 1548 1764 1623 chilim
1780 1553 1890 1626 d⁰¹¹³i
1905 1558 2008 1628 ¹¹⁰bii
2024 1565 2193 1654 imiimi
2209 1565 2276 1644 ¹¹⁰⁰
2294 1588 2358 1658 ιιι,

333 1653 450 1724 brebor
467 1653 659 1723 adversum
684 1677 742 1722 me
764 1652 978 1726 iniusticiam
1004 1677 1119 1724 meam
1139 1655 1311 1731 Domino.
1362 1656 1606 1726 remissionem
1623 1669 1845 1745 peccaturum
1863 1659 1988 1746 gratis,
2014 1677 2049 1734 et
2071 1665 2178 1741 efficit
2198 1671 2238 1742 iu
2253 1677 2359 1750 nubis

333 1753 373 1824 lit
387 1752 531 1824 Daniel:
558 1751 648 1824 Tibi
659 1753 813 1824 Domine
828 1756 985 1838 iusticia,
1012 1756 1118 1825 nobis
1134 1759 1309 1836 conlusio,
1363 1781 1480 1828 veram
1488 1754 1554 1826 Dei
1572 1757 1801 1845 agnitionem,
1819 1781 2118 1854 veromamurem,
2137 1777 2359 1851 veramfidu-

336 1855 515 1950 {gaqum
549 1871 794 1929 mom-,mm
832 1859 1004 1930 iudiciuin
1036 1857 1105 1930 Dei
1139 1862 1308 1934 adversus
1362 1860 1464 1946 ciam,
1479 1859 1879 1932 veremineucatiunem.
1906 1860 1965 1933 Sic
1979 1869 2144 1958 congruit
2161 1890 2282 1949 nostra
2300 1881 2358 1952 in-

333 1972 505 2046 petratum
531 1972 566 2029 et
594 1953 829 2054 hypocrisin,
866 1961 997 2030 deinde
1024 1985 1146 2034 narsus
1169 1965 1310 2053 erigunt
1360 1961 1563 2054 terpretatiu
1587 1985 1667 2030 cum
1696 1976 1866 2052 perpetuu
1889 1987 2061 2038 consensu
2079 1970 2303 2066 propheticae
2317 1999 2353 2058 et

326 2081 403 2142 uos,
429 2061 556 2131 iubent
579 2085 645 2131 nos
664 2085 852 2150 agnoscere
874 2063 1084 2160 promissam
1106 2064 1308 2138 misericor.
1359 2065 1571 2154 apostolicae
1587 2063 1791 2155 scripturae,
1808 2078 1841 2136 ει
1850 2060 2039 2142 cohaerent
2055 2077 2211 2150 membra
2229 2082 2353 2176 dispu-

317 2166 431 2248 diam,
461 2175 637 2236 testantur
657 2164 786 2234 fidncia
811 2165 1074 2234 misericordiae
1096 2168 1223 2239 donari
1246 2193 1307 2240 ve-
1359 2160 2243 2262 tatiunis,iuxtahancnostraminterpretationem.
2265 2183 2354 2258 Ori-

309 2269 431 2350 stiam,
456 2265 566 2357 recipi
582 2265 698 2336 nusin
714 2267 882 2357 gratiam,
905 2280 947 2336 ut
961 2267 1094 2361 inquit:
1128 2268 1307 2342 Sustinuit
1358 2269 1479 2358 genica
1506 2267 1706 2357 turpissime
1728 2267 1896 2340 dilacerat
1915 2269 2016 2342 Pauli
2041 2281 2259 2370 orationem,
2286 2311 2352 2360 nec

322 2371 438 2438 anima
463 2390 543 2437 mea
566 2369 737 2440 inverbo
762 2359 858 2452 eius,
897 2368 1028 2452 idest,
1060 2372 1305 2460 promissione.
1357 2373 1485 2440 retinet
1501 2371 1656 2442 nativam
1682 2371 1871 2440 verborum
1896 2373 2199 2464 significationem.
2247 2385 2350 2462 Nihil
2418 2383 2427 2398 ’

327 2469 619 2560 speraritanima
644 2493 720 2540 mea
743 2472 783 2540 in
800 2470 974 2541 Dominus
1015 2473 1098 2565 quia
1122 2477 1216 2562 apud
1231 2473 1306 2546 Du-
1356 2469 2234 2562 adversariisnustrissignificathaecuratiuPauli:
2259 2485 2348 2565 Fide

327 2575 455 2640 minum
472 2571 735 2659 misericordia,
761 2575 796 2642 id
816 2585 887 2653 est,
912 2573 1305 2668 quieverevultmise-
1357 2575 1598 2650 iustificamur.
1647 2569 1826 2645 Excusant
1848 2600 2005 2668 eatttt>er
2021 2583 2285 2675 ‘infcdfflhffis
2312 2609 2347 2668 ei

317 2676 402 2758 reri,
440 2675 538 2744 iuxta
564 2676 836 2765 promissionem
859 2698 971 2752 suam.
1042 2673 1089 2747 Et
1111 2677 1149 2745 in
1174 2680 1306 2750 talibus
1355 2679 1529 2765 affingunt
1546 2698 1690 2768 prorsus
1705 2676 1855 2746 alienam
1876 2679 2218 2770 interpretationem:
2247 2691 2346 2784 Fide,

312 2776 549 2846 concionibus
563 2799 667 2867 saepe
681 2777 719 2848 tit
734 2779 868 2848 mentio
883 2778 984 2860 fidei,
1009 2791 1050 2848 ut
1063 2782 1220 2850 secundo
1236 2779 1302 2852 Pa·
1357 2781 1472 2865 idest,
1490 2779 1621 2851 noticia
1638 2773 1818 2864 historiae,
1840 2779 2082 2872 iustihcamur,
2107 2788 2142 2858 id
2161 2805 2222 2879 est,
2244 2819 2346 2886 prae-

315 2883 418 2970 ralip.
440 2877 521 2948 20:
556 2875 700 2950 Credite
723 2881 761 2948 in
784 2878 899 2949 Deum
925 2893 1101 2965 vestrum,
1135 2895 1169 2954 et
1188 2885 1302 2954 securi
1358 2905 1545 2975 paramur,
1580 2896 1619 2950 ut
1639 2894 1820 2972 praecepta
1843 2881 2038 2973 discamus,
2071 2891 2201 2982 quibus
2224 2914 2344 2988 postea

309 2982 434 3063 eritis,
464 2979 528 3048 nbi
551 3003 624 3049 nun
646 2992 785 3053 tantum
803 2979 971 3052 historiae
984 2983 1154 3053 noticiam
1179 2985 1305 3057 volunt
1356 3007 1555 3054 mereamur
1569 2982 1838 3074 imputationem
1856 2983 2026 3058 iusticiae.
2078 2989 2196 3066 Multo
2216 2999 2342 3074 absur-

310 3081 485 3172 intelligi,
510 3083 571 3154 sed
594 3083 700 3152 fidem
716 3098 845 3155 vocant
860 3083 1024 3154 fiduciam
1040 3085 1303 3157 misericordiae
1355 3087 1437 3157 dior
1451 3099 1503 3157 est
1518 3085 1764 3175 interpretatio
1779 3078 2004 3162 huiuadicti:
2041 3087 2128 3163 Sine
2144 3095 2220 3188 lege
2233 3125 2341 3195 appa.

322 3189 527 3276 promissae,
553 3199 586 3254 et
600 3185 678 3254 sine
692 3181 758 3256 hac
772 3186 899 3256 fiducia
915 3186 1083 3258 reficiunt
1099 3188 1300 3259 invocatio.
1355 3189 1430 3260 ruit
1452 3187 1592 3258 iusticia
1608 3183 1694 3270 Dei,
1720 3187 1756 3254 id
1782 3199 1850 3272 eat,
1873 3187 1951 3258 sine
1974 3189 2048 3282 lege
2070 3200 2244 3287 naturali,
2277 3211 2339 3278 aed

329 3313 395 3356 nem
417 3301 453 3356 et
468 3307 591 3356 omnes
609 3288 737 3362 cultus.
780 3287 828 3360 Ut
844 3288 953 3378 igitur
967 3282 1165 3379 Prophetae
1179 3315 1302 3360 omnes
1353 3290 1473 3362 attulit
1486 3283 1651 3360 Christus
1665 3311 1775 3357 novas
1792 3290 1960 3381 quasdam
1977 3292 2089 3384 leges,
2116 3301 2231 3391 qualis
2253 3298 2339 3380 hoec

327 3390 495 3460 inculcant
528 3385 621 3459 haue
652 3391 869 3476 doctrinam,
911 3390 960 3460 ita
996 3387 1128 3460 Paulus
1153 3395 1301 3462 eandem
1353 3407 1421 3462 est:
1447 3389 1587 3462 Nesciat
1602 3389 1744 3460 sinistra
1759 3391 1844 3484 quid
1862 3405 1940 3483 agat
1956 3394 2076 3466 dextra
2092 3412 2163 3472 tua.
2213 3402 2337 3493 Error,

327 3516 456 3563 musam
478 3492 561 3582 agit.
626 3490 711 3563 Nun
734 3489 802 3564 huc
821 3494 894 3583 agit
916 3517 1050 3583 uuum,
1084 3496 1301 3566 ceremonias
1354 3495 1540 3588 inquiunt,
1572 3494 1767 3564 foecundus
1792 3506 1854 3563 est.
1923 3492 2072 3592 Alioqui
2097 3515 2167 3572 tarn
2191 3512 2338 3597 puerilis

324 3595 528 3667 omittendas
542 3618 633 3667 ease:
660 3599 719 3665 sed
735 3619 816 3665 cum
831 3620 932 3665 error
955 3597 1001 3665 de
1022 3595 1218 3668 retinendis
1242 3622 1301 3667 ce-
1352 3612 1387 3667 et
1410 3598 1530 3666 inanis
1551 3594 1796 3685 interpretatio
1820 3595 1912 3665 nulli
1934 3619 2021 3670 sano
2044 3600 2082 3671 in
2106 3621 2258 3679 mentem
2277 3638 2338 3684 ve-

323 3698 483 3767 remoniis
503 3699 642 3768 oriatur
661 3722 703 3767 ex
727 3692 794 3768 hoc
825 3698 947 3790 fonte,
979 3700 1076 3791 quud
1098 3693 1300 3793 hypocritae
1351 3700 1430 3768 nire
1447 3711 1572 3791 posset.
1624 3695 1693 3768 Sed
1711 3696 1833 3767 desino
1856 3703 2018 3793 Pffl‘qui
2040 3703 2201 3797 ineptias.
2251 3710 2338 3786 (3⁰¹-

323 3801 600 3889 imaginabantur
614 3794 778 3869 homines
800 3798 876 3889 lege
892 3801 1003 3871 iustus
1025 3822 1119 3884 esse,
1146 3802 1298 3895 ideoque
1351 3801 1436 3872 latio
1470 3812 1610 3871 nostrae
1643 3798 1946 3889 interpretationis
1971 3817 2004 3874 et
2029 3810 2227 3881 contrariae
2251 3819 2339 3889 satis

320 3903 440 3971 omissa
454 3901 617 3973 doctrina
639 3902 684 3969 de
698 3902 850 3991 gratuita
868 3902 1123 3993 imputatione,
1149 3916 1296 3972 conten·
1350 3905 1532 3987 ostendet,
1559 3906 1599 3971 in
1615 3914 1695 3971 utra
1709 3900 1838 3971 rectius
1862 3902 2020 3973 membra
2041 3902 2270 4002 cohaereant,
2296 3920 2334 3991 in

321 4004 443 4075 debant
455 4004 693 4097 quaerendam
709 4026 782 4074 ease
797 4004 970 4075 iusticiam
988 4026 1050 4095 per
1070 4027 1176 4095 upera
1201 4006 1297 4095 legis.
1350 4018 1431 4075 utra
1456 4018 1686 4075 cortservetut'
1706 4002 1904 4093 Pi⁰Piiii³⁸
1926 4010 2119 4109 ”ffflffl‘i‘s
2145 4028 2224 4087 ⁰¹¹³
2247 4042 2335 4092 ⁰⁰¹¹·

324 4103 434 4193 Quare
463 4104 598 4177 Paulus
625 4120 765 4177 revocat
800 4105 1044 4200 quaestionem
1073 4108 1117 4175 ad
1149 4108 1297 4191 funtem,
1348 4107 1477 4179 sentiat
1507 4130 1587 4177 cum
1611 4098 1800 4194 Prophetis
1829 4117 1864 4175 rt
1885 4100 2092 4197 Evangelio.
2155 4112 2267 4212 ldque
2293 4139 2335 4196 ut

324 4208 403 4278 sicut
427 4222 461 4278 et
482 4204 679 4300 Prophetae
702 4208 859 4292 faciunt,
897 4222 931 4279 et
953 4220 1128 4277 monstrat
1147 4210 1227 4301 quis
1250 4209 1297 4280 sit
1349 4210 1541 4299 diligenter
1556 4206 1781 4279 considerent
1798 4203 1956 4289 tectores.
1981 4213 2088 4283 eiiam
2103 4228 2210 4311 alque
2225 4224 2333 4295 eiiam

320 4332 397 4379 naus
425 4310 528 4401 legis,
553 4328 587 4381 et
610 4332 685 4379 non
709 4311 754 4379 de
774 4309 861 4380 solis
887 4309 1099 4379 ceremoniis
1125 4308 1296 4405 loquitur,
1347 4332 1472 4381 omnes
1495 4304 1676 4382 adhortor.
1727 4305 1808 4377 Non
1834 4310 1928 4379 enirn
1951 4314 2056 4403 cupio
2085 4318 2227 4393 vincere
2249 4318 2330 4419 iod-⁴

319 4416 372 4479 ,gt
389 4416 433 4482 ,te
447 4426 522 4483 1012
539 4413 631 4504 tego,
656 4436 697 4482 ac
712 4411 898 4502 praecipue
913 4414 959 4481 de
974 4412 1153 4501 decalogo.
1202 4411 1295 4483 Nam
1345 4439 1423 4507 μην
1444 4408 1567 4505 δίκην.
1622 4406 1819 4481 Conferant
1840 4412 1989 4483 studiosi
2012 4416 2332 4512 interpretationes,

317 4514 458 4583 minime
484 4514 609 4586 satisfit
629 4514 815 4604 decalogo,
840 4536 950 4606 quare
972 4515 1018 4583 de
1042 4537 1086 4584 eu
1110 4514 1295 4605 praecipue
1346 4516 1529 4587 conferant
1544 4514 1589 4584 ad
1603 4512 1760 4605 reliquus
1776 4533 1893 4581 sacrus
1906 4513 2034 4603 libros,
2051 4520 2111 4588 sed
2129 4520 2190 4613 ita,
2209 4538 2248 4595 ut
2262 4528 2331 4618 pie,

316 4610 398 4685 haec
418 4618 512 4687 dicta
535 4617 646 4707 accipi
662 4629 815 4705 opertu:
850 4614 925 4685 Lex
951 4614 1041 4684 iram
1068 4615 1190 4685 eflicit:
1225 4613 1295 4686 Per
1346 4642 1420 4689 non
1441 4614 1662 4687 calumniose
1692 4612 1865 4683 iudicent:
1905 4618 2000 4706 quud
2023 4620 2052 4686 si
2074 4620 2221 4709 facient,
2254 4650 2329 4701 nun

310 4718 423 4808 legem
445 4718 580 4809 agnitio
602 4717 746 4809 peccati.
798 4716 910 4789 Docet
931 4718 1040 4806 igitur
1061 4715 1293 4807 legeustendi
1346 4718 1473 4791 dubito
1496 4718 1601 4789 nubis
1614 4714 1867 4805 suffragaturos
1882 4737 1965 4789 esse.
2018 4716 2098 4808 Qua
2114 4720 2153 4791 in
2169 4728 2329 4801 raetiam
2458 4752 2466 4775 ·

307 4834 343 4891 ,g
363 4823 466 4910 „gut
488 4834 689 4911 peccatum,
711 4842 786 4889 non
808 4818 899 4892 tolli.
949 4816 1089 4889 Deinde
1109 4818 1211 4889 addit
1226 4814 1295 4890 huc
1346 4817 1411 4891 hac
1428 4818 1610 4912 diligentia
1625 4838 1716 4909 upus
1732 4830 1800 4899 est,
1826 4830 1865 4887 ut
1881 4819 2065 4893 attendant
2087 4823 2173 4916 quid
2199 4852 2280 4903 vere
2296 4846 2330 4907 ει

307 4924 495 5014 proprium
510 4945 585 4992 me
603 4918 738 4993 chrisa
760 4919 992 5009 beneficam,
1016 4922 1154 4991 ,utem
1171 4944 1295 5011 petes.
1346 4923 1489 5014 proprie
1510 4923 1549 4991 in
1567 4920 1676 4991 sacris
1695 4918 1806 4989 literis
1828 4916 2024 5009 significent
2043 4918 2128 4995 haec
2143 4932 2327 5017 vocabula,

308 5036 405 5105 tum,
429 5025 523 5095 sicut
538 5020 659 5097 Esaias
675 5026 809 5119 iuquit:
836 5019 885 5095 Et
901 5023 977 5114 ipse
995 5036 1135 5116 peccata
1160 5022 1294 5093 multo·
1345 5024 1464 5109 Fides,
1490 5020 1694 5106 iustificari,
1717 5017 1873 5105 iusticia,
1888 5018 2086 5111 Peccatum,
2100 5024 2187 5117 Lex,
2207 5028 2330 5107 Euan..

306 5148 385 5197 mm
410 5128 514 5213 tulit,
545 5140 581 5199 et
605 5150 671 5220 pru
696 5125 1015 5216 transgressoribus
1039 5123 1189 5213 rogavit.
1246 5120 1295 5195 Et
1344 5127 1488 5216 gelium.
1543 5122 1721 5213 Linguam
1747 5143 1846 5193 suam
1869 5122 2039 5196 dedidicit
2052 5122 2211 5205 Ecclesia
2235 5136 2330 5209 inter

307 5224 476 5301 loannes:
502 5225 595 5302 Ecce
610 5251 721 5315 agnus
730 5225 798 5297 Dei
813 5228 876 5321 qui
893 5226 990 5297 tollit
1002 5239 1143 5319 peccata
1156 5227 1295 5296 mundi.
1348 5220 1548 5299 Monachus
1562 5239 1595 5295 et
1612 5223 1701 5295 alius
1723 5224 1903 5303 inductos,
1929 5246 1969 5295 ac
1986 5250 2147 5317 prorsus,
2172 5247 2212 5304 ut
2232 5242 2328 5329 apud

306 5326 494 5423 Significat
515 5332 611 5400 enim
633 5325 731 5401 huuc
751 5352 866 5401 unum
889 5350 963 5400 ease
987 5350 1139 5419 agnum,
1165 5327 1201 5397 id
1227 5342 1292 5413 est,
1346 5326 1554 5419 Euripidem
1579 5324 1771 5421 Tyndarus
1794 5326 1838 5393 ad
1860 5320 2065 5397 Menelaum
2089 5330 2222 5426 inquit:
2263 5336 2329 5433 βε.

305 5434 489 5505 victimam
504 5433 677 5503 divinitus
692 5432 904 5503 destinatam
918 5432 964 5501 ad
981 5430 1188 5523 placandam
1204 5428 1293 5499 iram
1345 5424 1596 5525 βαρβάρωσαι
1607 5420 1756 5523 χρόνιος
1770 5418 1825 5497 (iv
1839 5422 1879 5498 ἕν
1891 5421 2114 5525 βαρβάροις.
2166 5433 2227 5507 Sit
2246 5442 2328 5512 diu·

303 5530 388 5608 Dei.
444 5534 527 5607 Nun
543 5533 654 5625 igitur
674 5547 820 5627 propter
836 5533 946 5621 legem
960 5546 1022 5603 aut
1043 5532 1136 5603 ullas
1160 5525 1296 5603 hostias
1348 5547 1453 5605 tuma
1475 5530 1625 5603 servitus
1639 5526 1818 5601 Ecclesiae
1839 5530 1934 5619 apud
1952 5528 2149 5604 Monachus
2170 5536 2328 5629 linguam

300 5642 394 5709 alias
416 5649 686 5732 consequuntur
708 5632 872 5707 homines
892 5634 1194 5705 condonationem
1213 5656 1296 5726 peu-
1347 5633 1507 5706 mutavit.
1571 5630 1645 5702 Nec
1667 5630 1771 5701 facile
1794 5642 1845 5699 est
1867 5632 2051 5703 restituere
2075 5658 2174 5705 seraa
2195 5640 2329 5730 signifi-

298 5758 484 5821 catorum,
507 5741 567 5809 sed
582 5738 702 5829 gratia,
725 5736 854 5807 fiducia
870 5729 978 5805 huius
990 5729 1140 5821 hostiae,
1162 5735 1297 5807 seilicet
1347 5738 1519 5807 cationes:
1545 5756 1671 5825 magna
1687 5732 1783 5803 eninr
1798 5730 1852 5801 vis
1867 5748 1918 5805 est
1935 5736 2212 5811 consuetudinis.
2246 5740 2329 5815 Fla-

296 5842 367 5915 btii
386 5840 468 5924 Dei,
481 5840 672 5935 quimorte
688 5860 752 5911 aua
768 5860 833 5932 pru
848 5836 953 5910 nobis
968 5837 1135 5911 satisfecit
1149 5836 1237 5928 legi,
1261 5850 1295 5909 et
1348 5838 1480 5931 gellaut
1501 5858 1558 5909 me
1581 5828 1817 5933 sycophantae
1845 5830 2117 5927 Mensingerus,
2156 5854 2192 5913 et
2216 5838 2333 5917 Coch-

357 5944 548 6015 Mssarrr.
575 5948 679 6017 Orsa.
702 5944 787 6013 Vas.
814 5942 893 6011 XV.
1807 5932 1858 6016 η
