5825 6950
306 674 403 753 soso
477 672 579 749 sun
629 670 1032 753 scounnnraa.
1059 664 1911 755 tNEPlsT.eAULtADCOR1NT1110s
1962 678 2070 760 car.
2097 682 2164 761 ιν.
2228 641 2328 771 aoso

399 848 562 943 Denique
583 836 782 943 quotitiana
801 850 958 942 exempla
975 863 1057 922 ssent
1074 852 1113 921 in
1136 872 1279 941 conspe·
1338 868 1541 941 quanquam
1556 848 1677 917 adesse
1694 862 1729 921 et
1751 842 1844 922 banc
1859 867 2018 945 oportet,
2044 860 2105 931 sed
2128 861 2242 933 multa
2264 888 2324 935 re·

299 965 360 1021 ctu
383 950 545 1022 omnibus
568 950 752 1025 aetatibus.
803 949 920 1023 Multa
945 949 1283 1025 enimetborrenda
1336 950 1433 1045 liqna
1467 963 1550 1019 suut
1574 966 1711 1041 peccata
1733 953 1953 1042 ignorantiae
1979 974 2014 1031 et
2042 962 2264 1051 omissionis,
2289 980 2324 1039 et

301 1070 435 1145 peccata
459 1049 962 1146 sunthumanae‘npiennae‚
988 1078 1062 1126 non
1079 1069 1169 1126 recte
1188 1057 1281 1126 iudi·
1336 1052 1440 1123 multi
1470 1052 1590 1124 vitiosi
1620 1053 1783 1136 affectus,
1825 1082 1915 1149 qnae
1943 1061 2036 1132 mala
2069 1067 2322 1140 condonantur

300 1158 410 1229 cantis
423 1158 465 1225 de
480 1154 567 1228 Deo.
622 1155 710 1226 ldeo
724 1172 795 1228 tam
812 1180 934 1247 aspere
950 1158 1118 1229 adversus
1135 1181 1209 1226 eam
1225 1154 1282 1228 hie
1335 1156 1490 1226 credenti
1506 1169 1651 1248 propter
1668 1159 1912 1235 mediatorem.

301 1260 528 1329 concionatur
553 1257 706 1344 Paulus,
737 1274 772 1329 et
793 1258 892 1331 iubet
913 1282 992 1344 eos,
1030 1263 1091 1355 qui
1116 1262 1282 1331 videntur
1435 1270 1575 1343 Deinde
1601 1276 1766 1365 obiurgat
1790 1301 1864 1349 me
1888 1279 1969 1351 3113,
1999 1286 2229 1373 praeferat„
2260 1292 2329 1359 vel.

302 1362 370 1431 sibi
392 1363 564 1480 sapientes
587 1361 626 1481 in
648 1355 717 1482 h.⁰⁶
735 1364 897 1480 mundo,
932 1362 968 1431 id
993 1377 1063 1449 est,
1095 1378 1281 1456 sequentes
1332 1389 1515 1467 potestate,
1530 1377 1587 1446 vel
1603 1378 1756 1449 efficacia
1775 1380 1983 1470 ministerii,
1997 1386 2053 1455 rel
2069 1403 2213 1482 propter
2228 1390 2317 1461 aliu

300 1461 473 1533 immistae
495 1476 644 1533 ‘tumui
668 1464 819 1583 ¹¹{d105fts
850 1478 891 1535 1¹!
906 1465 993 1535 fiant
1009 1464 1134 1549 ‘iuliis'
1160 1466 1195 1534 ld
1216 1479 1279 1549 ⁸⁸¹2
1331 1502 1471 1550 causas:
1502 1478 1568 1551 etsi
1583 1494 1668 1553 sunt
1682 1480 1838 1553 ministri
1852 1499 1946 1557 recte
1960 1486 2127 1561 facientes
2144 1492 2316 1579 officium,

301 1578 489 1655 agnoscant
514 1563 607 1637 banc
638 1581 846 1655 septennem
870 1590 944 1637 non
970 1590 1044 1637 esse
1072 1567 1278 1659 sapientiam
1331 1595 1448 1671 postea
1465 1581 1546 1651 Deo
1561 1579 1735 1654 iudicium
1753 1584 1910 1680 relinqui
1929 1587 2045 1669 iubet,
2070 1594 2132 1685 qui
2147 1594 2314 1686 privatim

298 1666 504 1757 Elindelll²
551 1671 611 1737 ⁵²⁶
637 1670 682 1737 ‘l‘
704 1664 772 1737 Del
796 1670 947 1739 emnild
973 1684 1006 1741 ‘l
1031 1670 1212 1741 voluntale
1236 1690 1277 1741 θλ
1329 1683 1559 1754 antecellant:
1587 1685 1625 1754 id
1649 1710 1722 1755 non
1748 1701 1799 1759 est
1819 1691 1931 1759 nostri
1957 1690 2093 1766 iudicii.
2145 1693 2217 1766 Sed
2248 1718 2314 1765 nos

295 1770 406 1859 ipsius
441 1769 673 1861 patefactione
704 1770 944 1853 tiodicandum
980 1792 1073 1857 esse,
1115 1782 1150 1841 et
1187 1770 1277 1841 sicut
1329 1787 1374 1855 de
1400 1784 1563 1855 doctrin,
1589 1787 1811 1879 ,iugulorum
1832 1789 2038 1864 iudicemus·

294 1874 418 1941 iisdem
448 1866 646 1941 Corinthiis
674 1872 714 1941 in
741 1874 894 1943 secunda
931 1868 1091 1962 Epistola
1133 1872 1276 1962 scribit,

292 1990 454 2147 Effinge
478 1972 653 2066 captivam
675 1974 758 2045 duci
779 1974 954 2045 rationem
970 1976 1015 2046 ad
1033 1974 1274 2047 obediendum

654 2325 794 2433 Caput
829 2324 908 2410 lV.

391 2560 433 2631 ln
449 2560 562 2652 capite
579 2571 727 2652 quarto,
753 2569 939 2649 postquam
963 2566 1065 2625 antea
1087 2554 1125 2624 in
1146 2578 1273 2645 genere

295 2686 414 2735 omnes
430 2663 649 2751 obiurgavit,
675 2656 868 2729 liumanam
892 2656 1098 2749 sapientiam
1120 2682 1272 2752 sequens·

294 2786 346 2837 tes
365 2790 402 2833 ac
422 2766 639 2833 discedentes
659 2785 678 2831 a
696 2772 788 2831 mota
808 2758 1013 2849 Evangelii,
1038 2784 1135 2829 nunc
1154 2764 1271 2831 nomi-

290 2870 397 2939 natim
421 2866 592 2937 ministris
613 2862 863 2947 concionatur,
887 2876 921 2931 et
938 2885 1017 2947 eos,
1042 2886 1114 2954 quo
1136 2866 1178 2932 ad
1202 2866 1269 2933 rni-

292 2970 472 3039 nisterium
497 2968 642 3052 attinet,
671 2966 756 3035 iacit
777 2963 939 3055 aequales
956 2976 1124 3054 potestate
1139 2976 1173 3035 et
1193 2966 1269 3035 elli·

289 3074 396 3159 cacia,
424 3082 458 3139 et
478 3070 586 3139 simul
608 3070 731 3151 docet,
758 3066 879 3158 quales
899 3088 973 3135 esse
994 3077 1174 3156 oporteat,
1200 3068 1267 3135 sci-

288 3192 337 3244 cet
354 3174 486 3245 bdeles.
524 3168 578 3241 Ac
591 3163 823 3241 breviterhic
838 3166 1015 3255 siguificat
1030 3166 1267 3239 ministerium

1430 1900 1480 1975 Et
1519 1906 1680 1999 sequitur
1718 1930 1842 1979 rursus
1881 1914 2073 2001 asperrima
2110 1916 2311 2005 obiurgatio

1328 2026 1471 2091 eorum,
1510 2008 1573 2099 qui
1603 2030 1643 2077 sa
1674 2010 1876 2099 praeierunt
1905 2014 2004 2099 aliis,
2044 2016 2110 2087 ubi
2143 2021 2312 2110 proponit

1328 2109 1526 2198 exemplum
1561 2110 1833 2201 Apostolorum,
1864 2119 1964 2211 qnod
1998 2116 2115 2209 ipsum
2151 2120 2311 2193 continet

1328 2210 1607 2281 consolationem
1635 2211 1821 2303 insignem.
1872 2216 1934 2285 Ait
1958 2218 2150 2310 Apostolos
2180 2223 2310 2293 volun·

1328 2323 1398 2381 tate
1412 2308 1479 2381 Dei
1495 2312 1544 2383 ita
1560 2312 1652 2403 regi,
1676 2328 1716 2385 ut
1730 2338 1816 2407 prae
1836 2318 1973 2411 reliqua
1986 2316 2142 2394 Ecclesia
2161 2324 2311 2395 subiecti

1327 2414 1397 2483 sint
1415 2413 1531 2495 cruci,
1563 2415 1636 2486 sint
1652 2418 1849 2508 spectacula
1864 2415 2012 2510 Angelis
2030 2438 2064 2495 et
2079 2422 2308 2511 Hominibus,

1326 2516 1398 2585 imo
1415 2518 1593 2588 ducantur
1607 2540 1680 2587 essa
1692 2510 1925 2612 καθάρματα
1940 2536 1974 2595 et
1992 2517 2244 2622 περιψὴμαπα.

1423 2632 1502 2704 Hae
1519 2649 1603 2707 sunt
1617 2636 1874 2727 appellationes
1893 2642 2055 2711 omniurn
2077 2646 2309 2730 tristissimae,

1324 2735 1560 2825 significantes
1590 2738 1814 2807 acerbissima
1849 2742 1933 2813 odis
1969 2739 2167 2821 homiuum.
2217 2744 2308 2815 Nam

1321 2832 1510 2932 κάθαρμα
1525 2852 1560 2909 et
1578 2834 1771 2933 περίψημα
1796 2841 1969 2931 significat
1989 2847 2084 2917 idem
2108 2850 2203 2941 quod
2232 2848 2309 2935 pis-

1322 2940 1440 3009 culum
1449 2939 1605 3027 Latinis,
1631 2942 1668 3011 id
1684 2956 1763 3026 est,
1780 2966 1855 3013 rem
1866 2947 1990 3027 talem,
2013 2972 2103 3041 quae
2118 2950 2188 3019 nisi
2205 2948 2309 3019 tolla-

1321 3054 1399 3125 tur,
1425 3054 1515 3112 totas
1539 3056 1660 3132 gentes
1683 3044 1837 3134 polluat,
1864 3060 1899 3117 et
1924 3047 2014 3117 iram
2036 3044 2118 3119 Dei
2139 3055 2307 3120 adversus

1321 3156 1411 3212 totas
1429 3157 1549 3231 gentes
1568 3144 1695 3218 irritet.
1747 3142 1796 3217 Ut
1808 3140 1970 3238 Oedipus
1988 3166 2039 3220 est
2052 3151 2230 3243 piaculum
2247 3176 2308 3225 seu

287 3301 356 3345 esse
381 3273 502 3344 cilicas
525 3297 589 3363 per
610 3265 812 3347 Christum.
844 3292 918 3339 non
941 3262 1105 3339 humanis
1122 3270 1266 3339 viribus.
1290 3245 1293 3364 Ξ
1318 3240 1522 3363 κάθᾳθμα»
1550 3246 1634 3338 ‘1⁰5²
1655 3258 1804 3317 fflilf‘ffl
1828 3251 1929 3320 dtuli
1946 3274 2106 3327 u“mm-
2156 3252 2215 3324 Sic
2233 3250 2308 3321 He·
2413 3320 2419 3339 .

285 3379 349 3449 Sed
379 3375 541 3445 minister
563 3375 610 3444 sit
632 3372 765 3459 lidelis,
813 3370 848 3439 id
874 3384 942 3449 est,
976 3384 1067 3439 recte
1093 3370 1267 3461 intelligat
1319 3346 1415 3415 [Μ’
1437 3347 1665 3417 milidlclum
1688 3349 1865 3425 dlsselmll·
1916 3348 2308 3426 Elmulltsunlaimi·

284 3499 313 3548 et
332 3493 425 3550 recte
446 3481 568 3548 doceat
585 3477 804 3560 doctrinam,
831 3499 902 3541 uon
926 3466 1050 3541 babeat
1069 3472 1264 3545 affectatam
1317 3446 1369 3562 lli,
1389 3449 1563 3522 V⁰⁶²ll¹¹l³
1589 3452 1685 3540 ‘llud
1709 3446 1883 3539 Gl⁸²⁶⁰³s
1913 3468 1982 3527 ΜΓ

285 3581 541 3671 ignorantiam,
566 3602 631 3647 nec
651 3577 696 3648 sit
713 3577 912 3666 negligens,
938 3591 976 3644 ut
1000 3573 1120 3642 multis
1139 3577 1265 3648 seculis

285 3681 446 3774 Episcopi
461 3683 532 3750 lere
548 3681 586 3748 in
604 3693 678 3750 toto
695 3681 781 3749 orbe
796 3692 991 3760 terrarum,
1012 3675 1263 3748 intellexeruut

284 3786 497 3868 doctrinam,
524 3805 588 3852 nec
604 3797 696 3850 recte
711 3779 829 3850 doceri
846 3790 1070 3848 coaraverunt.
1123 3777 1176 3848 Ex
1194 3802 1263 3870 qna

284 3887 491 3976 negligentia
513 3884 699 3974 praecipue
724 3906 819 3952 nunc
842 3880 957 3950 existit
978 3874 1063 3948 haec
1084 3873 1261 3950 horrenda

284 3987 493 4058 ›esturbatio
514 3985 611 4055 orbis
636 3999 820 4056 terrarum.

378 4087 600 4180 Proponitur
623 4100 740 4158 autem
771 4081 828 4154 bic
855 4083 976 4172 regula
998 4081 1192 4152 necessaria
1217 4085 1261 4154 ad
1287 4074 1290 4170 !

282 4191 525 4278 gubernandas
541 4190 701 4258 omnium
721 4187 953 4256 conscientias
968 4185 1005 4253 iu
1020 4185 1093 4255 sita
1113 4187 1262 4276 privata,
1287 4187 1290 4229 ¹

283 4311 304 4362 ·t
344 4315 555 4385 quacunque
588 4290 907 4360 administratione.
974 4283 1124 4374 Quaerit
1165 4287 1288 4356 enirn·

1521 3555 1744 3644 άποτράπσιας.
1989 3566 2005 3654 i

1521 3645 1755 3730 πρσςτρὸπαισς.

1520 3731 1652 3814 μιαρὸς,
1672 3734 1806 3814 μίασμα.

1521 3812 1708 3924 ηατάρατος.
1724 3816 1891 3902 lucipetas.

1520 3910 1642 3980 αραῒσς.

1520 3992 1561 4068 τῇ
1575 3985 1639 4090 ὅρη
1658 3983 1772 4066 ἔνοχος.

1520 4077 1560 4152 τῇ
1574 4068 1638 4159 cipp
1652 4067 1837 4152 ἐνεχόμενος.

1314 4199 1319 4213 ·
1520 4154 1653 4238 ἐξώλης,
1675 4157 1828 4240 προώλης.

1315 4227 1472 4316 syfloily-
1520 4241 1677 4322 πανώλης,

1314 4335 1385 4392 mu,
1399 4339 1485 4398 ηκαι
1518 4321 1686 4406 βδέλυγμα.

281 4394 509 4462 eonscientia:
562 4389 754 4480 Quomodo
779 4389 987 4458 satisfaciam
1018 4388 1134 4458 olficio
1160 4413 1261 4470 meo,
1286 4428 1288 4437 ·
1315 4407 1450 4482 parites·
1518 4406 1685 4492 ἀλιτήριος.

282 4521 352 4564 :tarn
377 4495 567 4596 difficultas
580 4494 626 4564 sit
645 4490 821 4562 maxima?
847 4504 881 4558 et
900 4491 1029 4568 mnlta,
1058 4514 1146 4582 quae
1160 4504 1260 4560 eraut
1312 4483 1453 4569 signifi·
1518 4493 1640 4594 ἐναγὴς.
1661 4491 1746 4575 ἄρος.

282 4597 451 4676 scienda,
479 4594 632 4686 prospici
656 4615 728 4661 nnn
751 4591 910 4682 possins?
959 4589 1006 4660 Et
1028 4612 1131 4679 saepe
1156 4593 1258 4660 bonis
1312 4585 1484 4718 musti*
1517 4575 1712 4734 ἐίηητερρὲος

1312 4743 1391 4803 dum
1435 4761 1482 4803 ra·
1515 4687 1683 4825 ἓξάγιάτος.
1713 4704 1723 4724 ·

1283 4846 1428 4905 ‚rerum
1514 4830 1671 4907 ἀνάθεμα.
1720 4895 1724 4904 ,

283 4699 433 4768 unsiliis
460 4697 795 4785 nourespondeant
819 4693 990 4762 eventus?
1042 4689 1143 4762 Sicut
1166 4708 1259 4762 errat

283 4801 399 4883 osias,
428 4821 574 4868 movens
599 4797 742 4866 bellum¹
757 4794 892 4863 iuielir.

2038 4489 2108 4556 Bu
2149 4493 2305 4580 καθαράς.

2022 4597 2107 4658 σαπ-

2029 4673 2107 4724 tro·
2148 4663 2269 4747 ἐναγὴς.

2022 4752 2081 4810 rin

2013 4843 2103 4897 sant.
2149 4831 2248 4910 ὅσιος.
2350 4877 2355 4892 .

370 4899 662 4994 Consolationis
685 4901 887 4982 ‹lulcistlrsra
912 4911 1138 5002 proponitur:
1165 4908 1258 4980 Satis
1310 4923 1437 4974 notura
1515 4907 1701 4995 καθάρσιον.

283 5037 315 5092 st
339 5043 417 5092 esse
440 5019 599 5098 fidelem,
634 5020 669 5086 id
695 5032 765 5098 est,
805 5017 897 5084 bona
928 5013 1142 5081 couscientia
1165 5027 1256 5080 recte
1281 5060 1284 5100 ,
1312 4999 1364 5056 '³²‘
1394 5001 1480 5077 ΡΜ·
1514 4999 1610 5076 ratic.

287 5147 394 5192 ocere
423 5137 458 5194 et
477 5123 610 5203 iacere,
646 5143 735 5211 quae
751 5130 844 5186 recta
860 5139 934 5183 esse
951 5115 1103 5192 iudicas,
1130 5137 1167 5182 re
1184 5137 1256 5182 rne-

289 5225 380 5292 iocri
421 5221 624 5311 diligentia,
669 5223 764 5288 bona
800 5215 1014 5288 conscientia
1050 5215 1253 5286 deliberata.

285 5329 425 5394 recedat
440 5336 555 5393 autern
572 5323 678 5403 tides,
694 5343 761 5410 qua
780 5341 902 5388 sumus
919 5316 1021 5400 iusti,
1045 5317 1082 5384 id
1100 5330 1169 5392 est,
1185 5337 1255 5408 qus
1308 5336 1313 5345 ·

288 5451 418 5494 crsona
436 5425 548 5515 placet
561 5439 594 5492 et
613 5424 783 5512 petimus,
809 5433 848 5490 ut
863 5416 958 5487 Deus
983 5442 1047 5488 nos
1069 5419 1252 5506 gubernet.

287 5525 361 5596 laec
376 5527 499 5614 regula
516 5525 714 5615 praeluceat
729 5521 896 5589 omnibus
911 5519 1002 5587 vitae
1017 5519 1227 5588 actionibus.
1245 5523 1249 5532 '

367 5627 489 5698 Simul
514 5640 630 5694 autern
655 5617 713 5691 bic
729 5623 898 5692 inseritur
912 5620 1072 5690 doctrina
1088 5624 1132 5687 de
1150 5620 1250 5688 iusti·

274 5732 451 5818 catione,
491 5729 586 5822 qnod
610 5727 720 5794 simus
744 5725 825 5794 iusti
850 5723 933 5804 lide,
980 5735 1123 5812 propter
1144 5715 1250 5788 Chri-

274 5852 295 5892 ¹¹
314 5861 377 5920 sn,
401 5855 477 5902 non
494 5845 638 5922 propter
653 5824 828 5898 iusticiam
846 5839 985 5898 nostrae
1002 5821 1250 5906 conscientiae,

1281 5081 1433 5147 -cssluuu
1515 5078 1680 5166 κάθαρμα.
1733 5115 1737 5122 ·
1830 5119 1834 5126 -

1514 5171 1690 5248 περίψημα.

1514 5247 1647 5324 ἀνόσιος.

1450 5365 1454 5376 ’
1513 5334 1746 5416 ἱπικατάραισς.

1509 5417 1662 5502 άπαρράς
1681 5416 1861 5498 ἄνθρωπος.
1967 5447 1973 5458 ’

1512 5513 1576 5576 τοῖς
1587 5501 1761 5582 μιάσμασιν
1777 5496 1966 5582 ἐνεχόμενος.
2053 5528 2057 5536 ·
2180 5557 2185 5575 ,
2216 5555 2223 5590 ¹

1510 5587 1680 5670 καθαρμὸς
1699 5583 1882 5669 ἄνθρωπος.
2180 5582 2184 5595 “

1511 5673 1689 5754 φαρμακός.

1508 5754 1718 5841 (inopportune.

1515 5836 1525 5860 t

1494 5860 1525 5940 ρο
1538 5842 1586 5904 tut
1600 5841 1755 5928 καθάρσει
1766 5845 1825 5925 τῆς
1837 5839 1965 5914 aditus.

2285 5560 2294 5594 l
