5825 6950
322 672 404 753 825
534 756 547 774 „
713 674 798 755 Xli.
849 671 1150 755 ENARRATIO
1180 668 1236 753 IN
1267 672 1455 760 EVANG.
1489 609 1718 759 lustuns,
1755 678 1862 759 CAP.
1889 681 1972 759 XV.
2052 742 2059 755 .

325 850 487 935 solator,
511 846 719 923 ulscismns
733 862 868 942 patrem
883 848 952 943 ipsi
968 850 1108 935 adosse,
1139 862 1176 923 ct
1196 848 1319 921 reddi·
1714 850 1870 964 ‘caput
1899 852 2000 944 XV,

327 968 452 1025 turom
469 974 546 1023 esse
568 952 676 1023 vitam
697 966 733 1025 et
753 954 917 1044 gloriam.
967 952 1044 1023 Nec
1063 952 1318 1043 disputandum
1893 1020 1901 1038 ‚
1924 1019 1932 1039 ,

327 1068 376 1125 est
392 1048 456 1125 hic
465 1056 516 1158 de
529 1054 698 1141 essentia,
723 1058 786 1126 sed
802 1058 849 1127 de
863 1052 972 1126 officii
993 1067 1165 1146 tempore.
1214 1052 1318 1125 llanc
1660 1012 1727 1115 Eg
1729 1044 1750 1091 ⁰
1760 1044 1845 1093 sum
1863 1029 1948 1093 ⁹²⁰⁸
1964 1044 2060 1097 ΝΜ·

327 1156 662 1248 interpretatione·
675 1180 751 1229 non
768 1159 954 1250 fingimus,
980 1158 1042 1227 sed
1058 1154 1221 1229 Christus
1241 1179 1317 1227 eam
1472 1148 1644 1225 Doctrina
1659 1168 1694 1227 et
1708 1156 1903 1230 consolatio
1919 1171 1971 1229 ost
1985 1158 2188 1233 dulcissima
2205 1162 2361 1255 deprae-

325 1259 401 1349 ipse
417 1260 591 1330 traditio
613 1258 710 1331 dicto
733 1259 925 1349 loan.17.:
957 1257 1128 1332 Glocilica
1147 1280 1204 1329 soe
1224 1259 1317 1350 apud
1370 1253 1485 1327 sentia
1502 1270 1536 1329 et
1550 1258 1683 1329 auxilio
1695 1254 1830 1331 Christi
1845 1262 2000 1349 regentis
2012 1276 2048 1333 et
2062 1262 2219 1336 iuvantis
2233 1261 2360 1337 Eccle-

324 1374 413 1431 teca
432 1360 570 1449 gloria,
594 1375 796 1454 quamante
812 1361 1054 1433 conditionem
1074 1359 1205 1431 mundi
1222 1362 1319 1453 apud
1372 1358 1460 1428 siam
1477 1370 1511 1431 et
1529 1358 1687 1451 singulos
1702 1362 1906 1433 invocantes
1920 1386 2022 1449 eum,
2052 1379 2087 1436 ot
2102 1367 2147 1435 do
2167 1369 2360 1440 concordia

324 1476 358 1534 te
387 1457 518 1534 habui.
577 1459 743 1535 Affirmat
771 1487 808 1533 so
836 1466 944 1538 luisse
973 1476 1056 1536 ante
1077 1462 1319 1533 conditionem
1371 1456 1561 1533 Ecclesiae.
1611 1460 1666 1533 Ac
1691 1463 1807 1554 imago
1829 1463 1904 1553 ipsa
1925 1465 2082 1556 primum
2106 1467 2360 1543 consideretur.

327 1564 472 1644 mundi,
500 1576 536 1636 et
558 1564 667 1635 luisse
690 1579 871 1657 potentem
893 1579 929 1637 et
956 1564 1165 1656 gloriosum.
1214 1563 1320 1637 Nunc
1372 1559 1529 1634 Ecclesia
1547 1565 1757 1655 gingitnrnt
1780 1566 1880 1652 vitis,
1913 1592 1955 1637 er
1978 1592 2047 1661 qua
2071 1570 2173 1641 multi
2199 1572 2362 1661 palmites

329 1690 412 1737 vero
424 1668 472 1735 ad
488 1680 632 1761 ternpus
644 1688 683 1737 ae
698 1668 860 1739 futurum
877 1669 917 1738 in
932 1662 999 1738 hac
1011 1666 1253 1739 imbecillitate
1261 1680 1320 1753 ,et
1372 1664 1443 1737 late
1456 1679 1691 1757 sparguntur,
1718 1680 1752 1739 et
1768 1670 1911 1740 additur
1929 1669 2081 1762 vinitor,
2108 1672 2170 1763 qni
2194 1673 2301 1744 vitem
2327 1688 2361 1745 et

329 1770 682 1848 nondeclaraturnm
698 1770 893 1860 potentiam
907 1792 1029 1851 susas,
1055 1771 1116 1839 sed
1135 1770 1319 1864 aliquanto
1371 1767 1537 1859 palmites
1549 1782 1669 1854 curet,
1694 1782 1729 1841 ct
1743 1770 1899 1861 decerpit
1915 1772 2062 1843 fructus.
2111 1770 2281 1845 Duarum·
2296 1800 2361 1845 au-

327 1886 402 1963 post
417 1893 548 1943 marsus
561 1870 638 1941 lore
652 1885 831 1962 potentem
848 1874 887 1943 in
906 1873 1174 1946 resumentibus.
1372 1882 1444 1940 tem
1459 1871 1627 1942 arborum
1641 1872 1843 1963 saepissime
1857 1872 1897 1944 fis
1912 1875 2046 1944 mentio
2064 1873 2103 1941 in
2120 1871 2176 1944 bis
2198 1877 2362 1948 collatio·

469 2034 589 2117 ΡΡ
719 2009 896 2140 ΡΡΡ
912 2036 1045 2115 Ρ
1057 2034 1184 2123 ΡΡ.
1372 1971 1506 2145 nn
1529 1974 2360 2164 22:2²,annnnnnannna

423 2176 600 2249 Doctrina
616 2190 653 2250 et
668 2179 862 2249 consolatio
876 2178 1027 2270 insignis
1042 2190 1106 2258 ast,
1122 2200 1321 2269 congruens
1372 2176 1455 2260 viti,
1480 2188 1515 2247 et
1529 2178 1640 2247 olivas
1655 2190 1690 2247 et
1705 2177 1934 2268 uvasgignat.
1986 2176 2083 2249 llaec
2105 2181 2223 2270 imago
2247 2206 2360 2252 vann-

322 2302 404 2351 cum
428 2280 528 2351 dicto
553 2280 720 2354 Gensin
755 2278 886 2352 &men
913 2279 1074 2351 mulieris
1098 2280 1320 2351 concealcabit
1372 2279 1524 2347 ctissime
1549 2279 1664 2371 pingit
1685 2280 1797 2370 legem
1822 2294 1855 2350 et
1872 2276 2128 2371 Evangelinsn,
2162 2306 2222 2353 seu
2245 2308 2360 2375 popu·

327 2396 429 2472 caput
460 2382 660 2473 serpentis,
694 2396 728 2453 et
751 2404 896 2473 serpens
915 2381 1095 2453 mordebit
1115 2382 1318 2451 calcaneum
1371 2380 1447 2451 lum
1464 2382 1549 2471 legis
1564 2396 1597 2453 et
1611 2376 1816 2455 Ecclesiam.
1864 2380 1957 2453 Vitis
1972 2396 2022 2452 est
2037 2384 2136 2454 arida
2152 2399 2186 2455 et
2201 2380 2359 2467 horrida,

334 2483 420 2553 sios.
462 2481 541 2555 Res
561 2483 737 2574 ostendit,
763 2484 947 2555 diabolum
967 2484 1052 2555 odio
1066 2478 1136 2553 Dei
1160 2480 1319 2553 horribi·
1370 2496 1411 2551 nt
1440 2485 1597 2582 populus
1625 2483 1729 2573 legis,
1767 2485 1827 2553 sed
1860 2496 1980 2553 tamen
2011 2487 2141 2556 docens
2161 2500 2195 2558 et
2220 2486 2360 2557 discens
2507 2552 2509 2560 .

334 2583 415 2653 liter
432 2585 586 2673 gressui
610 2588 779 2657 adversus
791 2584 1005 2674 Ecclesiam,
1030 2599 1064 2655 et
1089 2582 1162 2655 suis
1183 2587 1319 2654 miran-
1369 2585 1567 2655 doctrinam
1581 2586 1749 2659 traditam
1763 2608 1829 2677 per
1841 2581 2054 2676 Prophetas:
2079 2585 2242 2683 Cumque
2261 2612 2361 2661 scee-

328 2685 383 2755 dis
412 2686 576 2757 artificiis
605 2688 739 2769 multos
767 2702 943 2773 evertere,
982 2702 1023 2760 ut
1052 2687 1156 2757 initio
1192 2688 1318 2759 evertit
1369 2688 1423 2756 dit
1437 2684 1624 2777 Evangelii
1638 2688 1811 2778 cognitio,
1828 2687 1939 2777 gignit
1956 2688 2110 2771 tructus,
2125 2693 2226 2761 docet
2238 2688 2360 2761 Evau-

325 2784 642 2875 AdametEvam,
667 2802 704 2860 et
726 2798 844 2882 postea
868 2790 964 2861 idola
987 2804 1023 2861 et
1042 2782 1203 2860 haereses
1224 2790 1319 2861 cxci·
1369 2788 1501 2876 goliom
1532 2803 1567 2861 et
1597 2790 1721 2880 legem.
1781 2789 1858 2858 lmo
1877 2804 1962 2868 tunc
1985 2792 2040 2885 lea
2065 2791 2293 2882 intelligitur,
2325 2808 2360 2864 et

325 2890 425 2962 tavit.
479 2887 534 2963 lta
551 2914 625 2960 non
641 2891 791 2962 dubium
806 2904 858 2963 est
872 2891 1143 2963 insidiosissime
1162 2903 1197 2963 et
1219 2904 1318 2961 astu-
1370 2890 1576 2983 disciplina,
1607 2916 1713 2984 qnam
1731 2891 1785 2959 lox
1808 2890 1936 2981 tradit,
1968 2892 2094 2985 incipit
2116 2896 2252 2987 placere
2270 2892 2360 2979 Deo,

326 2992 463 3061 tissime
496 2992 658 3083 cogitatis
687 2995 875 3065 frondibus
902 3006 1076 3067 tentatum
1103 3015 1178 3062 esse
1198 3018 1218 3061 a
1238 2994 1317 3061 dia·
1369 3005 1404 3063 et
1420 3014 1524 3083 saepe
1540 2992 1662 3063 vinnm
1678 2993 1942 3083 significatlegis
1958 3016 2019 3065 seu
2035 2996 2271 3085 poenitentiae
2293 2998 2360 3065 do-

290 3090 294 3101 ’
325 3094 409 3164 bolo
421 3089 621 3168 Christum.
677 3093 754 3165 Etsi
776 3097 899 3192 quales
919 3097 959 3165 in
984 3106 1081 3167 tanta
1105 3096 1317 3187 praestantia
1369 3095 1539 3179 ctrinam,
1567 3095 1686 3165 oleum
1702 3120 1786 3164 vero
1801 3092 2053 3185 Evangelium,
2084 3112 2123 3169 nt
2139 3096 2256 3169 Lucae
2276 3098 2353 3171 10.:

327 3195 541 3270 tentationes
552 3196 705 3278 inerint,
721 3220 786 3268 nos
801 3200 918 3269 dicere
933 3220 1009 3267 non
1025 3218 1225 3290 possumus,
1241 3220 1317 3267 car·
1368 3194 1614 3267 Samaritanus
1630 3197 1789 3267 infundit
1806 3199 2014 3269 vulneribus
2031 3200 2154 3269 vinum
2171 3212 2205 3269 et
2226 3200 2357 3271 oleum.

326 3314 400 3371 tom
418 3311 474 3367 cst
488 3310 628 3379 tamen,
653 3300 783 3370 multas
797 3312 832 3372 et
848 3300 964 3369 varias
978 3299 1105 3381 fuisse,
1131 3300 1191 3367 sed
1209 3294 1318 3369 Cbri-
1368 3295 1460 3379 Nam
1476 3298 1600 3367 vinum
1616 3311 1667 3369 est
1681 3320 1781 3381 acre,
1806 3311 1843 3369 et
1857 3313 2003 3390 purgat,
2031 3300 2148 3369 oleum
2173 3322 2256 3370 vero
2278 3302 2358 3389 glu-

325 3415 398 3471 stus
420 3396 619 3471 Ecclesiam
650 3402 865 3474 consolatur.
923 3397 1089 3472 Affirmat
1114 3401 1317 3494 sequidem
1369 3400 1479 3486 tinat,
1510 3414 1628 3481 sanat,
1661 3413 1696 3471 et
1717 3400 1781 3471 alit
1805 3424 1959 3475 carnem.
2023 3401 2146 3493 Longa
2167 3415 2218 3472 est
2240 3416 2359 3474 antem

328 3517 504 3574 tentatum
536 3525 629 3589 esse,
661 3506 723 3576 sed
746 3528 820 3575 non
840 3519 1061 3595 superatum:
1094 3501 1175 3572 Non
1199 3499 1317 3585 babet,
1369 3515 1461 3572 actas
1477 3502 1663 3597 utriusque
1678 3503 1833 3589 arboris,
1855 3504 1968 3572 oleam
1993 3505 2093 3575 aiunt
2115 3505 2233 3574 vivere
2257 3526 2359 3596 posse

327 3605 468 3698 inquit,
496 3605 662 3677 diabolus
679 3606 718 3675 in
733 3607 1007 3702 mequicqnam.
1057 3601 1318 3677 Hicdiscamus
1369 3629 1483 3674 annos
1498 3606 1686 3677 ducentos:
1710 3606 1817 3675 vitem
1836 3628 1931 3692 vero,
1949 3607 1979 3675 si
1995 3607 2358 3698 rectefueritputata,

327 3707 515 3779 victoriam
532 3703 685 3794 Christi,
702 3733 776 3778 non
788 3723 928 3782 tantum
940 3710 986 3778 ad
1001 3707 1114 3801 ipsius
1129 3729 1316 3796 personam
1370 3709 1483 3777 multo
1498 3708 1646 3782 diutins.

331 3809 528 3896 pertinere,
552 3811 614 3880 sed
628 3813 673 3880 ad
687 3813 809 3882 omnia
823 3807 1005 3882 Ecclesiae
1024 3811 1197 3882 membra.
1251 3807 1316 3876 vt·
1471 3809 1541 3880 Sed
1572 3805 1639 3880 boc
1663 3808 1743 3878 loco
1763 3808 1846 3880 vitis
1867 3803 2049 3881 Christum
2074 3808 2264 3900 signifieat,
2296 3810 2361 3904 qni

327 3911 374 3980 cit
395 3911 585 3980 diabolum
608 3910 648 3982 in
669 3935 732 3984 sua
752 3915 967 3998 tentatione,
998 3927 1034 3984 et
1055 3924 1195 4010 superat
1219 3933 1317 3980 mor·
1369 3922 1409 3979 ut
1422 3909 1505 3981 vitis
1527 3925 1579 3982 est
1602 3905 1789 3996 horridum
1813 3911 1968 4001 lignum,
1995 3910 2142 4000 gignens
2162 3923 2280 3982 tamen
2302 3935 2361 3982 sa·

325 4025 419 4094 tem,
445 4025 487 4082 ot
500 4025 647 4085 testetur
661 4038 698 4085 se
720 4017 838 4087 delere
862 4029 1043 4108 peccatum
1067 4017 1106 4082 in
1127 4013 1251 4094 nobis,
1285 4026 1319 4082 et
1370 4012 1606 4102 luberrimum
1631 4013 1824 4106 liquorem,
1856 4012 1907 4083 ita
1926 4012 2002 4111 ipse
2021 4013 2090 4084 luit
2112 4013 2203 4086 tristi
2228 4014 2355 4105 specie,

324 4136 572 4204 repressurusn
594 4117 730 4188 diaboli
755 4119 948 4209 potentiam
970 4131 1005 4188 ct
1026 4117 1196 4200 insidias,
1228 4114 1317 4183 sicut
1369 4139 1451 4184 cnm
1481 4114 1651 4186 sustinuit
1679 4129 1829 4185 mortem
1842 4127 1861 4196 ,¹
1883 4127 1917 4184 ct
1938 4114 2026 4183 alias
2047 4116 2203 4186 miserias
2226 4117 2264 4184 in
2292 4111 2358 4186 hac
2488 4149 2493 4158 ·

324 4216 501 4308 scriptum
529 4230 597 4288 est:
637 4216 753 4290 Filius
778 4217 847 4292 Dei
877 4215 1058 4313 apparuit,
1089 4230 1130 4288 ut
1159 4220 1320 4288 destruat
1372 4217 1457 4289 vita.
1513 4215 1684 4288 Palmites
1712 4230 1829 4288 autem
1858 4215 2056 4304 significant
2079 4216 2199 4286 omnia
2224 4230 2358 4287 caetera

322 4341 436 4408 opera
448 4318 597 4390 diaboli.
1370 4319 1528 4388 membra
1545 4314 1736 4388 Ecclesiae.
1788 4314 1898 4388 Docet
1913 4317 2023 4408 igitur
2037 4314 2200 4390 Christus
2216 4319 2263 4388 ita
2279 4341 2358 4389 cae-

428 4417 533 4492 lianc
540 4415 675 4493 Christi
690 4424 886 4516 potentiam
904 4423 1017 4512 magis
1031 4420 1320 4510 intelligeremus,
1369 4431 1445 4490 tera
1460 4421 1618 4491 membra
1635 4419 1813 4490 Ecclesiae
1830 4419 1962 4504 vivere,
1973 4433 2007 4490 et
2021 4421 2195 4490 foecunda
2209 4441 2302 4505 esse,
2328 4418 2360 4488 si

322 4520 354 4592 si
368 4537 589 4594 certaremus
602 4547 683 4595 oum
706 4527 847 4596 insidiis
868 4525 1026 4615 diaboli,
1057 4525 1121 4616 qni
1142 4523 1230 4594 alias
1250 4522 1320 4590 im-
1370 4522 1438 4612 ipsi
1460 4523 1531 4592 sint
1554 4522 1677 4593 inserti
1701 4522 1786 4606 fide,
1819 4516 1887 4593 hoc
1915 4534 1986 4605 est,
2020 4543 2100 4591 cum
2122 4517 2357 4609 Evangelium

321 4624 431 4714 pellit
455 4626 501 4695 ad
525 4625 594 4695 alia
616 4626 730 4710 mala,
761 4628 942 4698 interdum
965 4626 1178 4716 langnefacit
1200 4625 1318 4708 tidem,
1370 4626 1440 4694 fide
1469 4624 1642 4709 retinent,
1685 4637 1718 4694 et
1750 4625 1795 4693 ab
1828 4623 1905 4714 ipso
1926 4619 2067 4693 Christo
2095 4644 2159 4715 per
2182 4622 2357 4714 Spiritum

321 4739 357 4794 et
371 4725 533 4798 offundit
545 4727 615 4798 alia
637 4742 770 4820 spectra
793 4730 974 4801 moventia
994 4728 1253 4817 dubitationes,
1278 4740 1319 4796 ot
1369 4739 1529 4797 sanctum
1545 4751 1636 4796 nova
1653 4725 1689 4795 in
1706 4727 1756 4796 eis
1774 4727 1833 4796 lux
1849 4737 1883 4793 et
1899 4725 1969 4792 vita
1987 4725 2210 4808 accenditur,
2244 4737 2278 4794 et
2301 4723 2358 4793 di-

324 4828 370 4894 de
391 4827 577 4919 Apostolis
606 4830 754 4905 dicitur:
788 4831 939 4904 Satanas
966 4855 1031 4901 vos
1060 4829 1247 4926 expetivit,
1277 4843 1317 4898 ut
1369 4843 1514 4899 sertcac
1532 4831 1636 4919 plane
1659 4828 1761 4897 dicit:
1790 4825 1873 4896 Non
1895 4838 2077 4896 manentes
2098 4826 2136 4894 in
2159 4827 2254 4918 ipso,
2282 4849 2357 4894 non

326 4929 520 5016 crilsraret,
544 4931 631 5002 alias
650 4933 774 5005 incitat
797 4938 842 5004 ad
867 4935 935 5004 alia
959 4947 1118 5025 peccata,
1149 4945 1191 5001 ut
1207 4929 1318 5001 Davi·
1369 4932 1512 5022 gignere
1534 4932 1681 5002 fructus.
1740 4923 1907 5012 Ethnici,
1940 4923 2230 5014 Mahometistae,
2261 4925 2357 4997 Hae·
2429 5005 2436 5012 ⁸

329 5032 412 5100 dem
426 5033 471 5103 ad
485 5033 701 5104 adulterium
726 5036 897 5127 impellit,
929 5041 976 5107 de
998 5031 1056 5105 his
1078 5034 1159 5105 telis
1179 5032 1314 5104 diaboli
1370 5033 1468 5103 retici
1496 5056 1569 5102 non
1601 5033 1751 5122 gignunt
1773 5031 1866 5100 ullos
1888 5029 2057 5100 salutares
2082 5032 2237 5115 fructus,
2272 5029 2356 5121 qnia

333 5133 437 5204 variis
451 5134 613 5228 loquitur
629 5135 763 5210 Paulus
783 5139 909 5208 ultimo
935 5139 1048 5230 capite
1071 5140 1116 5232 pd
1132 5131 1317 5226 Ephesios,
1368 5148 1452 5205 sssnt
1469 5133 1615 5226 praecisi
1631 5137 1676 5203 ab
1690 5127 1755 5201 bac
1771 5131 1841 5204 vite
1856 5127 2018 5216 Christo,
2042 5133 2102 5202 sed
2119 5147 2203 5202 aunt
2224 5129 2356 5208 reiecti,
2404 5199 2407 5208 ,

334 5246 364 5302 et
385 5237 489 5308 docet
512 5259 553 5306 ea
575 5239 721 5328 repelli,
746 5242 979 5312 meditatione
993 5237 1178 5327 Evangelii
1204 5251 1238 5308 et
1261 5238 1318 5305 in·
1368 5253 1403 5308 et
1420 5239 1511 5308 sicut
1534 5248 1708 5306 sarmenta
1731 5235 1769 5303 in
1793 5235 1910 5323 ignem
1933 5234 2185 5314 coniicientur,
2220 5232 2293 5301 imo
2316 5226 2355 5306 hi

334 5341 515 5410 vocatione
527 5334 679 5419 Christi,
713 5342 776 5435 qui
797 5345 894 5413 adest
917 5341 1183 5426 invocantibus,
1215 5353 1251 5410 et
1272 5340 1317 5408 li·
1368 5340 1430 5432 qni
1446 5363 1520 5408 non
1537 5352 1620 5409 siant
1637 5335 1753 5407 hostes
1767 5331 1972 5427 Evangelii,
2005 5339 2065 5406 sed
2090 5351 2207 5408 tamen
2230 5335 2356 5404 vivunt

335 5433 429 5510 hcrat
443 5462 528 5527 nos,
554 5457 683 5513 etcum
702 5443 960 5517 inextricabilia
983 5442 1141 5517 humano
1165 5442 1315 5514 consilio
1368 5443 1407 5511 in
1423 5457 1602 5512 contemtu
1619 5437 1702 5525 Dei,
1738 5463 1802 5508 nec
1824 5437 1970 5508 aluntur
1992 5439 2113 5508 nativo
2135 5461 2237 5508 succo
2261 5435 2355 5520 vitis,

335 5542 515 5627 accidunt,
550 5557 590 5614 ut
604 5567 707 5639 saepe
722 5547 780 5633 bt,
813 5547 888 5640 ipse
913 5571 1036 5620 rursus
1056 5548 1201 5640 praebet
1223 5531 1317 5616 satu‘-
1368 5545 1405 5613 id
1428 5556 1497 5622 est,
1536 5541 1794 5634 perspiritum
1817 5555 1995 5626 sanctum,
2035 5561 2140 5635 quem
2166 5541 2226 5610 dat
2247 5531 2355 5607 Chri·

332 5652 418 5716 teres
431 5647 560 5720 esitus.
1368 5661 1462 5730 stus,
1502 5646 1606 5714 etiam
1629 5667 1703 5713 non
1725 5643 1875 5732 gignsmt
1895 5640 2031 5714 tructus
2056 5643 2240 5724 salutares,
2280 5659 2355 5708 non

1369 5763 1453 5819 sunt
1474 5743 1640 5818 haeredes
1663 5747 1755 5814 citae
1776 5737 1957 5825 aeternae,
1989 5767 2064 5817 non
2088 5743 2258 5815 resistunt
2277 5739 2354 5809 dia-

1370 5852 1472 5936 bolo,
1494 5851 1556 5921 sed
1571 5842 1763 5920 trabuntur
1780 5846 1817 5914 in
1833 5845 1993 6018 exitzirlrng.
