5825 6950
325 709 387 784 sor
586 705 590 710 ·
722 704 807 782 xu.
859 698 1157 822 manuario
1185 696 1444 781 travano.
1470 697 1685 780 roanuts.
1734 703 1840 782 car.
1866 707 1970 782 v1n.
2275 715 2351 790 eos

437 873 578 952 Servus
593 901 669 951 oon
683 885 807 950 maaet
821 875 862 949 io
878 871 987 950 dumo
1000 884 1182 975 perpetuo.
1356 876 1454 948 mani
1463 925 1475 956 ,
1506 890 1699 971 peccatum·
1717 892 1752 953 et
1777 880 1866 953 iram
1891 879 1977 968 Dei,
2009 895 2044 954 et
2069 905 2193 954 omnes
2215 907 2346 976 poenas

1356 994 1555 1069 praesentes
1577 994 1612 1052 et
1634 995 1806 1053 aeternas.
1860 980 1912 1054 lta
1936 1007 2057 1058 rursus
2074 980 2160 1057 haee
2175 1011 2242 1058 vor
2259 1013 2345 1080 pro·

1355 1081 1457 1173 ponit
1488 1082 1727 1154 dulcissimam
1755 1085 2052 1158 consolationem:
2087 1085 2127 1158 Si
2155 1089 2250 1160 lilius
2281 1115 2344 1160 vos

1354 1183 1578 1266 liberaverit,
1602 1208 1683 1256 vere
1705 1187 1920 1261 liberiestis.
1973 1185 2230 1281 complectitur
2245 1192 2342 1262 enirn

1353 1285 1601 1356 liberationem
1631 1311 1650 1356 a
1675 1291 1844 1378 peccatis,
1876 1290 1923 1360 ab
1943 1291 1996 1361 ira
2016 1289 2082 1362 Dei
2106 1307 2180 1362 eta
2206 1295 2342 1385 poenis,

1353 1381 1422 1457 hoe
1450 1401 1522 1478 est,
1553 1389 1814 1460 restitutionem
1845 1391 2022 1480 iusticias,
2052 1406 2087 1463 et
2110 1395 2341 1466 donationem

1351 1489 1484 1580 gloriae
1507 1505 1668 1562 aeternae
1691 1503 1725 1562 et
1747 1493 1912 1569 laetitiae.
1963 1493 2065 1583 Quae
2086 1519 2233 1568 munera
2254 1497 2341 1591 quia

1351 1615 1426 1662 non
1452 1592 1720 1682 intelligebant,
1751 1594 1830 1662 ideo
1859 1607 2029 1687 tanquam
2062 1597 2152 1667 ebrii
2176 1613 2211 1670 et
2234 1599 2340 1668 deliri

1350 1695 1519 1766 aberrant
1541 1717 1560 1764 a
1581 1695 1755 1766 sententia
1772 1691 1923 1781 Christi,
1949 1709 1984 1766 et
1999 1699 2177 1770 somniant
2194 1701 2341 1771 liberta-

413 1031 597 1104 Generale
613 1032 745 1104 dictum
764 1044 835 1117 est,
861 1054 1001 1101 servum
1020 1055 1093 1100 nou
1108 1053 1251 1103 manere
1267 1031 1307 1102 in

327 1135 467 1224 lamilia,
499 1134 538 1203 id
574 1147 643 1219 est,
679 1159 754 1204 non
783 1157 857 1203 esse
888 1128 1094 1218 haeredem,
1128 1147 1305 1205 ettamen

328 1242 423 1310 multo
450 1238 534 1330 plus
569 1251 638 1322 est,
678 1259 750 1306 esse
781 1258 920 1307 servum
945 1238 1098 1330 peccati,
1139 1251 1179 1308 ut
1202 1251 1305 1306 antea

329 1341 413 1412 dixit:
443 1340 581 1410 Servus
604 1340 735 1432 peccati
751 1352 802 1408 est
819 1360 900 1406 reus
917 1350 1077 1408 aeternae
1095 1337 1167 1407 irae
1181 1339 1251 1408 Dei
1270 1352 1306 1409 et

330 1444 434 1512 mortis
458 1456 647 1527 aeternae,
673 1465 737 1513 nec
761 1439 949 1534 quicquam
973 1439 1044 1510 dici
1068 1441 1221 1512 atrocius
1241 1455 1304 1512 aut

334 1545 443 1618 tristius
460 1549 508 1614 de
526 1556 655 1615 natura
669 1537 824 1612 bumana
843 1553 973 1633 potest,
1001 1565 1105 1634 quam
1130 1567 1204 1612 esse
1226 1566 1303 1612 ser·

339 1671 395 1716 suu
416 1645 569 1738 peccati.
625 1639 758 1714 Omnia
782 1637 868 1713 haec
891 1642 1013 1714 insunt
1035 1642 1074 1712 in
1104 1639 1171 1714 hoc
1194 1644 1302 1732 dicto,

337 1765 473 1818 naturam
504 1743 699 1818 humanam
723 1769 795 1815 esse
821 1756 978 1814 aversam
1001 1767 1021 1816 a
1044 1742 1141 1832 Deo,
1175 1759 1302 1817 coutu-

335 1875 443 1920 naeem
465 1847 638 1918 adversus
657 1845 793 1933 Deum,
826 1846 997 1917 abiectam
1021 1843 1154 1930 aDeo,
1192 1850 1302 1919 desti·
1334 1893 1338 1900 ·

331 1969 424 2022 uatem
442 1953 489 2020 ad
506 1965 666 2020 aeternas
681 1963 716 2022 et
727 1944 917 2018 horribiles
932 1971 1080 2039 poenas,
1107 1951 1300 2021 subiectam

330 2053 494 2148 tyrannidi
510 2053 666 2138 diaboli,
691 2075 765 2120 non
790 2075 889 2142 posse
915 2051 1060 2120 liberari
1087 2053 1132 2122 ab
1148 2053 1200 2122 ira
1220 2049 1301 2138 Dei,

330 2155 480 2248 etpoeois
493 2153 665 2239 aeternis,
691 2154 834 2246 propria
853 2153 1000 2227 iusticia.
1033 2151 1172 2223 Horum
1189 2154 1301 2226 malo-

331 2283 389 2328 rum
405 2257 615 2346 magnitudo
632 2279 707 2326 non
723 2250 1036 2347 comprehenditur
1052 2257 1096 2324 ab
1114 2256 1185 2326 ulla
1202 2280 1300 2327 erea-

333 2375 408 2445 tura,
426 2361 487 2429 sed
506 2358 626 2452 aliqua
650 2381 690 2428 ex
714 2375 815 2456 parte
835 2356 993 2448 agnoscit
1015 2350 1078 2425 has
1104 2373 1218 2439 tantas
1241 2384 1299 2428 ae·
1448 2349 1542 2426 Cum
1560 2354 1683 2428 ludaei
1698 2357 1906 2430 dicereot'se
1921 2359 2053 2429 liberos
2070 2381 2162 2444 esse,
2186 2359 2339 2428 uteban-

339 2485 470 2547 uuuum,
498 2460 596 2532 inter
611 2473 663 2531 tot
677 2455 854 2530 horrenda
870 2460 969 2548 signa
984 2459 1057 2528 irae
1071 2456 1157 2544 Dei,
1192 2473 1225 2530 et
1242 2461 1300 2529 in·
1347 2469 1407 2528 tur
1428 2451 1498 2526 hoc
1520 2473 1747 2548 argumento:
1774 2459 1868 2548 Quia
1884 2483 2006 2531 sumus
2022 2485 2142 2530 semen
2161 2455 2338 2543 Abrahae,

342 2578 506 2654 terpoeuas
521 2563 766 2658 quotidianas,
800 2557 975 2644 Ecclesia,
1008 2585 1095 2654 quae
1122 2561 1193 2650 agit
1216 2587 1299 2654 poe·
1348 2560 1405 2629 cui
1426 2560 1515 2630 lacta
1534 2574 1585 2630 est
1602 2561 1787 2652 promissio
1807 2565 1957 2654 regulet
1973 2561 2163 2646 libertatis,
2190 2563 2338 2657 ecquod

334 2666 514 2745 silentiam,
549 2677 584 2734 et
607 2665 672 2733 seit
697 2687 733 2732 se
755 2663 947 2732 subiectam
971 2663 1025 2730 illi
1049 2663 1184 2753 ingenti
1211 2666 1298 2735 moli
1347 2657 1443 2730 Deus
1475 2657 1647 2732 hactenus
1679 2665 1851 2748 servavit,
1891 2688 1937 2734 ne
1969 2663 2137 2734 servitute
2169 2676 2338 2755 perpetua

330 2791 559 2836 aerumnarum
581 2780 726 2858 propter
756 2780 948 2856 peccatum.
1005 2761 1092 2834 Plus
1117 2779 1167 2834 cst
1191 2767 1299 2856 igitur
1348 2762 1625 2854 opprimeretur,
1651 2765 1791 2834 etiamsi
1815 2767 1859 2835 ad
1883 2780 2033 2856 tempus·
2046 2765 2238 2858 castigavit.
2292 2765 2337 2834 ld

1350 1809 1421 1866 tem
1438 1796 1619 1888 politicam
1639 1810 1675 1868 et
1687 1797 1856 1888 imperia,
1883 1812 1917 1868 et
1930 1802 2124 1870 ostendunt
2139 1823 2176 1874 se
2193 1824 2339 1896 prorsus

1350 1921 1414 1967 nec
1438 1898 1600 1967 miserias
1622 1893 1814 1986 humanas,
1839 1923 1905 1972 nec
1927 1902 2198 1996 promissionem
2222 1907 2339 1976 Abra·

1348 1995 1415 2070 hae
1430 1999 1639 2091 intelligere.

1511 2198 1597 2275 Scio
1619 2199 1724 2304 quod
1742 2227 1861 2278 semen
1884 2199 2062 2278 Abrabae
2080 2205 2177 2281 estis.

327 2869 422 2938 dicere
438 2892 583 2938 servum
601 2867 752 2958 peccati,
779 2891 883 2960 quam
906 2867 1115 2956 generaliter
1133 2869 1202 2937 dici
1225 2892 1299 2937 ser-
1347 2879 1593 2954 argumentum
1619 2868 1717 2958 prius
1738 2867 1904 2938 refutavit
1920 2863 2083 2939 Christus
2100 2869 2336 2960 descriptione
2456 2883 2462 2890 ‘

326 2995 402 3042 rum.
462 2969 556 3040 Nam
585 2991 707 3040 servus
739 2969 951 3065 generaliter
982 2993 1043 3040 seu
1072 2967 1170 3039 civili
1199 2995 1298 3040 more
1346 2965 1544 3038 servitutis:
1570 2966 1643 3055 Qui
1665 2970 1963 3060 iacitpeccatum,
1989 2971 2334 3061 servusestpeccati,

323 3065 628 3164 estcaptivusheri
651 3071 726 3156 sui,
759 3083 917 3140 servatus
940 3069 984 3138 ad
1009 3070 1145 3164 aliquas
1164 3097 1298 3163 operas,
1346 3082 1381 3138 et
1418 3068 1572 3138 ostendit
1606 3093 1643 3139 se
1673 3067 1746 3140 nou
1779 3071 1879 3166 loqui
1908 3073 1953 3141 de
1980 3072 2123 3164 politica
2155 3074 2335 3144 servitute.

322 3189 346 3241 et
357 3177 563 3244 demensum
580 3173 766 3262 accipiens.
817 3172 919 3241 Talis
939 3185 1015 3243 erat
1027 3187 1062 3240 et
1075 3175 1228 3263 populus
1246 3176 1300 3243 le·
1345 3167 1451 3238 Nune
1472 3169 1571 3239 addit
1586 3172 1696 3260 magis
1711 3173 1870 3242 odiosam
1887 3173 2155 3258 relutationem‚
2180 3175 2226 3244 ab
2240 3176 2335 3265 ipso-

320 3277 374 3364 gis,
398 3277 551 3346 meliore
573 3276 798 3358 conditione,
829 3297 935 3366 quam
953 3267 1111 3345 Ethuici.
1160 3277 1298 3347 Omnes
1346 3294 1426 3340 rum
1444 3270 1603 3360 personis
1622 3288 1790 3342 sumtum:
1819 3271 1892 3342 Vos
1909 3273 1974 3344 etsi
1989 3275 2071 3344 estis
2084 3299 2202 3344 semen
2219 3271 2334 3344 Abra-

320 3379 456 3468 pariter,
493 3377 626 3470 posteri
649 3371 817 3446 Abrahae
839 3391 874 3444 et
897 3368 1061 3457 Ethnici,
1092 3391 1177 3447 scint
1205 3377 1296 3445 servi
1346 3367 1412 3440 hae
1434 3372 1629 3442 secundum
1654 3396 1815 3454 carnem,
1840 3387 1956 3446 tamen
1979 3375 2062 3467 quia
2079 3376 2160 3445 estis
2175 3377 2238 3446 lilii
2257 3378 2334 3446 dia-

318 3482 652 3571 peecatisecuudum
677 3496 863 3561 naturam,
893 3480 955 3545 sed
975 3490 1094 3547 tamen
1114 3480 1213 3549 Deus
1234 3482 1296 3547 de·
1345 3474 1440 3559 boli,
1466 3497 1540 3543 non
1562 3474 1644 3545 estis
1661 3475 1720 3544 illa
1738 3477 1923 3569 posteritas
1940 3478 2113 3571 particeps
2128 3462 2334 3570 promissih-
2418 3536 2423 3547 .

318 3582 388 3671 legit
402 3606 525 3652 semen
542 3575 728 3664 Abrahae,
752 3596 793 3651 ut
818 3578 965 3649 serviret
982 3579 1049 3669 ipsi
1067 3580 1105 3648 in
1122 3575 1193 3650 hac·
1205 3583 1297 3669 poli·
1346 3576 1402 3645 nis
1425 3570 1604 3647 Abrahae.
1658 3574 1735 3649 Hoc
1757 3580 1908 3649 dictum:
1944 3576 2027 3651 Scio
2052 3583 2146 3674 quod
2172 3582 2254 3651 estis
2277 3604 2333 3650 se·

316 3685 373 3767 tia,
404 3686 445 3753 iu
471 3706 601 3778 quase
625 3685 820 3773 patefacere
841 3680 972 3763 voluit,
1010 3696 1044 3749 et
1073 3684 1298 3771 promulgare
1345 3702 1427 3747 men
1444 3672 1633 3765 Abrahae,
1659 3704 1727 3749 vox
1742 3693 1793 3750 est
1808 3681 2048 3775 deplorantis,
2074 3683 2170 3775 quod
2186 3682 2240 3751 illi
2256 3682 2335 3773 ipsi,

319 3788 476 3870 recisum,
509 3799 546 3856 et
568 3784 707 3854 mittere
727 3785 839 3853 lilium
864 3780 970 3852 huius
994 3777 1161 3873 hospitii,
1195 3775 1295 3877 c'puasi
1346 3783 1406 3873 qui
1437 3781 1614 3853 debebant
1646 3804 1718 3851 esse
1741 3776 1919 3867 Ecclesia,
1951 3798 2035 3853 sunt
2065 3779 2183 3854 hostes
2209 3782 2277 3852 Dei
2301 3798 2335 3853 et

269 3900 270 3922 ¹
316 3890 495 3957 anensem
509 3910 571 3957 seu
587 3886 766 3965 villicum,
798 3881 894 3954 huuc
917 3885 1088 3974 populum
1114 3903 1297 3957 uatumer
1348 3878 1534 3955 Ecclesiae.
1586 3880 1669 3953 Scio
1692 3906 1753 3952 vos
1777 3907 1850 3953 esse
1872 3900 1973 3957 natos
1991 3909 2031 3954 ex
2049 3880 2214 3955 Abrahae
2228 3886 2333 3953 semi-

313 3986 514 4080 Abraham,
537 3990 576 4057 iu
591 4012 662 4081 quo
682 4003 798 4059 tamen
814 3988 928 4056 volarit
942 3986 1047 4054 simul
1069 4010 1142 4056 esse
1158 3988 1295 4081 aliquos
1345 4008 1408 4068 ne,
1443 3983 1516 4051 scio
1547 4007 1609 4056 vus
1636 3984 1773 4074 magnis
1802 3986 1981 4055 miraculis
2014 4001 2154 4056 vocatos
2185 4011 2259 4057 esse
2289 3988 2335 4055 ad

313 4092 493 4183 participes
507 4091 699 4182 promissae
718 4085 956 4170 haereditatis,
982 4091 1042 4155 sed
1059 4112 1133 4157 non
1151 4107 1296 4181 propter
1345 4083 1563 4175 agnitionem
1590 4084 1676 4171 Dei,
1723 4102 1756 4159 et
1795 4088 1916 4157 multis
1954 4088 2079 4157 seculis
2111 4090 2272 4159 defensos
2299 4103 2335 4157 ct

315 4196 486 4283 politiam,
509 4193 601 4264 sicut
616 4192 723 4264 etiam
749 4216 790 4259 er
807 4188 973 4261 Etbuicis
994 4191 1134 4259 vocavit
1156 4193 1296 4285 aliquos
1345 4187 1535 4257 collocatos
1566 4188 1604 4255 in
1634 4210 1774 4259 summo
1800 4184 1936 4259 honore
1958 4190 1995 4258 in
2019 4203 2094 4261 toto
2116 4184 2242 4281 g'euere
2265 4184 2335 4258 hu-

313 4299 351 4364 ,d
374 4297 584 4387 promiscam
603 4288 867 4364 haereditatem,
919 4288 989 4361 Sed
1009 4286 1294 4363 ludaciconren.
1345 4313 1471 4369 mano,
1499 4301 1539 4359 ut
1560 4288 1637 4358 sitis
1658 4293 1820 4360 cristodes
1842 4307 1875 4361 et
1898 4316 2087 4383 praecones
2101 4294 2169 4366 mei
2187 4292 2285 4361 verbi
2301 4305 2335 4361 et

312 4398 436 4467 debant
453 4420 492 4467 se
506 4410 652 4488 propter
667 4396 827 4486 politiam
841 4390 976 4481 etlegis
992 4416 1099 4481 opera
1123 4416 1195 4463 esse
1212 4390 1296 4465 hae·
1345 4390 1609 4481 promissionis,
1641 4416 1710 4483 qua
1739 4394 1876 4461 reddita
1900 4407 1951 4463 est
1974 4392 2068 4463 salus
2092 4390 2250 4464 humano
2274 4418 2334 4483 ge-

312 4502 407 4569 redes
424 4499 585 4569 iusticiac
604 4512 637 4567 et
651 4498 785 4586 gloriae
799 4510 973 4579 aeternae,
1002 4495 1038 4562 id
1053 4494 1296 4566 refutatChri-
1345 4490 1437 4561 ueri.
1489 4492 1586 4564 Haec
1610 4493 1729 4563 omnia
1752 4494 1884 4563 maiora
1906 4508 2010 4579 suut,
2036 4520 2140 4588 quam
2160 4511 2200 4567 ut
2218 4496 2334 4564 verbis

311 4616 381 4669 stus
396 4602 538 4670 duobus
554 4600 688 4668 modis:
725 4596 885 4667 Primum
901 4596 1013 4665 atroci
1026 4600 1296 4667 condemnatio·
1345 4594 1513 4682 explicari
1541 4594 1625 4665 satis
1650 4598 1796 4687 possint.
1857 4592 2042 4666 Assentior
2067 4620 2148 4686 ergo
2173 4620 2235 4667 vos
2260 4621 2335 4665 esse

311 4726 368 4771 ne:
393 4700 762 4791 Quitaciepcccscum,
787 4722 908 4769 servm
918 4712 969 4765 ess
979 4699 1123 4789 pcccati.
1156 4698 1295 4771 Deinde
1345 4720 1465 4763 semen
1487 4690 1651 4767 Abrabae
1671 4700 1866 4767 secuudum
1890 4720 2052 4777 caruem,
2078 4712 2112 4768 cc
2132 4712 2274 4769 vocatos
2289 4704 2334 4768 ad

312 4805 459 4889 generali
490 4802 670 4893 exemplo,
717 4802 814 4871 nude
849 4799 1006 4870 nascitur
1033 4817 1296 4890 argumentum,
1346 4821 1495 4885 regnum
1513 4794 1602 4882 Dei,
1627 4812 1662 4869 et
1681 4799 1785 4869 doleo
1805 4820 1868 4868 vos
1890 4822 1963 4869 non
1980 4820 2168 4889 agnoscere
2184 4814 2335 4871 vestram

314 4907 403 4997 quod
426 4920 556 4976 vocant
579 4925 599 4974 a
620 4904 772 4973 maiore:
804 4902 934 4972 Nullus
956 4926 1078 4970 servus
1098 4918 1151 4973 est
1174 4900 1296 4973 haeres
1348 4899 1589 4977 vocationem,
1625 4912 1660 4971 et
1690 4924 1769 4970 cum
1799 4924 1837 4969 es
1863 4900 2002 4971 rabioso
2024 4924 2193 4993 pugnare·
2251 4902 2334 4973 Nou

311 5009 511 5079 facultatum
527 5000 626 5089 heri,
652 5028 737 5096 ergo
759 5005 873 5075 multo
892 5003 1111 5088 minuseos,
1137 5006 1296 5097 qcciertis
1346 5000 1430 5070 estis
1460 5000 1569 5088 igitur
1599 5023 1679 5071 vera
1712 5001 1897 5093 posteritas
1929 4998 2115 5089 Abrahae,
2160 5005 2335 5097 particeps

313 5110 399 5178 servi
412 5108 556 5203 peccati.
606 5103 655 5177 Et
670 5130 875 5200 quanquam
897 5105 1024 5174 delecti
1048 5106 1130 5174 estis
1153 5108 1197 5173 ad
1220 5132 1296 5176 cer·
1346 5100 1538 5189 promissae
1563 5102 1844 5187 benedictionis,
1875 5106 1936 5174 sed
1962 5104 2109 5175 miserae
2134 5104 2245 5191 feces,
2270 5110 2336 5174 ab·
2379 5125 2382 5138 ’

312 5228 380 5279 tam
395 5208 711 5301 politiam‚tarnen
733 5221 878 5301 propter
894 5202 986 5275 hanc
1012 5230 1088 5275 non
1111 5207 1194 5279 estis
1211 5206 1296 5281 hae.
1347 5205 1454 5274 tectae
1482 5198 1619 5289 aDeo,
1652 5205 1735 5293 quia
1767 5204 1926 5293 neglecto
1958 5208 2066 5277 verbo
2090 5204 2156 5276 Det
2184 5206 2335 5277 finxistis

313 5316 417 5389 redes.
466 5312 594 5385 Postea
606 5311 708 5385 addit
722 5306 929 5385 antithesin.
1347 5305 1449 5374 vobis
1463 5328 1572 5375 novas
1585 5304 1782 5397 opiniones,
1806 5322 1841 5379 et
1855 5331 1951 5377 nuuc
1966 5304 2336 5381 adversaminiEvau·

1345 5406 1450 5503 gelio.
1501 5404 1605 5479 lianc
1621 5406 1717 5475 euim
1735 5430 1875 5481 eausam
1891 5408 2030 5501 allegat.

331 5510 404 5586 Sed
415 5512 575 5611 sifidius
598 5538 659 5587 vos
680 5508 908 5601 liberaverit,
941 5536 1018 5583 aere
1038 5510 1149 5584 liberi
1167 5512 1278 5583 eritis.

410 5667 458 5740 Ut
480 5691 589 5759 sopra
610 5662 703 5737 nihil
729 5667 865 5737 tristius
885 5666 957 5734 dici
979 5667 1092 5754 potuit
1112 5661 1177 5735 hac
1195 5688 1295 5737 voce:
1461 5604 1590 5680 S⁶rm⁰
1613 5632 1712 5681 ”¹⁶⁸⁸
1736 5634 1809 5681 ⁰⁰⁰
1834 5619 1933 5711 mim
1954 5637 1994 5683 m
2018 5608 2138 5701 νοω-9»
2168 5622 2229 5688 ²¹⁶·

315 5765 388 5853 Qui
402 5785 576 5861 peccatum
592 5768 697 5853 iacit,
723 5791 845 5839 servm
864 5782 916 5837 est
932 5768 1077 5857 peceati.
1127 5765 1294 5854 Comple·
1448 5760 1522 5833 Nec
1543 5784 1633 5853 opus
1656 5778 1706 5835 est
1729 5759 1800 5835 huc
1821 5782 1995 5836 accersere
2017 5766 2271 5858 disputationes
2293 5770 2337 5839 dc

317 5868 418 5939 esitus
433 5872 528 5945 enim
548 5870 801 5945 universaliter
824 5869 944 5941 omnia
969 5870 1063 5943 mala
1079 5869 1217 5959 generis
1237 5863 1308 5944 bu·
1346 5864 1671 5960 praedestinatione
1696 5866 1893 5961 longiores.
1961 5866 2110 5943 Causam
2139 5870 2338 5941 reiectionis
