5825 6950
547 677 625 755 875

288 858 295 865 ’
418 864 422 867 ’
553 852 769 935 luctantem,
792 863 829 923 et
841 847 975 942 libera,
997 870 1039 915 ac
1055 854 1110 917 me
1124 843 1166 913 in
1179 868 1256 915 eam
1272 843 1421 933 gloriam
1437 844 1542 915 resti-

537 968 634 1034 .tue,
660 976 762 1046 qaam
778 953 873 1043 apud
890 962 925 1021 ts'
942 948 1048 1021 initio
1065 945 1195 1031 habui,
1220 961 1409 1037 antequam
1434 970 1542 1016 mun·

552 1058 623 1125 dus
635 1054 859 1136 conderetur,
876 1065 919 1130 „et
930 1066 970 1120 nt
984 1072 1091 1137 supra
1108 1051 1148 1119 in
1164 1048 1402 1140 appellatione
1416 1044 1543 1133 Patris,

554 1158 604 1227 ita
622 1150 679 1224 bic
693 1155 732 1223 in
749 1153 985 1248 appellatione
994 1149 1080 1220 Filii
1090 1150 1382 1221 commonefactio
1394 1163 1447 1222 est
1460 1174 1543 1221 rnu-

555 1258 609 1328 tui
626 1258 768 1329 amoris.
820 1253 993 1349 Sequitur
1008 1276 1110 1323 causa
1124 1252 1260 1338 finalis,
1286 1277 1350 1321 cur
1367 1265 1461 1345 petat
1477 1276 1543 1323 au·

554 1358 682 1429 silium
698 1372 734 1429 et
747 1356 1015 1439 liberationem,
1040 1368 1081 1425 ut
1102 1368 1137 1423 et
1157 1354 1268 1424 titius
1283 1368 1365 1424 tuus
1382 1369 1416 1425 te
1432 1354 1544 1443 glori-

555 1462 654 1546 ficet,
679 1458 717 1527 id
734 1475 804 1531 est:
831 1455 901 1527 Hic
915 1479 1004 1549 agon
1022 1455 1103 1526 ideo
1118 1479 1139 1524 a
1154 1470 1188 1526 te
1204 1455 1390 1527 ordinatus
1407 1470 1478 1541 est,
1503 1468 1544 1525 nt

556 1556 624 1630 hac
641 1586 717 1630 mea
732 1559 930 1631 obedientia
947 1558 1091 1629 satisfiat
1108 1557 1268 1629 iusticiae
1292 1573 1391 1649 tuac,
1417 1560 1468 1628 ira
1488 1559 1544 1628 iu-

557 1662 710 1732 stissima
734 1662 794 1731 bat
814 1660 967 1751 placata,
1000 1658 1161 1729 deleatur
1185 1675 1386 1751 peccatum,
1422 1675 1457 1731 et
1477 1660 1544 1730 tibi

556 1760 757 1833 haereditas
773 1787 868 1843 rnea,
901 1760 1068 1833 videlicet
1090 1760 1246 1831 Ecclesia
1270 1786 1349 1830 meo
1372 1762 1544 1851 sanguiue

558 1865 776 1948 redimatur,
816 1862 1037 1934 celebratura
1066 1877 1100 1933 te
1120 1864 1159 1932 in
1190 1876 1383 1936 aeternum.
1441 1862 1544 1933 Hauc

555 1970 697 2037 causam
713 1966 854 2037 finalem
872 1964 1140 2055 glorificationis
1163 1981 1339 2045 recenset,
1373 1979 1414 2035 ut
1437 1990 1545 2035 omne

557 2072 654 2163 quod
672 2068 802 2139 dedisti
816 2068 871 2155 ei,
893 2070 952 2139 det
965 2067 1015 2139 eis
1032 2068 1140 2138 vitam
1163 2080 1354 2138 aeternam.

745 2268 851 2345 Haec
875 2278 997 2343 autem
1022 2278 1075 2342 est
1099 2269 1176 2345 vita
1200 2279 1365 2346 aeterna.

660 2436 742 2514 Boc
771 2440 907 2513 dictum
939 2440 1035 2511 inter
1062 2439 1250 2533 praecipua
1281 2455 1332 2513 est
1361 2441 1547 2513 universae

555 2542 780 2634 evangelicae
817 2543 1051 2629 narrationis,
1097 2544 1334 2634 complectens
1372 2567 1546 2614 summam

557 2642 765 2736 Evangelii,
803 2646 899 2738 quod
928 2644 977 2715 ita
1007 2658 1060 2715 est
1088 2646 1304 2735 affigendum
1336 2646 1477 2731 animo,
1508 2659 1547 2715 ut

558 2748 761 2839 saepissime
781 2745 974 2835 cogitetur,
1000 2760 1035 2817 et
1057 2750 1312 2837 opponendum
1343 2748 1431 2838 legi,
1466 2742 1547 2838 phi-

559 2844 761 2940 losophiae,
800 2842 963 2918 ethnicae
990 2847 1202 2939 sapientiae,
1234 2846 1388 2919 Iudaicis
1408 2862 1443 2919 et
1466 2848 1548 2919 Ma·-

559 2946 745 3020 hometicis
759 2948 960 3035 lusoribus,
986 2962 1026 3020 et=
1041 2951 1209 3021 omnibus
1224 2946 1390 3022 humanis
1405 2950 1547 3042 opinio-

558 3052 669 3121 nibus
683 3053 728 3121 de
742 3050 816 3120 vita
839 3051 959 3135 beata,
993 3064 1028 3121 et
1049 3053 1223 3134 cultibus,
1256 3075 1347 3145 quos
1374 3054 1547 3143 excogita-

559 3169 646 3225 runt
661 3150 823 3222 bomines
839 3172 934 3222 extra
955 3148 1200 3242 Evangelium.
1250 3150 1411 3223 Primum
1429 3171 1546 3226 autem

558 3248 619 3325 hic
637 3251 798 3324 miranda
814 3254 973 3324 delinitio
989 3256 1080 3325 vitae
1094 3270 1256 3326 aeternae
1272 3257 1457 3343 recitatur,
1485 3284 1548 3328 vo-

558 3372 616 3428 cat
638 3356 854 3447 agnitionem
872 3355 945 3425 veri
960 3353 1028 3427 Dei
1053 3370 1088 3426 et
1111 3353 1266 3442 Christi,
1290 3360 1385 3451 quod
1411 3358 1547 3431 intelli·

560 3475 665 3551 gatur
680 3462 725 3528 dc
740 3458 812 3530 vita
828 3458 969 3543 lutura,
993 3462 1087 3531 etde
1105 3458 1308 3530 incoatione
1326 3460 1418 3530 vitae
1434 3477 1546 3533 aeter·

561 3587 629 3630 uae
645 3560 683 3629 in
701 3558 766 3631 bac
779 3561 954 3653 praesenti
971 3559 1062 3642 vita,
1082 3563 1261 3632 defutura
1280 3563 1547 3635 usitatissimum

560 3676 613 3732 est
635 3663 705 3732 dici
725 3687 804 3733 eam
830 3687 904 3733 esse
926 3676 1152 3752 conspectum
1176 3661 1264 3744 Dei,
1292 3689 1354 3734 seu
1376 3667 1548 3737 visionem

560 3763 647 3849 Dei,
672 3778 706 3834 et
720 3778 814 3835 recte
827 3766 876 3836 ita
889 3764 1031 3838 dicitur.
1055 3761 1147 3834 Cum
1163 3765 1258 3834 enirn
1274 3791 1374 3836 rneus
1392 3763 1547 3839 bumana

559 3863 677 3936 Deum
703 3867 877 3936 faventem
902 3889 1020 3935 coram
1047 3866 1213 3954 aspiciet,
1254 3869 1465 3938 accendetur
1491 3871 1548 3940 in-

561 3967 774 4037 enarrabilis
786 3967 938 4050 laeticia,
962 3985 1002 4038 ut
1016 3969 1154 4038 erudite
1168 3969 1258 4039 dixit
1266 3968 1488 4060 Augustinus
1505 3975 1550 4043 de

563 4068 693 4138 beatis:
729 4065 886 4137 Tantum
906 4071 1130 4156 gaudebunt,
1167 4083 1339 4163 quantum
1368 4075 1551 4160 amabunt,

564 4184 703 4239 tautum
726 4171 914 4251 amabunt,
946 4183 1120 4262 quantum
1147 4185 1369 4260 cognoscent.
1428 4171 1550 4246 lntue·

565 4271 702 4341 buntur
713 4284 831 4340 autem
845 4272 964 4341 Deum
981 4272 1223 4342 ostendentem
1238 4297 1275 4340 se
1292 4274 1463 4346 immensa
1483 4279 1551 4348 mi-

564 4373 775 4456 sericordia,
800 4387 835 4444 et
853 4373 1119 4464 patefacientem
1143 4373 1351 4466 sapientiam
1371 4399 1492 4463 suam,
1517 4397 1551 4451 et

565 4475 663 4558 luce,
687 4475 877 4564 sapientia,
898 4474 1057 4560 iusticia,
1083 4475 1174 4560 vita,
1200 4490 1235 4546 et
1257 4477 1389 4548 laetitia
1410 4494 1550 4552 aeterna

566 4600 632 4646 nos
648 4576 866 4670 implentem.

667 4711 737 4785 Sed
753 4711 887 4784 dictum
907 4709 1043 4784 Christi
1065 4711 1134 4784 boc
1157 4716 1234 4786 loco
1258 4741 1332 4786 non
1354 4731 1490 4789 tantum
1507 4721 1551 4789 de

1058 735 1065 746 .
1137 668 1273 745 enta.
1295 668 1413 745 Mat.
1440 668 1650 745 SCRIPTA
1674 668 2006 747 hamericus
2136 725 2140 733 -

2509 674 2584 749 876

1592 846 1688 915 videt
1703 846 1848 935 patrem.
1896 842 1961 916 Est
1980 866 2063 934 ergo
2071 843 2234 916 -incostio
2249 830 2343 917 vitae
2358 862 2525 919 aeternae
2541 851 2577 918 iu

1592 942 1658 1017 hac
1678 948 1767 1033 vita,
1800 946 1869 1015 lide
1893 942 1990 1016 hunc
2009 946 2193 1017 amoenum
2217 946 2351 1032 Deum,
2390 952 2454 1043 qui
2488 950 2582 1019 misit

1591 1050 1703 1117 lilium
1733 1046 1849 1117 lesum
1866 1042 2070 1133 Christum,
2093 1048 2286 1138 agnoscere
2307 1051 2485 1140 placatum
2510 1072 2582 1121 esse

1593 1174 1655 1241 per
1669 1150 1803 1229 lilium,
1828 1162 1863 1219 et
1876 1171 1957 1219 eum
1982 1148 2167 1234 invocare,
2190 1167 2318 1243 petere
2342 1164 2377 1223 et
2399 1166 2584 1243 expectare

1592 1252 1870 1321 consolationem
1890 1250 1927 1319 in
1944 1252 2113 1321 omuibus
2133 1251 2326 1325 aerumnis.
2378 1250 2478 1327 llaec
2495 1278 2585 1323 con·

1592 1353 1719 1423 solatio
1743 1353 1781 1421 in
1804 1353 1895 1421 veris
1919 1353 2113 1443 angoribus
2134 1368 2186 1425 est
2207 1370 2331 1443 gustus
2351 1355 2446 1427 vitae
2470 1370 2588 1427 aeter·

1592 1480 1677 1540 nae,
1704 1456 1835 1547 dequo
1860 1449 1919 1524 bic
1933 1455 2088 1541 dicitur,
2111 1468 2147 1525 et
2168 1456 2303 1549 dequo
2325 1453 2481 1543 Paulus,
2506 1455 2587 1529 Pen-

1594 1582 1689 1627 man.
1703 1570 1846 1627 octavo:
1874 1552 2069 1649 decepistis
2083 1554 2249 1651 spiritum
2262 1558 2469 1654 adoptionis
2492 1558 2586 1629 lilio-

1594 1682 1693 1743 rum,
1719 1682 1791 1751 quo
1804 1657 1997 1729 clamamus
2005 1653 2109 1729 Abba
2126 1671 2236 1751 pater,
2261 1672 2298 1729 et
2310 1655 2525 1733 &Corinth
2537 1661 2586 1731 be

1594 1760 1750 1852 Spiritus
1768 1758 1931 1844 vivificat,
1956 1759 2073 1845 idest,
2098 1760 2304 1831 consolatur
2318 1762 2586 1852 perterrefactos

1596 1876 1747 1942 mentes,
1774 1875 1809 1932 et
1826 1860 1988 1953 accendit
2004 1860 2048 1930 in
2072 1860 2123 1931 eis
2146 1875 2277 1933 novam
2301 1862 2430 1951 vitam,
2456 1864 2587 1953 lucem,

1595 1966 1631 2032 id
1649 1977 1725 2049 est,
1745 1962 1952 2053 sapientiam
1976 1975 2010 2034 et
2031 1962 2219 2039 iusticiam.
2270 1958 2368 2035 Haec
2388 1964 2484 2037 liunt
2506 1966 2587 2053 lide,

1596 2091 1676 2136 curn
1697 2066 1802 2135 corda
1823 2076 2019 2153 agnoscunt
2036 2060 2104 2137 Dei
2121 2064 2400 2139 misericordiam
2423 2085 2457 2138 et
2482 2068 2585 2137 auxi·

1596 2168 1703 2253 lium,
1742 2180 1776 2237 et
1803 2165 1841 2235 in
1857 2162 1932 2267 Deo
1947 2166 2015 2238 lide
2029 2180 2175 2261 propter
2191 2168 2424 2241 mediatorem
2440 2170 2587 2265 acquie-

1596 2284 1709 2347 scunt.

1697 2369 1778 2443 Huc
1794 2370 1973 2465 pertinent
1990 2372 2104 2445 multa
2128 2370 2242 2459 dicta,
2276 2394 2367 2465 quae
2395 2372 2518 2443 omnia
2543 2376 2586 2443 de

1596 2470 1662 2545 hac
1677 2498 1747 2544 una
1763 2490 1798 2546 et
1814 2478 1935 2545 eadem
1951 2472 2278 2559 rescencionantur,
2300 2488 2341 2544 ut
2356 2469 2486 2545 Matth.
2506 2478 2585 2549 ll.:

1598 2574 1725 2647 Venite
1742 2578 1786 2647 ad
1807 2598 1863 2645 me
1879 2577 2080 2670 omnesqui
2096 2574 2266 2648 laboratis
2282 2591 2317 2649 et
2333 2576 2470 2647 onerati
2487 2578 2584 2663 estis,
2641 2598 2642 2623 ³

1597 2692 1631 2749 et
1645 2700 1707 2769 ego
1723 2678 1876 2748 reficiam
1893 2700 1965 2749 vos.
2016 2676 2142 2751 loann.
2156 2676 2212 2752 'az
2238 2674 2278 2749 si
2302 2676 2384 2773 quis
2401 2678 2487 2761 sitit,
2512 2702 2580 2746 ve-

1596 2780 1674 2852 niat
1688 2784 1730 2851 ad
1747 2803 1803 2849 me
1827 2793 1861 2850 et
1879 2779 1990 2855 bibat.
2040 2776 2115 2869 Qui
2137 2778 2250 2851 credit
2271 2777 2310 2848 in
2334 2794 2408 2864 me,
2430 2778 2586 2852 humina

1596 2906 1708 2977 aquae
1725 2884 1823 2952 vi'vae
1840 2880 1953 2952 fluent
1968 2883 2014 2951 de
2028 2894 2153 2952 ventre
2167 2880 2255 2957 eius.
2307 2879 2434 2953 loann.
2455 2882 2510 2952 8.:
2544 2880 2585 2953 Si

1597 2984 1678 3078 quis
1690 3006 1889 3057 sermonem
1904 3006 2023 3053 meum
2046 2997 2182 3069 servat,
2212 3006 2287 3067 non
2308 2984 2466 3073 gustabit
2487 3006 2585 3053 mor·

1598 3102 1679 3158 tem.
1739 3084 1836 3157 Haec
1863 3083 1957 3156 dicta
1979 3082 2119 3167 omnia,
2151 3098 2187 3156 et
2202 3084 2333 3155 similia
2349 3085 2422 3156 sint
2445 3084 2485 3154 in
2501 3110 2585 3155 con·
2641 3074 2642 3105 ¹

1598 3204 1738 3280 spectu,
1773 3202 1807 3258 et
1829 3189 1981 3258 doceant
2002 3200 2138 3259 mentes
2161 3200 2301 3258 nostras
2323 3184 2393 3257 fide
2414 3210 2483 3257 uos
2503 3211 2583 3256 vere

1598 3291 1753 3383 accipere
1771 3290 2015 3359 remissionem
2031 3302 2275 3381 peccatorum,
2301 3302 2336 3358 et
2358 3289 2586 3359 reconciliari

1600 3394 1693 3484 Deo,
1719 3408 1753 3463 et
1769 3392 1837 3461 fide
1853 3390 1986 3462 incoari
2002 3389 2040 3459 in
2063 3390 2167 3461 nobis
2191 3390 2299 3461 vitam
2324 3404 2527 3477 aeternam,
2553 3392 2589 3460 id

1599 3512 1668 3580 est,
1693 3495 1837 3564 accendi
1855 3495 1970 3564 lucem
1986 3507 2021 3563 et
2035 3492 2209 3586 iusticiam
2226 3517 2368 3578 novam,
2394 3506 2436 3564 ut
2449 3494 2587 3564 dictum

1600 3611 1665 3671 est.
1723 3596 1821 3666 ldem
1842 3598 1944 3667 docet
1968 3590 2057 3666 haec
2079 3594 2270 3666 sententia:
2313 3593 2410 3666 llaec
2436 3609 2492 3667 est
2516 3597 2588 3668 vita

1599 3713 1759 3780 aeterna,
1786 3714 1825 3769 ut
1847 3696 2039 3787 agnos'cant
2058 3708 2093 3767 te
2117 3695 2233 3771 solum
2250 3720 2372 3768 verum
2388 3693 2530 3784 Deum,
2557 3711 2589 3768 et

1600 3825 1704 3894 quem
1722 3799 1847 3870 misisti
1867 3797 1981 3868 lesum
2000 3793 2195 3871 Christum.

1700 3898 1887 3972 Caeterum
1904 3901 2147 3972 deverborum
2162 3898 2300 3994 syntaxi
2318 3894 2378 3969 bic
2391 3898 2590 3986 disseritur,

1599 4003 1859 4100 simplicissima
1876 4023 1949 4071 esse
1963 4001 2113 4076 videtur.
2164 3998 2262 4073 Haec
2276 4014 2327 4073 est
2347 4004 2420 4074 vita
2432 4017 2590 4088 aeterua,

1600 4121 1639 4177 ut
1654 4118 1846 4194 agnoscant
1860 4118 1896 4175 te
1911 4104 2026 4174 solum
2043 4127 2117 4175 esse
2132 4127 2255 4174 venam
2270 4101 2397 4186 Deum,
2424 4117 2460 4174 et
2476 4127 2588 4194 agno·

1600 4223 1699 4278 scant
1716 4207 1830 4276 lesum
1852 4229 1927 4276 esse
1943 4199 2140 4276 Christum.
2191 4203 2283 4277 Nam
2300 4204 2429 4276 usitate
2445 4204 2486 4274 in
2500 4207 2589 4277 scri-

1603 4311 1715 4400 pturis
1736 4305 1898 4379 Christus
1921 4321 1974 4379 est
1996 4307 2104 4378 ollicii
2128 4329 2279 4396 nomen,
2319 4306 2470 4399 perinde
2493 4331 2538 4379 ac
2561 4308 2590 4378 si

1601 4412 1734 4481 diceret
1756 4408 1870 4480 lesum
1896 4432 1971 4480 esse
1994 4408 2234 4481 mediatorem.
2293 4406 2381 4480 Vult
2403 4409 2502 4479 enim
2531 4411 2588 4480 in-

1602 4513 1739 4583 culcare
1759 4509 1969 4582 seutentiam
1992 4533 2094 4602 saepe
2114 4510 2316 4604 repetitam:
2349 4507 2463 4580 Nemo
2488 4513 2591 4584 venit

1602 4616 1644 4682 ad
1662 4628 1817 4710 patrem,
1843 4613 1911 4682 uisi
1928 4635 1991 4703 per
2003 4611 2136 4698 filium,
2160 4615 2378 4683 deerratura
2394 4635 2479 4683 vero
2495 4609 2588 4700 Deo,

1602 4715 1669 4784 nisi
1687 4712 1744 4786 bic
1758 4713 1854 4785 Deus
1868 4715 2073 4800 invocetur,
2096 4713 2159 4808 qui
2174 4727 2225 4785 est
2238 4727 2339 4806 pater
2351 4709 2502 4784 Domird
2519 4741 2589 4786 no-

565 4813 686 4882 iutura
702 4815 773 4886 vita
788 4815 961 4908 loquitur,
986 4817 1051 4886 etsi
1067 4833 1275 4908 conspectus
1291 4821 1329 4888 iu
1346 4821 1465 4889 lutura
1478 4822 1550 4891 vita
1601 4819 1664 4888 stri
1684 4816 1760 4886 lesu
1774 4812 1929 4900 Christi,
1952 4825 1987 4884 et
2003 4835 2077 4885 non
2092 4817 2234 4888 exaudit
2248 4813 2363 4898 Deus,
2392 4815 2462 4884 nisi
2488 4841 2590 4888 acce-

564 4914 749 4984 dissimilis
773 4928 826 4986 est
848 4917 1051 5006 conspectui
1074 4917 1112 4986 in
1135 4915 1199 4988 bac
1223 4922 1306 4990 vita.
1364 4919 1486 5006 Tunc,
1512 4937 1550 4994 ut
1601 4923 1725 4988 darnus
1761 4917 1888 4988 fiducia
1924 4917 2129 4988 mediatoris
2167 4915 2247 4988 lesu
2275 4913 2421 4992 Christi.
2483 4915 2590 4990 Hane

570 5012 758 5087 aloannia
774 5016 810 5085 b.
826 5017 974 5088 dicitur:
1001 5016 1223 5107 Aspiciemus
1234 5047 1327 5108 eum,
1352 5025 1469 5115 qualis
1482 5039 1548 5094 est:
1602 5021 1830 5111 principalem
1842 5015 2030 5109 Evangelii
2045 5019 2254 5105 doctrinam,
2279 5041 2370 5113 quae
2381 5018 2492 5091 tradit
2505 5020 2590 5116 quis

566 5140 663 5186 nunc
686 5118 755 5187 lide
778 5119 1039 5212 acquiescentes
1060 5121 1100 5189 in
1123 5123 1231 5193 verbo
1253 5147 1333 5192 eum
1355 5125 1548 5210 intuemur,
1600 5124 1644 5194 sit
1668 5145 1772 5192 verus
1796 5119 1913 5205 Deus,
1954 5135 1988 5193 et
2005 5145 2097 5214 quae
2117 5119 2164 5192 sit
2187 5119 2465 5208 eius1roluntas,
2492 5149 2586 5217 quo-

564 5217 698 5304 idest,
733 5218 927 5309 cogitamus
954 5221 1058 5292 illurn
1089 5220 1204 5293 Deum
1230 5226 1317 5310 fide,
1356 5225 1420 5318 qui
1452 5227 1548 5299 misit
1599 5227 1706 5294 modo
1735 5224 1822 5293 velit
1851 5223 2008 5292 invocari
2031 5237 2065 5293 et
2090 5221 2274 5309 mndire,
2314 5221 2469 5294 illustrat
2499 5221 2588 5296 haec

563 5319 678 5389 lilium
702 5343 805 5392 suum
826 5320 1021 5392 Dominum
1038 5339 1200 5395 nostrum
1221 5325 1337 5396 lesum
1353 5323 1549 5414 Christum,
1597 5325 1764 5420 syntaxis.
1813 5323 1888 5394 Nee
1902 5337 2084 5416 propterea
2100 5324 2261 5418 sequitur
2281 5323 2395 5394 hlium
2417 5348 2494 5395 uon
2510 5351 2586 5398 eme

564 5434 687 5491 natum
703 5421 878 5494 exMaris
898 5425 1057 5514 virgine,
1101 5427 1308 5498 crucifixum
1335 5441 1370 5499 et
1394 5429 1546 5500 resusci-
1581 5427 1732 5507 ‘·Deum,
1756 5425 1840 5519 qnia
1855 5425 1959 5495 dicit:
1985 5423 2182 5511 Tesolum,
2208 5449 2292 5496 narn
2308 5419 2394 5495 baec
2407 5427 2584 5516 particula

561 5537 694 5607 tatum,
719 5539 754 5596 et
776 5548 839 5615 per
855 5547 935 5594 essm
952 5526 1222 5618 promissionem
1240 5527 1423 5620 Evangelii
1441 5532 1546 5603 nobis
1596 5551 1671 5596 non
1693 5527 1849 5598 excludit
1870 5525 1983 5596 filiurn
2016 5541 2078 5599 nut
2098 5526 2272 5619 Spiritum
2302 5539 2485 5610 unctum,
2520 5529 2583 5598 sed

561 5626 729 5711 tradidit,
760 5627 798 5694 in
825 5622 921 5696 branc
942 5629 1148 5698 crucifixum
1191 5634 1468 5703 us*resuscitatum
1486 5633 1545 5702 in·
1596 5630 1744 5701 numina
1767 5627 2008 5700 commentitia
2034 5629 2198 5700 omnium
2223 5627 2402 5718 gentium,
2433 5641 2469 5700 et
2490 5629 2583 5701 sicut
2641 5657 2642 5716 1

1164 5649 1339 5829 hans,
1364 5733 1542 5823 sicutipse
1595 5731 1680 5800 alibi
1705 5755 1788 5800 curn
1808 5725 1974 5803 Christus
1996 5730 2131 5823 lnquit:
2173 5728 2275 5800 Peter
2297 5729 2413 5800 maior
2433 5753 2492 5800 me
2513 5743 2578 5814 est,
2641 5717 2642 5728 ¹

556 5851 624 5898 nos
638 5831 684 5900 sd
704 5850 779 5902 sese
800 5828 937 5921 alligat.
989 5831 1135 5903 loannis
1162 5827 1248 5907 re?
1271 5833 1346 5924 Qui
1364 5859 1419 5905 sne
1434 5835 1542 5918 videt,
1595 5857 1666 5906 saon
1689 5832 1902 5928 proponitur
1925 5834 2116 5906 discrimen
2141 5833 2234 5904 inter
2254 5853 2421 5926 personas
2448 5853 2576 5902 meun-
2641 5869 2642 5882 ÷

558 5741 701 5798 tueatur
715 5751 815 5797 mens
826 5731 872 5798 da
887 5725 963 5801 Deo
979 5729 1141 5803 mittente
