5825 6950
315 673 382 750 lbl
494 669 597 750 xllt.
646 675 684 750 2.
710 661 1080 746 contemnitis
1106 667 1159 742 lli
1183 663 1339 744 EPlST·
1363 662 1515 743 PAULI
1541 663 1609 741 All
1635 659 1899 750 ROMANOS.
1947 669 2056 753 CAP.
2081 673 2162 753 XV.
2269 677 2348 757 782

312 859 371 918 tur
384 837 543 916 Ecclesia
568 855 781 940 quaeratur,
812 842 967 914 aciamus
989 839 1031 912 in
1055 835 1123 913 bac
1143 838 1304 914 exaudiri
1356 835 1576 929 impietate·
1603 849 1637 910 et
1661 835 1937 932 crudelitatem,
1975 847 2036 916 sed
2061 868 2180 917 veram
2210 849 2344 922 doun-

312 969 445 1041 preees,
471 945 510 1018 in
536 939 605 1018 hae
625 946 778 1020 sciamus
801 940 1027 1016 esseChristi
1050 944 1232 1034 membra,
1258 945 1302 1014 ad
1354 961 1440 1012 narn
1462 940 1701 1032 amplecteris,
1726 944 1925 1032 confiteris,
1949 961 1985 1020 et
2006 949 2075 1042 piis
2096 951 2259 1022 moribus
2282 977 2343 1024 or-

312 1045 403 1122 bsnc
432 1047 586 1121 sciamus
615 1049 795 1142 pertinere
824 1045 1080 1138 promissiones
1100 1043 1301 1136 Evangelii.
1353 1063 1428 1116 nas.
1486 1039 1649 1116 Psalmns
1670 1043 1805 1139 inquit:
1836 1043 1973 1141 Rogata
1995 1073 2115 1141 parem
2143 1049 2342 1142 Ierusalem,

310 1149 389 1224 Non
414 1151 596 1243 pertinent
618 1149 872 1241 promissiones
889 1151 935 1220 ad
959 1144 1078 1219 hostes
1099 1144 1302 1239 Evangelii,
1350 1139 1455 1216 Bessi
1476 1158 1581 1217 erunt
1603 1147 1667 1241 qui
1691 1148 1842 1239 diligent
1855 1173 1945 1222 earn.
1995 1146 2033 1223 Ο
2047 1176 2189 1225 suavem
2207 1169 2241 1228 et
2255 1151 2339 1228 dul·'

310 1255 401 1326 sicut
419 1277 486 1326 uec
507 1255 553 1326 ad
582 1250 751 1340 ludaeos,
776 1274 843 1323 nec
862 1254 907 1321 ad
924 1245 1197 1322 Mabometiataa
1220 1273 1300 1343 per-
1350 1269 1426 1316 cem
1449 1249 1673 1325 sententiam.
1729 1247 1907 1324 Hortatur
1931 1276 2075 1348 omnes,
2106 1270 2148 1328 ut
2167 1256 2338 1330 adiuvent

311 1357 449 1436 tinent,
488 1369 530 1427 ut
562 1377 666 1448 saepe
687 1366 836 1428 testatur
856 1353 976 1446 Dens,
1018 1365 1054 1424 et
1072 1350 1215 1424 Psalmo
1241 1351 1299 1427 ld.
1349 1349 1450 1419 omni
1469 1371 1596 1440 genere
1612 1350 1721 1421 officii
1734 1349 1948 1444 Ecclesiam,
1971 1371 2012 1430 ut
2031 1357 2215 1429 doctrinae
2237 1359 2337 1452 puri-

311 1459 424 1552 inquit
456 1458 616 1550 pontilea
648 1451 835 1528 Christos:
880 1453 965 1528 Non
990 1455 1139 1539 offeram
1164 1477 1298 1551 ,eorum
1347 1462 1455 1548 tatem
1476 1466 1511 1524 et
1526 1473 1738 1524 consensum
1764 1455 1953 1544 tueantur,
1980 1473 2019 1530 ut
2041 1459 2249 1532 doctoribus
2270 1462 2334 1533 bs-

313 1560 517 1645 libationes,
554 1583 621 1630 nec
643 1559 773 1630 faciam
794 1579 919 1628 eorum
941 1557 1160 1632 mentionem
1191 1556 1299 1630 labiis
1348 1552 1544 1639 nelaciant,
1584 1568 1626 1628 ut
1649 1555 1812 1648 precibus
1834 1572 1870 1630 et
1893 1561 1986 1632 votis
2008 1557 2085 1632 Deo
2108 1585 2334 1633 communem

313 1663 406 1736 meis.
463 1658 581 1751 Quem
606 1655 694 1732 baec
715 1674 790 1732 tam
819 1659 932 1733 tristis
962 1658 1194 1730 comminatio
1222 1683 1297 1728 non
1347 1653 1495 1727 salutem
1512 1660 1785 1744 commendent,
1811 1673 1851 1732 ut
1866 1659 1994 1755 impios
2017 1664 2197 1747 doctores,
2216 1678 2257 1737 ut
2278 1677 2334 1762 ty-

312 1776 464 1849 moveat,
491 1777 532 1836 ut
546 1763 660 1854 logiat
679 1775 819 1836 coetum
835 1763 1082 1834 adversantem
1106 1783 1210 1832 verae
1224 1757 1296 1832 Ec·
1346 1778 1480 1828 raneos
1503 1757 1588 1830 inde
1608 1773 1762 1836 arceant.
1814 1756 1915 1854 Opto
1930 1779 2107 1836 autemus
2127 1765 2268 1853 animo,
2292 1781 2334 1838 ut

311 1866 459 1938 sleaiae?
505 1863 798 1961 Deniqueplena
820 1863 933 1936 estin
957 1874 1295 1957 utramquepartem
1345 1860 1627 1944 magnitudinem
1641 1855 1771 1932 borum
1789 1864 1987 1936 officiorum
2005 1865 2074 1936 viri
2095 1867 2231 1957 politici
2246 1891 2334 1940 con·

310 1969 479 2061 scriptura
495 1967 619 2038 diviua
633 1966 767 2038 talibus
780 1966 1034 2051 concionibus,
1058 1987 1149 2059 quae
1172 1966 1297 2037 iubent
1345 1960 1523 2046 siderent,
1548 1964 1664 2057 quiet
1685 1964 1817 2038 debent
1838 1981 1874 2039 et
1896 1981 2043 2057 possunt
2057 1964 2251 2040 Ecclesiam
2273 1971 2332 2041 iu·

308 2073 422 2162 ingere
446 2065 565 2144 hostes
585 2091 690 2140 verae
714 2068 899 2139 doctrinae
924 2080 960 2138 et
981 2089 1084 2138 verae
1104 2063 1295 2153 Ecclesiae,
1345 2085 1437 2134 vare.
1500 2061 1714 2137 lntueantur
1739 2067 1999 2157 posteritatem,
2013 2123 2016 2131 .
2030 2071 2086 2141 cui
2108 2083 2148 2142 ut
2169 2068 2331 2164 llempu-

307 2197 340 2242 se
369 2172 542 2264 amplecti
574 2193 693 2242 veram
727 2171 947 2256 doctrinam,
972 2193 1120 2264 amare,
1159 2170 1296 2260 iuvare,
1344 2164 1473 2235 blicam
1492 2168 1719 2240 constitutam
1738 2169 1940 2264 relinquere
1959 2171 2127 2264 cupiunt,
2151 2171 2199 2243 ita
2216 2173 2331 2244 multo

307 2296 429 2344 ornare
451 2297 572 2344 veram
587 2271 795 2348 Ecclesiam.
853 2269 928 2342 Nec
943 2271 1289 2362 cogitemustantum
1343 2267 1456 2357 magis
1485 2270 1618 2341 debent
1640 2293 1760 2340 veram
1783 2272 1854 2342 Dei
1886 2274 2124 2362 agnitionem,
2165 2273 2331 2346 incorru-

307 2374 525 2448 l’lstonicam
542 2373 723 2447 civitatem
738 2396 812 2445 esse
827 2369 1034 2448 Ecclesiam.
1085 2369 1155 2443 llic
1174 2386 1294 2444 coetus
1343 2380 1440 2458 ptam
1454 2369 1683 2458 religionem,
1707 2396 1838 2464 purum
1852 2373 2109 2465 Evangelium,
2132 2389 2226 2446 recte
2243 2399 2330 2446 ron·

307 2493 352 2550 cst
366 2503 454 2548 vera
468 2474 646 2562 Ecclesia,
671 2477 710 2546 in
727 2497 798 2570 qua
811 2475 906 2547 lucet
925 2499 1013 2567 pura
1026 2472 1211 2565 Evangelii
1227 2478 1293 2546 do-
1343 2471 1484 2541 stitutss
1499 2469 1677 2544 Ecclesiae
1694 2477 1852 2556 tradere,
1878 2477 1968 2551 sicut
1984 2475 2117 2548 Paulus
2140 2477 2239 2550 iubet
2262 2475 2330 2549 Ti·

305 2581 436 2662 ctrina.
470 2579 511 2649 in
531 2601 603 2672 qua
632 2593 726 2650 recte
747 2577 1045 2648 administrantur
1074 2591 1291 2648 sacramenta
1342 2566 1525 2644 matheum
1546 2574 1700 2646 fideliter
1722 2579 1902 2649 custodire
1922 2580 2143 2670 depositura,
2173 2591 2215 2650 ut
2234 2579 2328 2651 inte·

306 2683 478 2752 divinitus
493 2680 636 2756 tradita.
687 2678 731 2750 lu
745 2679 809 2750 tali
826 2693 929 2750 coetu
944 2700 1086 2750 necesse
1105 2692 1158 2750 est
1171 2679 1292 2771 aliqua
1342 2696 1446 2764 grum
1470 2687 1507 2747 et
1530 2675 1853 2750 incontaminatum
1877 2683 1922 2751 ad
1951 2696 2109 2774 posteros
2134 2681 2329 2773 perveniat.

305 2809 373 2854 esse
398 2784 481 2853 viva
503 2780 682 2854 Ecclesiae
703 2782 882 2872 membra,
907 2803 999 2876 quae
1019 2795 1198 2873 praestant
1215 2779 1293 2852 Deo
1341 2775 1421 2847 ttae
1440 2800 1525 2848 cura
1549 2803 1694 2870 prorsus
1716 2775 1809 2850 nihil
1827 2782 1929 2854 adlici
1946 2784 2108 2855 videmus
2125 2781 2329 2871 Pontifices,

305 2909 404 2958 arms
420 2885 550 2969 cultus,
573 2897 684 2974 agunt
700 2884 967 2974 poenitentiam,
993 2883 1161 2955 invocant
1175 2880 1292 2954 Deum
1343 2873 1558 2970 Episcopus,
1584 2879 1805 2974 Canonicos,
1836 2886 1882 2954 de
1903 2885 2034 2976 opibus
2052 2885 2127 2956 suis
2147 2883 2329 2972 dimicant,

306 3013 383 3060 vera
399 2987 488 3071 lide,
513 2987 703 3057 conlerunt
716 2985 875 3058 studium
899 2999 934 3056 et
950 3008 1095 3076 operam
1109 2987 1154 3055 ad
1170 2979 1292 3056 Evau-
1342 3003 1417 3049 non
1431 2982 1477 3050 de
1490 2981 1666 3058 doctrina.
1716 2979 1814 3074 Ergo
1831 2985 1892 3056 alii
1909 2988 1947 3056 in
1963 2983 2112 3068 scholis,
2146 2988 2184 3056 in
2199 2989 2328 3078 guban

306 3090 384 3180 gelii
411 3088 722 3182 propagationem,
751 3089 948 3158 ostendunt
975 3109 1076 3156 suam
1098 3087 1293 3158 confessio-
1341 3082 1489 3154 natione
1504 3083 1707 3170 civitatum,
1731 3087 1926 3180 suscipiant
1947 3085 2041 3160 banc
2063 3110 2197 3162 curam.
2244 3089 2328 3160 Hoc

307 3217 406 3281 aem,
431 3191 595 3261 serviunt
615 3185 815 3274 vocationi,
849 3187 1005 3282 denique
1031 3201 1209 3280 praestant
1233 3188 1291 3281 pia
1341 3183 1551 3255 sacriliciusn
1575 3189 1761 3278 praecipue
1780 3185 1877 3260 Deus
1899 3191 1946 3261 ab
1968 3189 2137 3261 omnibus
2163 3191 2328 3282 postulat,

306 3295 418 3364 silicia
441 3289 555 3363 aDeo
575 3294 765 3374 mandata,
792 3304 1000 3360 exercentur
1020 3290 1189 3381 periculis
1212 3315 1292 3360 om·
1343 3285 1433 3357 sicut
1447 3283 1575 3358 Petrus
1595 3288 1714 3380 inquit
1739 3305 1883 3360 vocatos
1907 3313 2083 3377 noscare,
2107 3305 2148 3362 ut
2171 3292 2328 3364 celebre·

307 3395 537 3486 nisgeneris,
561 3394 747 3490 inquibus
767 3406 931 3462 exercent
950 3391 1233 3478 invocationem,
1257 3407 1293 3464 et
1342 3410 1423 3458 mus
1444 3384 1515 3458 Dei
1539 3392 1761 3465 beneficium.
1812 3389 1882 3463 llic
1904 3395 2115 3487 praecipuus
2139 3394 2221 3464 linis
2246 3417 2326 3466 om·

307 3500 370 3568 alia
394 3500 492 3569 bona
513 3520 635 3588 opera.
696 3494 800 3565 Hanc
821 3494 959 3563 affirmo
980 3517 1057 3565 esse
1080 3518 1200 3565 veram
1221 3492 1292 3565 Ec·
1341 3489 1444 3561 ninsn
1484 3494 1715 3565 consiliorum
1749 3506 1856 3587 atque
1893 3498 2074 3567 actionum
2108 3497 2328 3589 sapientibus

306 3601 465 3680 citriam,
499 3622 581 3669 cum
601 3621 672 3691 qua
696 3609 833 3688 oportet
859 3596 938 3688 pios
958 3597 1094 3690 ubique
1116 3610 1291 3668 terrarum
1342 3592 1544 3683 propositus
1562 3618 1637 3666 esse
1655 3597 1780 3681 debet,
1807 3610 1847 3667 nt
1862 3612 1992 3671 ornent
2014 3598 2164 3690 gloriam
2178 3595 2328 3674 Christi.

308 3704 515 3774 coniunctos
533 3722 626 3781 esse,
665 3698 860 3780 sententia,
891 3698 1076 3769 voluntate
1096 3712 1132 3769 et
1153 3700 1294 3769 confes·
1341 3692 1413 3763 Pro
1431 3688 1500 3764 hoe
1513 3696 1630 3768 olficio
1653 3696 1810 3787 ingentia
1826 3700 1981 3791 praemia
1999 3700 2186 3793 pollicetur
2202 3702 2240 3770 in
2260 3697 2327 3771 boc

312 3806 414 3877 sione.
467 3800 623 3875 Artales
640 3803 843 3872 essesentio
858 3800 929 3871 Dei
952 3800 1128 3871 benelirio
1153 3814 1293 3871 nostras
1341 3796 1517 3867 versiculo
1540 3794 1653 3869 Deus:
1679 3796 1782 3871 Beati
1801 3814 1925 3886 emat,
1951 3803 2012 3896 qui
2038 3802 2188 3893 diligent
2204 3798 2328 3874 Eccle-

312 3902 497 3990 Ecclesias,
522 3927 613 3997 quae
634 3904 846 3994 profitentur
871 3924 996 3991 puram
1010 3900 1198 3991 Evangelii
1220 3905 1293 3973 do·
1342 3899 1450 3971 siam:
1478 3899 1740 3987 defensionem,
1765 3924 1961 3987 successus,
1988 3904 2327 3999 etsalutemperpe·

280 4077 281 4110 ¹
312 4008 474 4086 urinam,
507 4028 598 4099 qssae
620 4018 671 4075 est
696 4005 774 4075 sine
797 4004 871 4074 ulla
893 4004 1119 4077 dubitatione
1141 4027 1292 4076 consen·
1340 4012 1438 4069 tuam
1456 4002 1633 4092 promittit
1649 3996 1727 4088 his,
1757 4002 1956 4097 quiveram
1973 4003 2167 4076 Ecclesiam
2194 4022 2329 4080 amant.

313 4110 394 4180 iens
414 4108 590 4179 sententia
607 4102 803 4178 catholicae
819 4103 998 4177 Ecclesiae
1015 4101 1165 4181 Christi.
1211 4104 1292 4178 Uti·
1340 4099 1419 4171 Hac
1432 4126 1519 4172 voce
1532 4104 1581 4194 pii
1597 4106 1789 4176 exuscitent
1799 4106 1937 4176 animos
1952 4109 1996 4177 ad
2009 4130 2131 4177 curam
2146 4112 2329 4180 ornandae

313 4236 385 4281 ram
408 4212 526 4281 bonae
540 4222 677 4280 mentes
700 4209 947 4290 considerent,
968 4221 1144 4299 quantum
1164 4207 1293 4280 celerat
1340 4198 1546 4291 Ecclesiae,
1586 4230 1692 4300 seque
1721 4230 1796 4277 non
1833 4212 1941 4279 modo
1965 4212 2134 4280 adversus
2156 4223 2327 4304 tyranno-

312 4336 376 4383 non
401 4335 479 4383 esse
499 4312 539 4381 in
569 4309 692 4383 castris
720 4306 880 4381 bostium
902 4306 1100 4394 Ecclesiae,
1129 4312 1191 4381 sed
1216 4334 1293 4381 ease
1340 4328 1421 4375 rum
1436 4306 1552 4377 minas
1574 4310 1804 4395 confirment,
1842 4312 1903 4379 sed
1928 4312 2033 4381 etiam
2055 4322 2180 4380 contra
2204 4307 2327 4403 sopbi-

310 4415 414 4486 sivem
431 4436 537 4485 verae
549 4409 728 4481 Ecclesiae
740 4406 889 4494 Christi,
915 4424 1181 4504 propterquam
1196 4408 1293 4482 Dens
1340 4406 1463 4477 stiram
1484 4408 1630 4479 illorum
1648 4411 1830 4492 muniant,
1857 4413 1921 4505 qssi
1942 4412 2032 4481 lalso
2055 4410 2276 4503 antiquitatis
2293 4424 2327 4484 et

308 4517 527 4589 innotescere
542 4513 675 4598 voluit,
701 4525 966 4605 propterquam
983 4512 1104 4583 omnia
1119 4514 1293 4600 condidit,
1339 4503 1520 4579 Ecclesiae
1551 4511 1753 4583 testimonia
1784 4514 1830 4583 sd
1861 4514 2105 4584 defensionem
2133 4510 2327 4604 impiorum

307 4644 409 4713 quarn
423 4617 489 4687 lilii
506 4616 561 4687 sui
579 4613 1019 4701 sangssinesanctilicavit‚
1044 4614 1085 4683 in
1108 4640 1178 4707 qssa
1193 4629 1293 4707 pate-
1339 4611 1546 4698 dogmatum
1571 4612 1702 4694 citant,
1735 4614 1779 4683 ad
1805 4636 1897 4703 quos
1923 4614 2131 4686 refutandos
2157 4609 2328 4685 nonnihil

309 4722 384 4793 iecit
404 4744 444 4791 se
466 4717 739 4789 admirabilibus
760 4714 928 4807 openbus
950 4738 1013 4803 per
1035 4729 1164 4807 patres,
1202 4715 1292 4800 Noi,
1340 4711 1516 4783 instruere
1543 4714 1719 4787 studiosos
1742 4714 1853 4787 volui.

309 4818 510 4906 Abraham,
548 4814 696 4909 ioseph,
735 4816 889 4900 Mosen,
929 4812 1124 4901 Davidem,
1160 4813 1292 4906 Eliam,

309 4920 505 5007 miraeum,
543 4920 753 5011 Apostolos,
791 4934 826 4991 et
849 4916 985 5011 reliqna
1006 4918 1145 4990 lumina
1166 4916 1291 4990 Eccle-

307 5028 398 5119 siae,
443 5024 601 5116 denique
632 5045 724 5114 quase
757 5017 904 5091 habebit
935 5018 1045 5089 vitam
1074 5034 1110 5091 et
1140 5021 1291 5110 gloriam
1717 4976 1857 5088 calmi
1884 4976 1986 5068 xv·
2016 5052 2020 5061 ·

307 5144 503 5212 “lemma
526 5127 667 5197 fffl‘lllf
688 5123 902 5195 fflmm‘ftlll
922 5116 991 5191 D‘l
1017 5137 1052 5193 *ἲ
1067 5121 1291 5215 pillulam·
1338 5134 1527 5211 Debemus
1551 5146 1673 5211 aulem
1698 5163 1765 5211 nas
1774 5136 1889 5234 firmi
1906 5134 2143 5237 infirmitates
2168 5138 2330 5215 imbecil-

307 5231 476 5319 geiornm.
527 5226 672 5317 Quanta
691 5225 804 5315 glosis
826 5236 861 5295 et
877 5222 1063 5293 beatitudo
1085 5237 1158 5305 est,
1183 5220 1293 5295 buius
1690 5238 1784 5313 lpum
1806 5242 1977 5321 golyam,

307 5347 421 5405 muns
441 5328 580 5401 socium
604 5350 698 5412 esse,
730 5320 799 5397 boc
821 5324 962 5414 agmine
983 5325 1161 5417 conspici,
1191 5328 1291 5419 qssod

306 5434 399 5507 ducit
413 5428 595 5513 Christus,
620 5430 718 5525 qssod
733 5427 991 5499 circumvolant
1012 5426 1062 5516 pii
1084 5427 1225 5525 angeli,
1251 5428 1291 5499 ia
1441 5422 1670 5521 Apostrophe
1691 5442 1742 5501 est
1760 5431 1805 5501 ad
1827 5428 2012 5519 fortiores,
2036 5431 2075 5503 in
2096 5455 2166 5526 qna
2183 5430 2329 5501 alteram

307 5558 374 5627 quo
395 5535 570 5607 incedunt
593 5523 789 5623 principes,
809 5529 947 5611 Adam,
967 5524 1066 5605 Nois',
1093 5525 1292 5613 Abrabam,
1340 5552 1385 5599 er
1421 5530 1670 5620 superioribus
1701 5534 2005 5625 propositionibus
2044 5532 2186 5625 repetit.
2236 5530 2329 5601 Nam

307 5631 442 5725 llnses,
466 5632 584 5714 Elias,
608 5647 645 5703 et
666 5632 794 5724 reliqui
820 5630 889 5699 viri
914 5626 1115 5716 insignibus
1139 5631 1291 5719 praediti
1339 5652 1420 5700 com
1449 5643 1554 5702 antea
1586 5634 1728 5727 utrique
1753 5636 1844 5726 parti
1869 5636 2100 5706 concionatus
2122 5633 2189 5717 sit,
2231 5654 2330 5703 nunc

309 5737 418 5811 donis.
469 5734 514 5807 ln
532 5734 600 5805 lsoc
618 5734 761 5823 agmine
782 5732 854 5802 iam
876 5744 1012 5801 certum
1036 5743 1134 5802 tenes
1157 5732 1289 5820 locum,
1339 5733 1443 5804 docet
1467 5755 1545 5801 eam
1570 5748 1724 5824 partem,
1758 5758 1862 5831 aqua
1887 5736 1966 5824 plus
1987 5734 2198 5829 prudentiae
2222 5748 2329 5827 atquc

310 5836 423 5913 sinon
434 5838 603 5924 adiuvas,
625 5859 703 5909 non
717 5835 927 5927 comprobas
940 5824 1097 5905 bostium
1109 5828 1292 5907 Ecclesiae
1338 5834 1527 5931 aequitatis
1557 5836 1772 5931 requiritur,
1812 5836 1978 5909 videlieet
2005 5836 2192 5911 doctiores.
2258 5828 2328 5905 Po-
