5825 6950
577 707 654 781 soa
1182 667 2055 767 auin-nummatam'meamea÷
2180 667 2259 734 ι
2312 665 2352 742 ·''
2396 671 2417 765 ’-.
2512 699 2562 777 ιιι

1632 807 1650 837 ‘l

579 875 741 973 generale
762 893 895 944 nomen
917 880 989 950 etl,
1005 867 1259 960 ‘compleciffl
1280 861 1401 933 0m¹¹i³
1421 869 1576 952 peccota,
1627 867 1752 960 aliqu'a'
1775 866 1826 934 in'
1838 865 1943 935 nobis
1964 867 2010 937 de
2031 863 2109 935 Deo
2129 841 2371 954 noticias'ut
2390 864 2565 948 dictumest.

580 975 828 1054 contraDenrn
844 969 1071 1047 etbomines:
1093 969 1265 1062 significat
1279 966 1375 1036 enirn
1388 963 1577 1036 universa·
1626 967 1769 1041 Deinde
1782 969 1888 1038 addit·
1898 966 2047 1053 Paulus,
2072 965 2177 1038 lianc
2201 969 2314 1061 ipsam
2331 969 2486 1040 noticiam
2505 974 2566 1044 deti-

581 1087 651 1155 lem
668 1077 961 1153 inobedientiam.
1071 1088 1074 1094 ’
1467 1085 1470 1094 ’
1630 1071 1708 1143 neri
1735 1071 1775 1140 in
1802 1067 2001 1156 iniusticia,
2017 1069 2071 1140 ·id
2090 1081 2173 1155 ''est,
2208 1073 2423 1144 voluntatem
2451 1067 2568 1146 bominis

1529 1181 1532 1190 '
1630 1197 1692 1246 seu
1713 1197 1792 1258 cor,
1828 1195 1902 1242 non
1926 1171 2087 1243 assentiri
2116 1168 2173 1243 bis
2199 1173 2358 1255 noticiis,
2391 1197 2455 1243 nec
2471 1175 2570 1245 obtem-

1631 1299 1768 1378 pecare.
1827 1269 1949 1346 Multo
1973 1275 2129 1366 penitius
2152 1275 2361 1366 introspexit
2386 1290 2507 1345 mentes
2526 1273 2571 1347 bu-

690 1383 892 1456 Veritatem
920 1393 1021 1451 vocat
1049 1377 1219 1448 noticiam
1246 1375 1333 1467 Dei,
1374 1398 1437 1446 seu
1470 1374 1581 1464 legem
1632 1400 1774 1465 manas,
1806 1401 1911 1468 qnam
1932 1373 2155 1470 Philosophi.
2215 1373 2285 1446 ilic
2307 1377 2437 1465 colligit
2457 1377 2573 1466 ingentia

589 1504 748 1562 naturae.
801 1483 892 1556 Cum
909 1484 1004 1552 enim
1019 1491 1217 1570 arguuntur
1230 1493 1371 1570 peccata
1385 1479 1424 1547 in
1441 1475 1582 1568 praedi·
1634 1479 1730 1554 vitia.
1796 1475 1884 1549 Esse
1906 1477 2021 1550 Deum
2053 1491 2235 1572 utcunque
2264 1479 2386 1550 statuit
2406 1501 2511 1568 mens,
2535 1485 2573 1548 sed

590 1593 730 1664 catione
755 1585 1015 1678 poenitentiae,
1055 1583 1185 1653 citatur
1217 1581 1294 1666 lex,
1325 1584 1419 1651 sicut
1447 1576 1583 1649 Paulus
1635 1584 1717 1678 quia
1745 1582 1844 1652 videt
1871 1582 1998 1651 florere
2022 1581 2222 1673 improbos,
2255 1594 2291 1652 et
2314 1580 2446 1651 duriter
2464 1582 2574 1650 exerceri

592 1692 728 1787 inquit:
753 1688 824 1760 Per
837 1688 950 1776 legem
968 1685 1125 1774 cognitio
1142 1683 1285 1773 peccati.
1337 1680 1391 1752 lta
1413 1675 1474 1750 bic
1497 1681 1585 1748 alle-
1635 1688 1768 1769 bonos,
1794 1684 1989 1776 etquidem
2015 1707 2034 1751 a
2058 1684 2252 1768 sceleratis,
2278 1705 2297 1752 a
2321 1683 2475 1774 tyrannis
2488 1684 2574 1752 cruda

595 1811 653 1888 gat
667 1794 777 1883 legem
792 1803 958 1868 nolum,
985 1788 1036 1856 aii
1047 1807 1173 1855 ommi
1188 1779 1352 1854 homines
1366 1780 1501 1852 habere
1518 1781 1585 1851 ali·
1635 1788 1720 1858 liter
1734 1786 1905 1869 interfici,
1933 1785 2060 1875 incipit
2084 1784 2248 1855 dubitare
2267 1806 2312 1852 an
2329 1780 2425 1852 Dens
2446 1797 2527 1853 curet
2542 1808 2574 1853 res

596 1919 702 1992 quam
732 1893 803 1965 Dei
829 1891 1010 1961 noticiam.
1068 1884 1139 1956 Per
1164 1882 1257 1954 banc
1277 1898 1416 1955 accusat
1439 1897 1475 1954 et
1499 1907 1586 1953 con·
1637 1885 1833 1966 humanas,
1862 1913 1906 1956 an
1922 1888 2049 1979 puniat
2065 1886 2262 1976 sceleratos,
2289 1909 2333 1955 an
2349 1885 2574 1956 benefaciatis

598 2005 744 2070 damnat
766 2017 906 2063 omnes:
939 1989 1035 2080 Quia
1058 1989 1153 2058 enim
1178 1989 1309 2059 scimus
1330 1988 1464 2077 legem,
1485 1994 1519 2055 et
1533 2000 1587 2057 ta·
1637 1992 1705 2060 nis.
1759 1983 1896 2061 ludi'cat
1912 1990 2025 2060 Deum
2049 2002 2206 2059 autnon
2230 2011 2353 2058 curare
2369 2010 2422 2056 res
2439 1982 2575 2065 buroam,

597 2123 681 2170 men
706 2120 782 2166 non
805 2094 1007 2164 obedimus:
1040 2089 1113 2161 Lex
1135 2113 1226 2183 quae
1247 2103 1299 2160 cst
1318 2089 1491 2160 iudicium
1507 2084 1587 2176 Dei,
1639 2105 1699 2163 aut
1722 2114 1796 2162 esse
1819 2092 2018 2176 crudelem,
2043 2090 2106 2185 qui
2129 2103 2199 2192 lapi
2222 2089 2435 2159 imbecillem
2458 2101 2575 2158 naturam

599 2213 738 2272 accusat
753 2211 788 2268 et
805 2198 1017 2265 condemnat
1034 2215 1169 2264 omnes.
1221 2191 1384 2262 Primum
1399 2191 1508 2280 igitur
1524 2191 1589 2258 ad·
1640 2195 1840 2265 oneraverit
1866 2195 1974 2263 tantis
1999 2192 2269 2264 calamitatibus.
2287 2221 2292 2232 ·
2323 2189 2378 2261 Ex
2401 2185 2461 2260 bar
2477 2191 2575 2259 dubita

600 2301 771 2373 monendi
794 2312 877 2368 sunt
899 2295 1071 2377 studiosi,
1111 2308 1153 2364 ut
1174 2294 1365 2384 diligenter
1385 2290 1590 2362 discernant
1638 2298 1737 2367 tione
1754 2311 1787 2367 et
1804 2297 1954 2386 caligine
1971 2295 2137 2367 oriuntur
2160 2293 2273 2364 multa
2296 2293 2401 2364 vitia:
2434 2290 2496 2362 Cor
2513 2304 2575 2359 vacat

602 2405 715 2494 leg'em
738 2413 772 2472 et
792 2399 1036 2490 Evangelium.
1102 2394 1235 2490 Aliqua
1257 2397 1344 2485 legis
1368 2395 1498 2465 noticia
1522 2417 1589 2462 no-
1641 2412 1757 2489 mctu,
1789 2399 1936 2482 fiducia,
1972 2398 2162 2468 dilectione
2182 2395 2267 2467 Dei:
2305 2393 2357 2467 Et
2379 2412 2454 2466 cum
2476 2393 2575 2463 sitsinc

602 2509 741 2577 bissum
757 2503 935 2586 nascitur,
958 2501 1022 2570 etsi
1041 2499 1079 2569 in
1095 2494 1162 2568 bac
1176 2498 1428 2591 depravatione
1441 2508 1590 2566 naturae
1641 2501 1762 2580 freno,
1802 2503 2022 2591 obtemperat
2044 2499 2298 2590 cupiditatibus
2329 2510 2449 2568 contra
2473 2493 2575 2566 noticias

604 2605 782 2677 bumanae
805 2617 857 2675 est
885 2603 1090 2691 obscurior,
1123 2614 1337 2671 nontamen
1359 2619 1504 2690 prorsus
1526 2598 1592 2666 ob-
1642 2602 1832 2674 naturales.
1895 2601 2043 2672 Etiamsi
2069 2602 2134 2671 scit
2156 2600 2257 2669 Paris
2279 2599 2450 2670 iniustum
2471 2621 2524 2666 esse
2539 2617 2577 2663 ra·

605 2711 744 2778 literato
766 2719 828 2780 est.
901 2703 996 2775 Sunt
1019 2717 1135 2774 autem
1159 2698 1227 2772 bae
1255 2703 1407 2772 noticiae
1432 2703 1477 2770 de
1499 2695 1592 2770 Deo:
1643 2727 1726 2797 pere
1749 2703 1892 2774 alterius
1909 2705 2113 2791 coniugem,
2139 2715 2257 2772 tamen
2282 2693 2374 2790 gerit
2393 2723 2504 2771 morem
2519 2717 2574 2766 suae

532 2821 537 2832 '
607 2808 717 2898 Quod
738 2809 785 2878 sit
802 2807 898 2878 Deus
920 2827 1034 2890 unus,
1072 2806 1266 2885 immensae
1288 2803 1493 2895 potentiae,
1534 2823 1591 2871 sa·
1646 2805 1810 2894 libidini,
1845 2819 2022 2875 contemto
2043 2803 2131 2877 Deo.
2193 2799 2346 2874 Eruditc
2369 2805 2472 2894 igitur
2489 2797 2577 2869 deacri-

607 2913 728 3004 piens,
768 2910 902 2991 iustus,
937 2909 1072 2991 bonus,
1104 2908 1269 2976 conditor
1303 2918 1337 2977 et
1369 2895 1595 2975 conservator
1645 2910 1714 3001 psit
1728 2905 1860 2977 Paulus
1882 2907 2124 2976 infirmitatem
2138 2901 2355 2990 humanam,
2380 2903 2520 2976 attribuit
2535 2894 2578 2966 bo·

608 3027 767 3092 naturae,
791 3008 944 3102 puniens
959 3009 1112 3078 iniustos
1125 3022 1159 3078 et
1175 3009 1378 3092 sceleratos,
1404 3007 1594 3076 exaudiens
1646 3010 1735 3079 mini
1766 3003 1935 3078 noticiani
1957 3008 2131 3100 aliquam,
2173 3019 2208 3078 et
2231 3021 2352 3077 tamen
2375 3021 2506 3079 testatur
2526 2997 2580 3068 huic

609 3129 828 3201 reservans,
870 3134 943 3180 non
966 3112 1095 3202 gratis,
1136 3133 1211 3178 non
1243 3133 1323 3180 reos
1345 3109 1496 3201 peccati,
1530 3107 1593 3176 aed
1647 3111 1801 3180 noticiae
1817 3135 1883 3179 nec
1905 3111 2086 3194 assentiri,
2112 3113 2441 3203 necobtemperare
2462 3107 2580 3176 volunta-
2614 3153 2615 3162 ι

609 3219 722 3288 iustos
751 3239 792 3285 ac
820 3216 995 3296 mundos,
1034 3213 1130 3315 quod
1156 3213 1235 3283 Deo
1270 3211 1317 3282 sit
1347 3210 1601 3317 obediendum,
1647 3226 1717 3283 tem
1745 3237 1806 3282 scu
1831 3233 1910 3292 cor,
1944 3214 2040 3306 quod
2065 3226 2116 3283 est
2136 3233 2298 3282 aversum
2321 3237 2341 3282 a
2368 3210 2462 3295 Deo,
2490 3205 2579 3277 alsine

612 3321 715 3411 quod·
738 3315 930 3408 praecipiat
963 3311 1138 3396 honesta,
1175 3337 1216 3382 ac
1245 3309 1433 3406 prohibeat
1467 3310 1596 3402 turpia,
1647 3315 1803 3384 motibus
1828 3314 1980 3398 divinis,
2021 3337 2095 3384 sese
2117 3327 2230 3395 arctat,
2269 3337 2346 3383 non
2370 3312 2495 3396 Deum,
2528 3307 2578 3375 ido

608 3419 749 3513 turpia,
780 3420 876 3512 quod
905 3414 1073 3488 inseverit
1095 3415 1224 3486 animis
1249 3415 1380 3487 nostris
1406 3413 1596 3485 discrimen
1647 3417 1785 3508 rapitur
1798 3417 1952 3489 motibus
1970 3417 2171 3501 errantibus
2194 3439 2234 3487 ac
2257 3416 2366 3485 variis
2389 3429 2498 3485 eontra
2516 3429 2580 3478 man
2607 3404 2611 3415 '

609 3516 842 3593 honestorum
859 3532 894 3589 et
910 3520 1079 3611 turpium.
1131 3515 1309 3589 Haesunt
1331 3515 1510 3589 naturales
1530 3539 1596 3586 no-
1648 3522 1769 3589 datum
1790 3516 1870 3589 Dei.
1929 3515 2027 3589 Haec
2051 3519 2171 3589 omnia
2196 3515 2369 3607 significat
2396 3516 2526 3595 Pardus,
2547 3511 2611 3600 inf

610 3624 730 3707 ticiae,
756 3644 843 3715 quas
866 3622 1030 3692 audimus
1051 3621 1156 3690 nobis
1178 3619 1218 3689 in
1241 3620 1454 3691 conscientia
1471 3640 1595 3709 perpe·
1648 3622 1773 3715 quiens
1794 3622 1974 3690 veritatem
1997 3620 2168 3705 detineri,
2201 3633 2370 3713 tanquam
2398 3610 2579 3711 captivam'in
2605 3611 2610 3648 ²

610 3739 674 3796 tuo
691 3724 951 3796 concionantes.
1002 3722 1085 3793 Non
1104 3721 1207 3793 novit
1222 3723 1312 3793 ratio
1326 3720 1502 3791 naturalis
1518 3742 1596 3807 gra·
1647 3723 1843 3803 iniusticia‚
1870 3723 1906 3791 id
1932 3735 1999 3806 est,
2022 3722 2196 3813 pravitate
2211 3722 2405 3793 voluntatis
2425 3742 2479 3790 seu
2493 3712 2578 3789 cordis,
2605 3669 2610 3754 i

611 3828 738 3899 tuitarn
754 3818 1070 3905 condonationem,
1097 3837 1159 3894 aut
1173 3823 1496 3893 reconciliationem
1514 3845 1597 3911 pro·
1648 3848 1738 3917 quae
1767 3837 1837 3911 est,
1877 3836 1915 3895 ut
1945 3825 2037 3895 infra
2061 3824 2220 3916 dicitur,
2252 3818 2438 3895 inimicitia
2464 3820 2580 3889 adversus
2608 3809 2609 3827 ¹

611 3921 896 4021 pteerristum,
918 3928 978 3995 sed
995 3939 1043 3997 est
1060 3926 1147 4016 legis
1163 3926 1293 3997 noticia
1309 3926 1495 4020 requirens
1510 3946 1597 3993 con·
1647 3925 1776 4001 Deum.
2606 3913 2610 3962 ¹

493 4052 502 4062 ·
612 4030 786 4103 ditionem
802 4043 944 4099 nostrae
961 4028 1198 4098 obedientiae:
1230 4028 1364 4099 iudicat
1384 4038 1596 4097 costantum
1935 4093 1943 4111 ,
2315 4066 2317 4073 -

608 4131 750 4225 placere
764 4124 861 4210 Deo,
885 4130 1303 4223 quisuntsinepeccato.
1354 4125 1598 4201 Haecestna·
1649 4091 1843 4193 (dmm-⁹
1882 4118 1976 4167 ‘mm
2005 4092 2112 4169 Dm
2136 4095 2318 4216 ,θθβηωθί
2346 4103 2481 4197 Wm’
2512 4092 2580 4161 ”⁰¹⁰⁸

613 4234 740 4330 toralia
762 4255 831 4301 vox
851 4232 1096 4305 conscientiae.
1161 4230 1232 4303 Sed
1257 4228 1492 4321 Evangelium
1514 4254 1597 4321 pro·
2073 4208 2124 4325 ξεί
2150 4222 2217 4271 ⁶⁸⁸·
2280 4240 2282 4250 ²
2607 4229 2610 4285 ἰ

530 4390 540 4401 .
612 4336 725 4406 mittit
747 4334 936 4424 gratuitam
956 4328 1255 4404 condonationem
1279 4345 1314 4403 et
1334 4332 1596 4405 reconciliatio·
1754 4330 1939 4426 Exposilio
1966 4349 2018 4406 est
2040 4331 2234 4429 superioris
2262 4331 2516 4429 propositionis:
2542 4318 2582 4391 liic

612 4458 696 4507 nem
710 4449 855 4528 propter
870 4432 984 4506 filium
997 4432 1076 4507 Dei.
1126 4432 1224 4503 Haec
1244 4435 1374 4506 noticia
1392 4458 1467 4503 non
1482 4434 1597 4503 nasci·
1649 4438 1745 4507 enim
1773 4437 1901 4526 allegat
1926 4438 2038 4526 legem
2067 4452 2240 4523 naturae,
2282 4452 2317 4511 et
2350 4456 2500 4529 expresse
2519 4420 2581 4496 dicit,

613 4552 673 4609 tur
689 4538 901 4620 nobiscum
919 4537 980 4606 scd
995 4550 1047 4607 est
1062 4534 1215 4605 revelata
1231 4535 1414 4620 divinitus,
1439 4535 1597 4608 utloan-
1649 4564 1739 4633 quac
1761 4540 1806 4609 sit
1828 4539 1891 4608 illa
1917 4540 2048 4609 veritas
2069 4542 2107 4609 in
2134 4541 2313 4611 mentibus
2339 4536 2525 4613 bominum,
2546 4544 2580 4592 tr·
2610 4570 2611 4577 ι

611 4661 676 4709 nes
698 4638 843 4733 inquit:
882 4634 997 4707 bilius
1026 4636 1088 4730 qui
1112 4650 1163 4707 est
1190 4638 1228 4706 in
1250 4640 1331 4710 sinu
1356 4640 1484 4730 patris,
1523 4638 1598 4728 ipse
1649 4664 1760 4731 garena
1776 4655 1810 4712 et
1827 4664 1994 4713 accusans
2009 4662 2086 4715 nos.
2125 4638 2192 4714 Est
2206 4642 2339 4722 noticia
2354 4640 2464 4733 inquit
2478 4637 2514 4702 de
2526 4626 2581 4701 Do.
2609 4650 2612 4734 ι

614 4758 755 4812 enarrat
774 4739 891 4811 nobis.
944 4735 991 4810 Et
1012 4740 1094 4831 quia
1118 4740 1282 4813 dissentit
1298 4764 1317 4810 a
1335 4740 1490 4812 naturali
1513 4762 1598 4807 voce
1649 4758 1684 4816 et
1700 4756 1853 4814 caeterae
1867 4742 2038 4829 noticiae,
2065 4766 2155 4836 quae
2176 4760 2350 4815 vocantur
2370 4743 2457 4831 leges
2471 4744 2580 4805 natant·
2609 4765 2613 4820 ς

611 4841 848 4913 conscientiae
870 4852 905 4910 et
928 4862 948 4908 a
970 4832 1205 4932 chirographo
1229 4856 1349 4913 contra
1378 4867 1443 4913 nos
1466 4842 1597 4933 scripto
1648 4836 2049 4939 Syntaxis'bbservanda
2072 4859 2138 4916 est:
2165 4843 2363 4916 Invisibilia
2384 4845 2472 4925 eius,
2493 4825 2580 4903 videli·
2608 4837 2615 4914 ι

612 4947 654 5013 ἰιι
678 4943 809 5015 nostris
832 4940 1030 5025 mentibus,
1071 4942 1152 5013 ideo
1184 4945 1328 5032 difficile
1353 4960 1405 5015 est
1434 4942 1597 5015 assentiri
1649 4959 1702 5016 cet
1727 4960 1868 5017 aeterna
1896 4947 2054 5037 potentia
2079 4948 2175 5033 eius,
2202 4962 2236 5018 et
2263 4946 2452 5029 divinitas,¹
2482 4926 2579 5019 canapi

613 5042 842 5137 promissioni
859 5042 1028 5133 gratuitae
1043 5044 1351 5120 reconciliationis.
1403 5045 1501 5117 Haec
1526 5044 1597 5113 ini·
1648 5048 1793 5132 ciuntur
1806 5050 1851 5119 ab
1868 5048 2008 5139 opificio
2023 5051 2171 5135 mundi,
2199 5050 2438 5119 animadversa
2453 5066 2487 5112 es
2502 5027 2580 5125 operi

613 5149 665 5218 tio
678 5144 879 5215 meminisse
893 5144 1059 5215 lectorem
1075 5161 1233 5238 oportet,
1257 5150 1426 5219 noticiam
1450 5160 1596 5217 natura·
1647 5148 1724 5222 bus.
1778 5146 1958 5221 Divinitas
1981 5151 2057 5219 eius
2081 5164 2115 5221 ct
2137 5164 2278 5221 aeterna
2302 5147 2472 5245 potentia,
2499 5139 2579 5209 idib

613 5250 684 5317 lem
700 5248 745 5314 de
760 5241 855 5331 Deo,
878 5268 952 5316 esse
966 5249 1144 5338 quandam
1160 5249 1246 5338 legis
1266 5251 1452 5337 noticiam,
1477 5274 1523 5317 ne
1538 5248 1596 5315 in·
1647 5254 1742 5342 quod
1758 5252 1803 5323 air
1818 5249 1932 5337 Deus,
1959 5266 2136 5339 aeternus,
2162 5248 2300 5345 poteris,
2323 5252 2468 5343 sapiens,
2491 5244 2577 5309 iussn.

612 5346 817 5438 tempestive
831 5350 1023 5420 confundat
1037 5349 1148 5440 legem
1163 5365 1199 5423 et
1214 5347 1460 5441 Evangelium.
1497 5348 1593 5419 Mira
1645 5352 1779 5439 bonus,
1804 5355 1957 5447 puniens
1982 5355 2155 5440 iniustos,
2185 5356 2375 5426 exaudiens
2398 5364 2430 5421 et
2451 5344 2576 5418 ,diuvant
2612 5338 2613 5343 ἵ

605 5461 797 5518 estautem
813 5445 914 5519 Pauli
937 5452 1077 5533 concio,
1111 5446 1593 5545 etlongesuperanstilo-
1644 5454 1765 5526 iustos.
1832 5454 1949 5545 Haec,
1983 5458 2150 5551 inquam,
2180 5460 2337 5546 agnoscit
2359 5474 2454 5523 mens
2476 5448 2575 5514 inrorat

610 5544 804 5639 sophorum
819 5552 1058 5641 cogitationes,
1084 5554 1134 5625 ait
1148 5554 1185 5624 in
1202 5556 1307 5624 nobis
1323 5578 1397 5625 csse
1411 5553 1591 5633 noticiam,
1642 5556 1823 5651 opificium
1838 5560 1975 5633 mundi.
2028 5558 2116 5629 Nam
2143 5552 2482 5643 exmultiavestigiis
2500 5536 2574 5615 ratio

609 5673 714 5743 quana
733 5663 834 5723 vocat
850 5656 1041 5728 veritatem.
1091 5654 1141 5728 Αι
1154 5655 1318 5750 Epicurei
1335 5670 1369 5726 et
1385 5654 1590 5727 Academici
1641 5660 1862 5730 cinatucista
1880 5658 2026 5732 deDeo.
2079 5656 2203 5753 Neque
2218 5672 2334 5730 tamen
2351 5654 2416 5727 hae
2431 5640 2573 5724 ..atocio

608 5748 672 5822 bas
694 5754 785 5844 ipsas
808 5756 956 5829 noticias
980 5759 1195 5844 obruerunt,
1235 5760 1297 5828 sed
1319 5760 1588 5839 mentienteset
1640 5773 1755 5846 retur,
1781 5760 1849 5832 nisi
1866 5762 1970 5831 etiarn
1987 5759 2092 5832 insita
2116 5778 2204 5834 esset
2229 5762 2340 5832 menti
2357 5756 2511 5853 quaedam
2530 5758 2571 5807 oo

605 5870 800 5946 pugnantes
815 5880 895 5931 coro
910 5861 984 5955 ipsa
1001 5873 1127 5933 natura
1143 5855 1316 5932 bominis:
1344 5855 1464 5932 baeret
1490 5858 1585 5929 euim
1638 5860 1719 5935 tirio
1740 5884 1802 5934 seu
1822 5862 2005 5961 πρόληψις
2025 5863 2069 5933 de
2083 5858 2175 5951 Deo,
2225 5862 2344 5954 Quare
2360 5860 2458 5955 ‘prius
2476 5840 2570 5939 inquit:

720 1244 800 1346 Qui
814 1243 1000 1318 veritatem
1014 1240 1055 1313 io
1069 1236 1261 1312 iniusticia
1278 1232 1451 1315 deciman.
