5825 6950
594 695 693 778 soso
1178 680 1308 760 run.
1332 676 1453 759 tarn
1477 672 2019 756 semerasxscnucs.
2201 758 2207 767 ,
2503 696 2580 773 10„

596 898 639 947 es
652 872 737 943 sinn
751 860 886 939 aeterni
904 856 1034 954 patris,
1060 868 1094 927 et
1112 854 1316 925 immediate
1328 854 1367 925 in
1384 851 1588 923 ministerio
1635 876 1677 921 cr
1699 848 1780 921 sinu
1803 852 1937 923 aeterni
1958 851 2087 944 patris,
2113 866 2163 925 est
2180 854 2302 935 efficax
2322 882 2403 931 vnce
2416 856 2583 952 Evangelii,

597 990 650 1049 est
664 972 806 1052 efficax,
829 966 920 1036 sicut
938 960 1074 1055 inquit:
1101 957 1213 1029 Nemo
1236 960 1338 1027 novit
1361 974 1496 1047 patrem
1516 957 1584 1024 nisi
1637 958 1726 1023 daus
1750 958 1843 1023 dona
1867 950 2094 1042 hominibus,
2118 958 2155 1025 id
2178 972 2246 1044 est,
2274 959 2445 1031 vivificans
2463 970 2583 1037 treden-

597 1078 716 1160 lilius,
740 1085 775 1141 et
796 1067 855 1138 cui
870 1064 967 1138 filius
993 1064 1088 1133 volet
1111 1060 1278 1129 revelare.
1332 1053 1582 1149 Apprelreudi·
1638 1069 1705 1133 tes,
1731 1057 1820 1126 dans
1836 1051 2011 1147 Spiritum
2029 1072 2208 1143 sanctum,
2232 1074 2263 1129 et
2283 1062 2479 1133 resuscitans
2493 1060 2586 1137 bom·

600 1195 661 1252 tur
677 1196 760 1265 ergo
776 1167 874 1241 Deus
889 1167 1017 1249 verbo,
1052 1177 1086 1233 et
1104 1163 1266 1233 nondum
1285 1160 1504 1252 conspicitur
1524 1184 1587 1252 pa·
1638 1180 1700 1226 nes
1717 1180 1758 1226 ex
1775 1171 1906 1244 morte,
1932 1172 1967 1230 et
1982 1161 2171 1231 restituens
2188 1163 2293 1231 nobis
2315 1161 2479 1235 iusticiam
2500 1181 2529 1237 et
2545 1172 2586 1237 vi.

601 1282 674 1351 lam
698 1272 848 1347 essentia
870 1266 1081 1339 divinitatis.
1139 1312 1142 1319 ,
1638 1271 1711 1330 tarn
1734 1272 1933 1345 aeternam,
1958 1261 2282 1332 defendens-etiam
2302 1260 2484 1335 Ecclesiam
2503 1270 2587 1339 mira·
2624 1321 2625 1332 ,

704 1376 775 1449 Sed
799 1383 881 1464 post
907 1364 1001 1439 banc
1032 1366 1141 1435 vitam
1173 1362 1411 1455 conspicietur
1435 1362 1588 1433 essentia
1639 1359 1768 1443 attius,
1786 1360 1824 1431 in
1850 1356 1917 1431 bac
1938 1360 2031 1449 vin,
2060 1386 2141 1432 cnm
2163 1362 2209 1434 sit
2230 1359 2439 1436 Emmanuel
2458 1380 2490 1437 et
2507 1384 2590 1459 caput
2624 1355 2625 1448 l

604 1475 804 1553 divinitatis
817 1473 1030 1550 immediate,
1046 1490 1121 1535 non
1136 1489 1199 1556 per
1213 1467 1450 1537 ministerium
1469 1461 1589 1535 Evan·
1640 1459 1971 1549 Ecclesiae,omnia
1988 1463 2172 1554 perficiens
2190 1464 2228 1535 in
2245 1467 2382 1538 sanctis.
2420 1463 2590 1541 Haesctio·
2624 1455 2625 1466 ἵ

606 1582 701 1675 galii.
755 1576 795 1647 ld
820 1572 981 1644 nominat
1000 1568 1132 1640 Paulus
1157 1589 1305 1657 regnum
1323 1566 1390 1638 Dei
1414 1582 1446 1638 et
1470 1567 1593 1658 patris.
1643 1587 1705 1634 nes
1720 1576 1804 1635 suut
1821 1588 1902 1634 vera
1919 1565 2050 1656 gloria,
2081 1588 2156 1638 non
2174 1569 2321 1639 umbrae
2335 1568 2590 1663 spectaculorum,

607 1683 704 1774 Quia
733 1692 818 1750 tunc
848 1674 996 1744 essentia
1029 1669 1226 1740 divinitatis
1260 1670 1517 1761 conspicietur,
1559 1680 1591 1737 et
1641 1676 1703 1737 ant
1725 1664 1844 1736 inanis
1866 1669 1970 1740 lama.
2019 1732 2024 1741 ,

606 1798 684 1875 aget
700 1777 921 1859 immediate,
947 1796 1020 1843 non
1044 1795 1107 1861 per
1131 1770 1367 1842 ministerium
1394 1766 1595 1859 Evangelii,

607 1900 642 1958 et
659 1884 726 1955 erit
741 1878 837 1951 Dens
850 1874 971 1947 omnia
988 1874 1026 1944 in
1042 1870 1222 1943 omnibus.

710 1981 913 2070 Diligenter
926 1990 1042 2047 autem
1059 1973 1216 2062 singulae
1239 1968 1431 2057 particulae
1445 1969 1485 2038 in
1500 1968 1595 2040 dicto
1747 1964 1869 2037 Finita
1892 1979 1966 2037 tota
1989 1968 2234 2040 admonitione
2249 1972 2295 2040 de
2311 1968 2529 2055 ceremoniis,
2547 1974 2592 2043 ad-

610 2087 739 2163 Esaiae
763 2082 1049 2151 considerentur:
1083 2076 1124 2143 lu
1140 2074 1218 2166 ipso
1234 2069 1369 2141 Gentes
1392 2073 1598 2163 sperabunt.
1647 2070 1701 2141 dit
1715 2070 1871 2140 oratorio
1887 2094 1985 2138 more
2000 2070 2400 2166 m.itigatiouem,siqui
2415 2074 2593 2161 praeferoces

611 2189 745 2263 Paulus
774 2197 877 2273 urget
906 2178 1180 2271 adpellationem
1212 2170 1405 2255 Gentium,
1444 2196 1486 2243 ac
1514 2171 1598 2243 citat
1648 2184 1710 2242 aut
1725 2170 1856 2241 morosi
1873 2194 1910 2239 se
1925 2172 2051 2241 durius
2067 2172 2273 2263 obiurgatus
2288 2192 2364 2242 esse
2381 2172 2594 2251 existimarent.

612 2294 708 2363 inter
721 2284 944 2373 testimonia,
962 2302 1052 2373 quae
1068 2276 1257 2347 adfirmant
1273 2270 1508 2361 Evangelinm
1525 2294 1597 2341 uon
1649 2270 1740 2343 Nam
1759 2271 1869 2365 aliqui
1886 2271 2074 2345 ferociores
2101 2295 2202 2364 aegre
2216 2272 2336 2344 ferunt
2353 2272 2538 2345 libertatem
2554 2300 2594 2345 re·
2626 2281 2627 2356 ξ

613 2407 752 2466 tantum
777 2388 822 2455 ad
841 2407 903 2453 eos
920 2383 1116 2475 pertinere,
1142 2378 1206 2471 qui
1223 2376 1297 2445 uati
1313 2391 1395 2445 suut
1412 2374 1600 2445 exsemine
1651 2374 1799 2469 stringi,
1824 2373 1886 2443 alii
1902 2377 2032 2445 morosi
2054 2398 2157 2465 aegre
2174 2376 2293 2447 lerunt
2308 2374 2454 2447 usitatas
2472 2400 2594 2446 cereno·

502 2508 509 2523 ¹
614 2494 731 2567 lacob.
782 2485 922 2556 Deinde
938 2486 1085 2552 verbnm
1101 2478 1266 2571 sperandi
1281 2477 1600 2568 opponatur-dam·
1652 2476 1730 2545 nias
1746 2474 1896 2565 negligi,
1922 2476 2035 2566 placat
2053 2478 2162 2567 igitur
2178 2490 2366 2572 utrosque,
2399 2477 2593 2549 tribuenscis

614 2591 773 2676 nationi,
816 2604 848 2659 et
879 2579 1201 2677 comprehendatur
1229 2602 1367 2649 summa
1393 2577 1599 2671 promissio-
1653 2578 1793 2647 laudem
1812 2576 1982 2647 bonitatis
1997 2592 2032 2649 et
2046 2578 2276 2663 eruditionis,
2309 2591 2593 2669 ceperannum
2627 2603 2628 2638 t

616 2721 723 2779 uum,
747 2690 929 2769 videlicet,
963 2686 1056 2755 mitti
1081 2682 1193 2752 lilium
1218 2678 1308 2764 Dei,
1334 2693 1373 2750 ut
1397 2692 1504 2770 capnt
1527 2700 1600 2749 sec·
1652 2673 1745 2748 hanc
1776 2677 2058 2749 admonitionem
2087 2682 2174 2751 boni
2204 2681 2413 2762 consulant,
2453 2702 2526 2751 cum
2547 2680 2594 2748 siut

615 2796 732 2893 pentis
747 2802 922 2863 conteras.
976 2784 1082 2866 ltem,
1108 2797 1149 2853 ut
1165 2783 1320 2851 destruat
1343 2803 1492 2871 regnum
1523 2781 1600 2849 dia·
1653 2778 1802 2870 placidi,
1834 2778 1997 2865 candidi,
2036 2805 2111 2852 non
2131 2782 2236 2853 facile
2257 2781 2469 2866 irritabiles,
2501 2781 2593 2851 etsist

614 2898 707 2981 boli,
733 2894 848 2963 deleat
868 2902 1050 2981 peccatum
1065 2898 1098 2954 et
1113 2898 1282 2960 mortem,
1309 2896 1343 2954 et
1363 2883 1524 2952 restituat
1546 2880 1601 2949 in·
1654 2879 1905 2969 intelligentes.
1956 2880 2047 2951 Nam
2065 2886 2159 2974 apud
2180 2886 2355 2955 candidos
2378 2895 2412 2954 et
2433 2883 2595 2971 intelliger-

614 2999 751 3072 sticiam
777 3007 812 3064 et
837 2992 944 3062 vitam
968 3002 1161 3060 aeternam.
1225 2980 1322 3053 Haec
1347 2986 1441 3053 dona
1472 2984 1603 3051 dantur
1652 2996 1704 3051 tes
1718 2994 1770 3051 est
1785 2982 2020 3073 cognoscendi
2036 2998 2070 3055 et
2085 2985 2291 3073 ignoscendi
2307 2987 2427 3071 locos,
2450 2984 2597 3055 aicntverc
2627 2997 2628 3000 ’

616 3112 762 3194 propter
787 3094 901 3163 lilium
926 3088 1010 3171 Dei,
1048 3101 1083 3157 et
1113 3109 1177 3177 per
1200 3108 1281 3155 enm
1310 3083 1537 3155 credentibus
1564 3083 1603 3151 in
1643 3082 1805 3170 dicitnr,
1831 3078 1883 3164 cic
1908 3078 1984 3177 ἡδὺ
2010 3084 2154 3160 συνέσει
2180 3079 2390 3182 χρηστότης
2418 3080 2594 3182 καραμὴ.
2627 3027 2630 3180 l

619 3205 749 3295 ipsum.
801 3192 886 3265 ldeo
910 3190 1044 3284 inquit:
1072 3187 1277 3279 Sperabunt
1292 3186 1331 3255 in
1348 3209 1451 3269 enm,
1476 3184 1603 3255 videli·
1660 3183 1735 3254 Alii
1751 3183 1887 3256 indocti
1902 3200 1936 3257 et
1950 3186 2114 3258 iracundi
2127 3189 2231 3259 facile
2245 3189 2452 3275 irritantur,
2478 3202 2508 3258 et
2522 3185 2597 3256 snosl

621 3316 697 3385 cet,
726 3312 766 3369 ut
788 3292 875 3365 baec
899 3294 992 3364 bona
1015 3290 1209 3381 accipiant,
1236 3288 1326 3358 sicut
1346 3301 1384 3359 at
1405 3286 1443 3357 iu
1459 3284 1602 3357 Psalmo
1652 3285 1785 3356 irritati
1810 3300 1893 3357 sunt
1921 3288 2181 3375 implacabiles,
2221 3305 2261 3361 nt
2277 3291 2428 3363 dicitur:
2466 3287 2597 3379 lmpen'to

620 3404 769 3476 diciturs
809 3394 910 3466 Beati
932 3415 1057 3464 omnes
1079 3391 1142 3485 qui
1163 3389 1346 3460 confidunt
1366 3390 1405 3461 in
1426 3412 1482 3461 eo.
1539 3384 1605 3459 Est
1654 3381 1803 3457 bomine
1819 3412 2001 3483 nunquam
2025 3392 2221 3488 quidquam
2244 3392 2426 3469 iniustius.
2474 3388 2600 3461 EtSslo

619 3526 703 3595 ergo
736 3521 885 3590 regnum
919 3494 1202 3576 consolationis,
1247 3514 1322 3560 non
1354 3489 1604 3564 damnationis.
1654 3512 1739 3559 mon
1773 3491 1915 3584 inquit:
1962 3490 2055 3563 lram
2091 3496 2191 3568 stulti
2229 3517 2399 3586 magnum
2430 3518 2515 3565 onus
2541 3511 2600 3562 esst.

620 3605 667 3678 Et
692 3601 811 3674 cultus
833 3597 969 3692 proprii
990 3593 1097 3668 huius
1118 3594 1218 3684 regni
1242 3606 1345 3677 sunt,
1378 3593 1484 3676 fides,
1514 3613 1605 3682 spes,
1657 3588 1711 3673 lta
1735 3591 1824 3663 lenit
1847 3605 2034 3687 utrosque,
2066 3621 2146 3666 cum
2170 3597 2237 3679 ait,
2263 3599 2439 3689 placidos,
2469 3618 2534 3666 non
2550 3593 2600 3661 ira
2629 3646 2630 3649 ,

620 3704 813 3787 consessio,
846 3695 1170 3790 gratiarumactio,
1201 3694 1400 3773 invocatio,
1432 3715 1604 3786 propaga·
1655 3694 1809 3778 condor,
1847 3717 1923 3764 non
1952 3717 2113 3769 morosos
2139 3721 2235 3782 esse,
2278 3712 2313 3772 et
2336 3713 2509 3792 praeterea
2534 3705 2599 3764 recte
2629 3746 2630 3761 t

620 3810 671 3881 tio
703 3801 901 3892 Evangelii.
958 3799 1049 3870 Nam
1080 3796 1254 3867 vocabulo
1283 3796 1450 3885 sperandi
1483 3793 1602 3864 omnia
1654 3796 1776 3865 doctos
1806 3817 1902 3865 esse:
1944 3797 2033 3868 tales
2059 3801 2155 3869 enim
2184 3802 2337 3871 liberam
2360 3798 2600 3873 admonitionem

619 3907 707 3981 baec
727 3899 1096 3995 comprehenduntur,
1122 3898 1227 3980 fides,
1252 3918 1349 3990 spes,
1374 3895 1554 3966 invocatio
1568 3909 1604 3966 et
1654 3895 1740 3966 boni
1756 3897 1959 3969 consulunt.
2220 3908 2223 3913 ’
2316 3914 2321 3922 ’

624 4008 733 4080 vicini
753 4019 883 4077 motus.
935 3999 983 4074 Et
1004 4003 1043 4072 in
1058 3999 1283 4071 invocatione
1305 4000 1545 4069 accendantur
1568 4010 1605 4067 et
1774 4011 1778 4019 '
2035 4063 2044 4086 .

622 4109 879 4181 confirmentur
895 4107 940 4174 de
961 4097 1029 4174 boc
1052 4123 1180 4193 regno,
1207 4100 1311 4185 fides,
1337 4121 1435 4191 spes,
1460 4100 1607 4169 invoca·
1767 4056 1925 4161 Pml’lff
1936 4073 2105 4158 &mmm
2122 4089 2217 4166 ⁹¹¹⁰ss
2235 4063 2332 4140 dm
2347 4077 2400 4140 ⁶⁸²
2414 4061 2515 4154 mill·
2629 4126 2630 4138 ι

622 4213 673 4285 ιὶο
694 4221 730 4282 et
752 4206 944 4298 gratiarnm
968 4204 1072 4276 actio.
1756 4193 1806 4270 llt
1828 4203 1873 4270 ad
1895 4201 2088 4291 placandos
2109 4205 2275 4292 lectores,
2314 4221 2351 4278 et
2374 4209 2419 4278 ad
2441 4201 2601 4296 augendam

726 4305 886 4381 Additur
901 4319 1037 4378 autem:
1065 4301 1167 4374 Mors
1182 4301 1260 4372 eins
1271 4301 1342 4372 erit
1359 4301 1483 4390 gloria.
1535 4299 1606 4373 Ubi
1653 4302 1877 4373 autoritatem
1899 4303 2154 4376 admonitionis
2177 4309 2348 4382 conducit
2371 4309 2500 4380 messio
2523 4299 2601 4373 allidi

623 4411 813 4504 significat,
842 4407 1009 4479 Messiam
1021 4404 1238 4476 revicturum
1254 4424 1327 4473 esse
1342 4426 1384 4472 ex
1397 4416 1528 4486 morte,
1552 4417 1609 4473 at·
1655 4417 1690 4474 et
1703 4403 1958 4473 miraculorum
1977 4429 2081 4498 quam
2097 4408 2208 4488 addit,
2224 4412 2326 4503 quasi
2345 4411 2457 4483 dicat:
2482 4405 2599 4478 Movent

623 4513 756 4609 queita
772 4511 991 4583 aboliturum
1014 4530 1088 4577 esse
1110 4517 1280 4590 mortem,
1306 4527 1381 4574 non
1404 4519 1543 4575 tantum
1569 4506 1607 4573 in
1654 4505 1819 4597 Apostoli
1841 4505 1975 4590 officio,
2007 4519 2046 4576 nt
2072 4507 2134 4578 vos
2162 4512 2309 4580 doceam
2334 4530 2370 4584 et
2400 4506 2601 4584 commonels·

622 4613 769 4708 proprio
793 4635 962 4702 corpore,
995 4607 1112 4680 sedin
1132 4607 1301 4676 omuibus
1324 4607 1551 4676 credentibus
1568 4607 1608 4675 in
1657 4609 1767 4688 ciam,
1800 4621 1835 4676 et
1848 4604 1945 4677 Deus
1961 4608 2087 4680 tribuit
2100 4612 2300 4683 testimonia
2323 4637 2424 4684 meae
2444 4609 2600 4682 doctrinae.

623 4739 724 4803 eum,
749 4738 790 4785 ac
810 4712 1033 4784 redditurum
1050 4710 1099 4779 eis
1117 4708 1293 4779 iusticiam
1309 4720 1343 4776 et
1361 4709 1470 4776 vitam
1493 4721 1608 4777 aeter·
1657 4706 1778 4797 Quare
1799 4732 1857 4776 me
1881 4708 2020 4799 placide
2040 4712 2211 4799 audiatis,
2237 4711 2376 4785 etmihi
2398 4704 2600 4786 assentiamini

622 4840 718 4889 nans.
767 4814 962 4887 Alexandri
985 4835 1082 4882 mors
1104 4834 1178 4880 non
1201 4823 1253 4879 est
1276 4808 1409 4900 gloria,
1441 4810 1502 4878 sed
1527 4807 1608 4877 finis
1656 4811 1732 4879 sine
1748 4809 1980 4880 dubitatione.

622 4932 675 4992 cst
696 4917 766 4987 iam
790 4917 951 4986 omnium
976 4915 1155 4984 actionum
1178 4910 1386 4983 Alexandri.
1437 4907 1609 4982 Nominat
1757 4908 1826 4981 Hic
1839 4911 2136 4983 considerandum
2151 4925 2203 4985 eat
2215 4939 2355 4998 rursus,
2380 4915 2490 5011 qualis
2504 4914 2543 4983 sit
2555 4931 2599 4978 au·

623 5020 720 5090 enim
744 5041 813 5088 vox
833 5017 956 5086 divina
977 5014 1128 5104 gloriam
1151 5035 1225 5082 non
1251 5013 1447 5102 spectacula
1470 5025 1531 5081 aut
1555 5013 1605 5080 fa·
1656 5012 1779 5084 toritas
1814 5014 2024 5104 apostolica:
2074 5019 2171 5108 qnod
2210 5019 2373 5097 uidelicet
2409 5032 2533 5090 certum
2562 5009 2598 5086 sit

519 5163 523 5170 ·
622 5143 737 5204 marn,
762 5141 868 5212 quam
884 5141 958 5188 non
974 5116 1081 5186 sentit
1097 5113 1202 5206 isqui
1218 5112 1427 5197 celebratur,
1443 5128 1483 5183 ut
1498 5108 1607 5184 Alex·
1655 5113 1820 5206 Apostoli
1832 5115 2031 5188 doctrinam
2046 5138 2120 5187 esse
2134 5119 2305 5205 divinam,
2325 5132 2359 5191 et
2375 5120 2408 5189 ei
2423 5113 2598 5188 credendun

621 5219 727 5293 andri
757 5222 906 5290 cadaver
936 5239 1062 5304 magna
1097 5237 1226 5306 pompa
1249 5215 1391 5284 ducitur
1413 5238 1455 5284 es
1487 5211 1608 5309 Baby·
1656 5239 1751 5297 esse,
1788 5217 1880 5288 sicut
1904 5219 1981 5288 voci
1999 5216 2067 5289 Dei
2083 5221 2129 5288 de
2151 5222 2250 5292 coelo
2273 5221 2415 5292 sonanti
2435 5215 2597 5290 immediate

623 5324 707 5394 lone
728 5321 767 5390 in
784 5320 985 5415 Aegyptum
1007 5316 1218 5387 collocatum
1242 5316 1279 5383 in
1301 5337 1444 5385 auream
1468 5317 1608 5385 sellam:
1657 5319 1751 5388 inter
1767 5319 1952 5390 manifesta
1971 5320 2265 5406 miracula,sicut
2275 5323 2460 5411 decalogus
2474 5311 2596 5412 promul·

622 5428 682 5498 sed
708 5422 872 5494 nominat
902 5421 1051 5512 gloriam
1073 5417 1225 5487 viventis
1247 5440 1419 5507 personae
1440 5418 1608 5490 actiones.
1655 5432 1757 5508 gatus
1776 5433 1846 5502 est,
1879 5433 1915 5490 et
1939 5444 2041 5514 saepe
2059 5424 2147 5494 alibi
2169 5425 2214 5494 de
2235 5425 2428 5518 apostolica
2446 5417 2596 5492 autoritate

621 5526 672 5601 Ut
685 5520 848 5599 Christus
865 5535 943 5614 post
961 5532 1110 5591 mortem
1125 5517 1321 5604 reviviscit,
1345 5532 1380 5590 et
1394 5519 1517 5590 vivens
1534 5520 1607 5589 col·
1656 5521 1833 5613 copiosius
1858 5523 1990 5594 dictum
2017 5537 2079 5599 est.

622 5630 700 5718 ligit
716 5639 893 5696 aeternam
910 5619 1123 5706 Ecclesiam,
1158 5643 1237 5688 vere
1259 5621 1468 5708 deprecatur
1483 5645 1549 5712 pro
1568 5645 1607 5691 ea
1757 5619 1876 5695 Ornat
1891 5639 2007 5696 autem
2023 5625 2259 5699 ministerium
2276 5611 2592 5700 vocabulosacrificii

622 5728 762 5798 assidue
785 5728 879 5818 apud
904 5737 1039 5817 patrem
1064 5723 1104 5791 in
1121 5743 1250 5791 arcano
1265 5723 1414 5791 consilio
1437 5723 1608 5793 divinita·
1656 5723 1706 5794 ait
1737 5748 1774 5796 se
1797 5727 1997 5798 ministrum
2019 5750 2094 5798 esse
2114 5729 2364 5801 sacrificantem
2390 5719 2594 5812 Evangeliutt·

627 5829 690 5916 tis,
716 5831 835 5916 adest,
866 5839 982 5898 servat
1003 5822 1240 5900 ministerium
1265 5819 1451 5914 Evangelii
1477 5825 1607 5917 prolati
1658 5824 1758 5898 Nova
1773 5822 1858 5900 baec
1872 5828 1986 5898 forma
2001 5831 2178 5903 sermonis
2190 5845 2253 5918 est,
2272 5833 2333 5904 sed
2349 5827 2593 5914 eutitanus

1984 1821 2214 1906 certassem
2231 1841 2293 1911 etc.
