5825 6950
371 661 453 778 sai
544 697 649 777 xm.
699 699 735 772 a.
762 690 1127 774 conuunrnuu
1154 693 1208 772 m
1233 692 1389 770 cusu
1415 686 1565 766 raum
1593 681 1663 762 tn
1688 683 1951 770 nouenos.
2002 689 2108 775 car.
2137 695 2236 775 uu.
2331 704 2414 780 sca

374 886 462 944 snut
488 871 653 944 liberatio
673 893 695 942 s
719 883 833 943 morte
858 883 1021 955 aeterna,
1049 883 1083 942 et
1106 867 1262 940 incoatio
1284 866 1377 938 vitae
1398 866 1404 927 l
1428 861 1553 948 debet,
1568 861 1743 958 quidquid
1761 875 1813 933 cst
1830 862 1866 934 in
1883 858 2030 942 homine
2045 870 2123 942 sine
2135 869 2274 971 Spiritu
2287 892 2419 960 senctm

300 994 304 1009 ¹
372 989 560 1058 aeternae,
586 975 678 1047 sicut
691 969 856 1046 Christus
871 973 1010 1066 inquit,
1044 972 1243 1044 Ioan.1i.:
1277 967 1375 1039 Haec
1428 965 1615 1049 videlicet,
1653 989 1726 1034 non
1754 977 1892 1036 tantum
1916 974 2091 1062 appetitus
2115 977 2322 1062 sensilium,
2355 984 2417 1052 ead

373 1092 431 1147 est
461 1078 533 1148 cita
562 1091 723 1159 aeterna,
755 1089 796 1146 ut
816 1089 1015 1166 agnoscant
1037 1088 1072 1144 te
1095 1072 1212 1144 Deum
1237 1096 1375 1155 verum,
1427 1067 1534 1138 etiam
1549 1068 1640 1138 ratio
1657 1079 1692 1138 et
1716 1067 1881 1140 voluntas
1907 1073 1984 1142 sine
2007 1073 2146 1168 Spiritu
2169 1094 2302 1157 sancto.
2352 1077 2418 1156 Est

375 1195 412 1250 et
437 1204 541 1272 quem
575 1179 702 1250 misisti
730 1175 845 1248 lesum
869 1171 1066 1252 Christum.
1125 1173 1233 1261 Tales
1258 1188 1375 1244 motus
1427 1169 1536 1260 igitur
1553 1165 1611 1240 hic
1628 1170 1727 1240 locus
1745 1171 2005 1261 observandus,
2038 1194 2078 1250 ιιι
2100 1173 2292 1254 habeamus
2315 1185 2416 1256 testi·

376 1306 453 1352 ιιοιι
470 1281 626 1352 existunt
640 1283 680 1353 in
696 1275 906 1350 hominihus
922 1281 1000 1348 sine
1018 1280 1107 1370 lide,
1141 1290 1175 1347 et
1197 1277 1273 1346 sine
1290 1275 1373 1366 Spi·
1398 1253 1402 1299 ¹
1426 1271 1587 1342 monium
1603 1273 1648 1342 de
1664 1273 1921 1362 significatione
1939 1271 2065 1349 harum
2082 1303 2221 1352 vocum.

378 1385 452 1454 ritu
468 1396 603 1453 sancto.
654 1382 740 1454 ldeo
758 1375 851 1451 hanc
868 1379 1094 1451 collationem
1111 1379 1265 1448 institnit
1281 1376 1374 1446 Pau·
1397 1370 1402 1464 l
1529 1370 1636 1460 Item,
1652 1375 1836 1446 manifeste
1854 1377 2052 1452 refutantur
2065 1379 2248 1473 pelagiani
2264 1399 2298 1456 et
2315 1385 2416 1456 simi-

380 1487 452 1568 lus,
465 1499 505 1555 ut
520 1485 696 1557 discernat
711 1482 931 1575 spiritualem
949 1495 982 1552 et
1000 1479 1372 1554 carnalemiusticiam.
1425 1473 1494 1554 lrs,
1522 1477 1584 1568 qni
1601 1478 1736 1564 fingunt
1758 1471 1919 1546 homines
1945 1481 2021 1552 sine
2037 1481 2174 1575 Spiritu
2195 1499 2317 1558 saneto
2342 1511 2416 1559 esse

302 1600 306 1609 '
382 1585 428 1658 Et
446 1587 608 1681 sequitur
621 1587 731 1672 ratio,
758 1607 849 1678 quae
866 1584 1040 1669 declarat,
1066 1583 1187 1678 quales
1203 1581 1276 1652 sint
1296 1604 1372 1648 mo-
1397 1658 1400 1671 .
1425 1576 1546 1648 iustos.
1599 1575 1687 1649 ltem
1702 1573 1910 1651 Scholastici
1929 1583 2114 1670 dixerunt,
2140 1588 2269 1659 mereri
2289 1591 2416 1662 remis-

385 1705 438 1758 tus
452 1689 490 1756 in
509 1702 636 1760 natura
652 1685 829 1775 bominis,
860 1687 939 1758 sine
964 1686 1057 1773 lide,
1088 1699 1123 1757 et
1146 1685 1223 1754 sine
1236 1683 1373 1776 Spiritu
1423 1679 1560 1750 sionem
1579 1693 1819 1769 peccatorum,
1846 1695 1879 1752 ct
1894 1686 2065 1772 gratiam,
2079 1687 2157 1758 sine
2175 1689 2313 1781 Spiritu
2329 1715 2415 1764 san·

384 1803 511 1865 sancto.
804 1842 809 1852 .
1424 1795 1491 1856 cto.
1548 1778 1620 1852 Hic
1643 1797 1760 1852 antem
1785 1785 1995 1857 erudiantur
2015 1790 2266 1876 conscientiae,
2297 1807 2338 1866 nt
2360 1795 2417 1862 di-

1423 1895 1525 1955 scant
1539 1883 1629 1954 effici
1645 1897 1764 1954 motus
1780 1881 1938 1976 Spiritus
1961 1892 2072 1960 sancti
2096 1915 2159 1982 per
2183 1894 2350 1978 verbnm,
2382 1909 2416 1968 et

1423 1986 1519 2076 quod
1535 1983 1691 2077 Spiritus
1713 2002 1854 2058 sanctus
1875 1990 2057 2065 comitetur
2089 1993 2248 2066 verbum.
2301 1995 2416 2068 Fiunt

473 2095 547 2168 Hie
581 2098 679 2168 locu,
716 2096 867 2166 maxime
904 2097 1036 2168 resurae
1067 2093 1296 2185 Pelagianos,
1336 2107 1373 2165 et
1423 2085 1534 2176 igitur
1549 2101 1666 2158 motus
1682 2088 1901 2179 spirituales,
1938 2117 2018 2162 cum
2043 2093 2082 2164 in
2107 2095 2200 2164 veris
2226 2098 2415 2185 pavoribus

420 1953 557 2028 Sensus
573 1955 698 2030 carnis
717 1954 917 2029 inimicitia
934 1965 987 2030 est
1002 1950 1179 2027 adversus
1192 1951 1330 2030 Deum.
1347 1961 1351 1968 ’

296 2269 301 2278 ‚
386 2222 523 2284 omnes,
563 2199 627 2293 qui
651 2199 909 2288 imaginamur,
947 2192 1110 2270 homines
1131 2198 1209 2268 cine
1232 2196 1371 2287 spiritu
1422 2189 1552 2260 iterum
1583 2190 1810 2260 consolamur
1840 2216 1906 2262 nos
1937 2196 2045 2265 verbo
2072 2192 2287 2288 Evangelii,
2322 2201 2416 2270 sicut

298 2358 299 2363 ,
387 2315 499 2372 sancto
518 2301 590 2391 legi
606 2299 674 2370 Dei
688 2301 855 2381 obedire,
882 2299 958 2371 imo
974 2298 1081 2370 ειίιιιιι
1100 2300 1168 2389 legi
1184 2298 1251 2370 Dei
1266 2299 1371 2370 satis·
1422 2305 1538 2364 textus
1552 2292 1687 2386 inquit:
1716 2289 1822 2362 Fides
1840 2317 1881 2362 ex
1905 2297 2031 2367 auditu
2055 2311 2117 2368 est.
2169 2297 2257 2370 ltem
2278 2303 2322 2370 ad
2340 2299 2415 2372 Ga-

298 2467 303 2476 ,
388 2405 505 2474 facere,
555 2401 627 2474 Sed
646 2397 817 2473 hicum
839 2403 924 2474 inde
946 2403 1082 2485 oritur,
1122 2403 1217 2495 quod
1244 2412 1371 2492 putant
1421 2393 1527 2466 lalus:
1555 2393 1969 2488 Ulpt'omlsslotplrlltlt
1986 2401 2091 2471 delur
2105 2423 2170 2492 per
2183 2400 2289 2471 fidem
2307 2417 2373 2479 ele.

300 2575 304 2584 ,
388 2505 455 2594 lege
484 2502 555 2576 Dei
586 2515 724 2575 tantum
758 2519 939 2578 externam
969 2503 1194 2596 disciplinam
1224 2503 1370 2598 requiri.

386 2605 474 2678 llaec
491 2605 697 2696 imaginatio
712 2606 857 2678 abducit
870 2631 928 2678 eos
943 2632 964 2677 a
978 2621 1070 2676 recta
1086 2605 1156 2676 via.
1675 2560 1724 2635 θ’·
1733 2557 1910 2638 ebrium
1929 2565 1968 2637 ἦ)
1984 2567 2086 2640 ⁰⁰5ss
2102 2578 2166 2647 ⁶⁸¹·

474 2705 671 2780 Sciendum
693 2720 746 2779 est
770 2709 898 2798 igitur,
925 2704 1101 2799 Legellci
1121 2707 1254 2802 requiri
1277 2707 1370 2778 inte-
1525 2697 1632 2790 Quod
1658 2702 1794 2795 inquit:
1829 2701 1868 2774 Si
1885 2700 2049 2777 Christus
2068 2707 2106 2777 in
2128 2708 2232 2780 vobis
2253 2722 2325 2796 est,
2357 2709 2416 2782 in-

305 2897 307 2902 ,
384 2811 509 2882 riorem
524 2809 786 2897 obedientiam,
809 2824 844 2882 et
867 2810 1011 2904 quidem
1033 2810 1224 2900 perfectam
1249 2833 1289 2880 ac
1311 2811 1369 2878 in·
1420 2801 1652 2892 telligendum
1670 2821 1721 2874 cst
1737 2804 1989 2896 perspiritum
2006 2822 2187 2895 sanctum,
2213 2811 2302 2884 sicut
2317 2827 2426 2906 post--

384 2927 524 3003 lepram,
581 2910 761 3007 Lqulllll'
781 2935 864 3002 ergo
885 2910 1017 2984 Paulus
1044 2906 1101 2981 hic
1121 2914 1165 2981 de
1188 2910 1369 2982 interiori.
1420 2927 1462 2974 ea
1477 2904 1616 2998 lnqulit
1643 2904 1799 2997 spirlillt
1815 2909 1892 2978 clu!
1917 2909 1981 3002 qul
2003 2911 2166 2983 extlidvli
2188 2910 2324 2996 letum,
2350 2909 2415 2988 ha·

381 3017 442 3086 bus
456 3013 581 3101 vitiis,
605 3015 649 3084 de
663 3017 789 3084 morbo
807 3014 973 3104 originis,
987 3015 1032 3084 de
1048 3015 1270 3103 ignoratione
1286 3012 1368 3103 Dei,
1420 3005 1510 3078 bitat
1525 3007 1564 3076 in
1578 3009 1692 3083 vobis.

381 3119 420 3188 de
434 3129 605 3208 perpetua
620 3116 863 3202 dubitatione,
888 3117 933 3186 de
946 3116 1241 3206 concupiscentia.
1274 3115 1368 3185 Ani-

307 3286 314 3307 ,
377 3242 456 3288 mus
486 3240 631 3290 securus
650 3218 727 3288 sine
748 3217 887 3306 Spiritu
909 3232 1031 3288 sancto
1061 3240 1137 3286 non
1160 3218 1258 3288 videt
1279 3218 1369 3286 iram
1439 3164 1586 3274 ΟΟἿΨις
1600 3171 1747 3294 quidem
1763 3188 1946 3250 mmm
1963 3189 2180 3282 “impiis
2193 3194 2394 3282 mmmm·

305 3389 309 3398 ,
378 3336 411 3392 et
430 3320 608 3391 iudicium
624 3318 704 3393 llei.
755 3317 853 3390 Haec
872 3319 1048 3390 dubitatio
1070 3332 1104 3389 et
1125 3319 1295 3390 securitas
1318 3331 1369 3390 est
1522 3309 1619 3382 Haec
1642 3315 1817 3387 tententie
1841 3317 1962 3398 docet,
1996 3341 2106 3411 quare
2130 3319 2168 3390 in
2189 3322 2320 3393 sanctis
2341 3325 2414 3397 sint

377 3435 578 3495 contemtus
607 3418 687 3496 Dei.
750 3417 890 3493 Rursus
922 3421 1064 3492 animus
1090 3420 1369 3512 perterrefactus,
1420 3414 1579 3509 reliquae
1593 3415 1818 3507 afflictiones,
1834 3433 1869 3491 et
1882 3442 1988 3494 mors.
2015 3417 2157 3495 Poterat
2173 3423 2269 3494 enim
2283 3425 2412 3499 obiici:

376 3541 416 3597 ut
429 3526 472 3595 in
485 3522 574 3595 Saul
591 3537 624 3595 et
640 3523 753 3607 Iuda,
777 3524 839 3594 ubi
853 3537 936 3596 sunt
953 3538 1106 3595 terrores
1120 3523 1197 3595 sine
1213 3522 1303 3609 fide,
1335 3538 1369 3597 et
1420 3518 1462 3590 si
1477 3518 1660 3589 credentes
1674 3535 1757 3592 sunt
1772 3518 1856 3593 iusti
1871 3532 1907 3591 et
1924 3521 1988 3592 lilii
2005 3522 2092 3608 Dei,
2117 3537 2154 3596 et
2168 3520 2336 3598 haeredes
2354 3528 2410 3599 ri-

375 3626 624 3698 consolatione
646 3624 802 3715 Spiritus
823 3626 955 3711 sancti,
993 3625 1082 3714 sugit
1105 3625 1194 3695 iram
1216 3638 1250 3697 et
1274 3626 1370 3695 iudi.
1420 3620 1478 3692 t'ae
1492 3632 1674 3703 aeternae,
1690 3646 1754 3693 cur
1767 3616 1886 3695 adhuc
1902 3637 1986 3694 sunt
2000 3626 2139 3697 onerati
2156 3641 2269 3699 morte
2286 3644 2319 3701 et
2332 3630 2414 3702 aliis

273 3792 279 3804 .
376 3730 475 3800 cium
491 3726 578 3809 Dei,
604 3742 639 3799 et
654 3727 809 3818 concipit
825 3722 1034 3799 horribilem
1050 3727 1232 3799 fremitum
1255 3742 1289 3799 et
1311 3728 1371 3797 in·
1419 3722 1594 3791 miseriis?
1620 3720 1697 3794 lmo
1713 3726 1853 3797 nullum
1870 3748 1980 3813 genus
1996 3719 2183 3799 hominum
2200 3743 2253 3801 est
2266 3732 2411 3802 calami-

269 3900 272 3907 ,
376 3830 623 3923 dignationem
639 3832 805 3899 adversus
820 3830 947 3919 Deum.
1421 3824 1552 3907 tosius‚
1578 3848 1685 3915 quam
1704 3826 1773 3917 pii,
1798 3827 1881 3922 quia
1899 3826 2064 3899 diabolus
2080 3842 2115 3901 et
2130 3832 2286 3903 mundus
2310 3856 2411 3906 exer·

287 3939 295 3972 Ι

483 3930 609 4025 ltaque
622 3929 756 4001 Paulus
773 3954 848 4001 non
864 3945 1002 4003 tantum
1016 3930 1252 4026 appetitiones
1270 3927 1370 3999 inor·
1421 3940 1503 3997 cent
1534 3927 1703 3997 adversus
1726 3952 1786 3999 eos
1810 3923 2018 3999 horribilem
2037 3932 2232 4005 saevitiam.
2291 3931 2410 4023 Quam

285 4007 298 4138 Ἰ
380 4036 522 4107 dinatss
537 4056 725 4111 sensuum,
755 4046 796 4105 ut
812 4033 1000 4119 libidines,
1035 4036 1092 4105 vel
1116 4035 1184 4104 alia
1207 4046 1292 4103 nota
1314 4030 1370 4100 vi·
1420 4029 1469 4099 ob
1501 4028 1665 4099 cansam?
1706 4026 1838 4101 Paulus
1862 4033 2066 4121 respondet:
2110 4030 2205 4122 Quia
2230 4028 2348 4107 adhuc
2370 4038 2409 4111 in

382 4139 458 4223 tia,
483 4136 586 4220 odia,
611 4135 856 4224 rapacitatem,
871 4147 905 4206 et
919 4136 1049 4207 similia
1065 4132 1124 4207 hic
1137 4147 1295 4216 accusat,
1307 4134 1367 4203 sed
1421 4154 1526 4201 carne
1543 4129 1721 4225 reliquum
1737 4146 1787 4203 est
1803 4146 1995 4223 peccatum.

383 4240 495 4309 multo
511 4239 622 4326 magis
638 4237 754 4307 tontes
769 4232 902 4307 borum
917 4239 1106 4320 malorum,
1122 4235 1367 4325 scilicetigno·
1519 4230 1735 4326 Quanquam
1766 4235 1876 4323 igitur
1905 4234 1944 4303 in
1978 4235 2100 4326 impiis
2131 4236 2348 4311 calamitates
2375 4254 2411 4313 et

269 4323 304 4429 ,Ι
383 4341 558 4413 sationem
590 4338 678 4423 Dei,
721 4340 1001 4428 dubitationem,
1040 4351 1277 4418 contemtum,
1309 4336 1368 4406 in·
1418 4357 1516 4406 mors
1544 4348 1630 4404 sunt
1652 4335 1862 4428 simpliciter
1886 4360 2019 4428 poenae
2041 4340 2191 4427 peccati,
2228 4342 2408 4411 tamenin

300 4477 304 4486 ·
387 4442 627 4535 dignationem
660 4441 829 4511 adversus
859 4442 990 4523 Deum.
1040 4442 1209 4531 Denique
1246 4462 1370 4509 omnes
1418 4434 1550 4509 sanctis
1578 4450 1663 4507 sunt
1688 4438 1874 4522 exercitia,
1916 4438 1956 4507 in
1978 4440 2109 4532 quibus
2129 4442 2236 4511 dehet
2256 4463 2410 4511 erescere

302 4595 306 4604 -
387 4546 534 4638 impetus
573 4554 772 4635 pugnantes
799 4566 880 4614 cum
902 4544 979 4633 tege
1009 4540 1079 4615 Dei
1109 4540 1369 4633 complectitur,
1419 4538 1559 4609 novitas
1574 4538 1789 4635 spiritualis,
1822 4552 1857 4609 et
1873 4560 1969 4610 mors
1988 4554 2040 4612 est
2061 4541 2138 4625 via,
2169 4564 2238 4635 qus
2264 4564 2409 4633 prorsus

305 4637 311 4704 i
389 4672 463 4717 rum
493 4647 564 4718 ait:
606 4643 740 4716 Sensus
768 4643 886 4715 carnis
910 4644 1100 4717 inimicitia
1126 4658 1179 4715 est
1199 4646 1370 4713 adversus
1420 4634 1691 4730 exutipeccito,
1717 4641 2017 4713 vestiamurnnva
2042 4654 2179 4715 natura.
2231 4639 2310 4713 llnc
2333 4645 2409 4715 dis-

388 4746 510 4821 Deum.
562 4743 655 4819 Usus
670 4759 721 4815 est
736 4744 870 4817 Paulus
884 4746 994 4819 atroci
1019 4745 1216 4836 vocabulo,
1246 4758 1288 4817 ιιι
1309 4769 1370 4814 co-
1420 4742 1556 4814 erimen
1573 4742 1762 4831 diligenter
1779 4742 2039 4813 observandum
2058 4756 2128 4825 est,
2161 4748 2257 4837 quod
2279 4744 2318 4813 in
2338 4744 2408 4815 im·

306 4909 312 4934 ,
392 4850 469 4940 citet
489 4850 602 4919 lector
625 4848 1015 4921 multomaioremessc
1038 4847 1281 4918 infirmitatem
1305 4870 1371 4915 na·
1420 4846 1494 4945 piis
1517 4842 1727 4914 afflictiones
1751 4844 1960 4942 simpliciter
1977 4844 2049 4914 sint
2070 4868 2222 4935 poenae,
2262 4844 2303 4915 in
2324 4870 2408 4917 san·

305 5217 313 5300 ζ
439 5216 516 5319 Qui
528 5242 651 5293 autem
670 5220 833 5289 incarne
848 5226 956 5300 sunt,
988 5213 1073 5288 Deo
1087 5212 1232 5316 placare
1247 5240 1322 5290 non

307 4941 313 5000 Ε
394 4966 486 5023 turae
513 4946 710 5029 humanae,
743 4973 851 5041 qnam
881 4964 922 5023 ut
948 4952 1041 5024 ratio
1072 4945 1231 5023 humana
1260 4947 1372 5042 possit
1422 4947 1489 5018 ctis
1518 4967 1603 5015 vero
1627 4944 1790 5017 exercitia
1815 4959 1853 5019 et
1874 4944 1951 5032 via,
1983 4967 2054 5037 qua
2076 4946 2259 5018 aboleatur
2282 4948 2408 5019 vitiosa
2456 4954 2458 4961 '

395 5077 463 5123 eam
476 5054 561 5124 satis
577 5052 698 5122 videre
713 5066 777 5122 ant
789 5052 960 5127 iudicare.
1422 5061 1456 5119 et
1474 5046 1660 5141 inquinata
1678 5070 1770 5118 caro.
1806 5044 1867 5119 Sic
1883 5068 1965 5136 ergo
1983 5046 2201 5136 intelligatur
2215 5044 2273 5119 hic
2287 5048 2407 5123 loeus:

1422 5147 1562 5240 Corpus
1577 5162 1629 5220 est
1643 5162 1841 5235 mortuum,
1867 5149 1903 5218 id
1920 5162 1992 5233 est,
2017 5148 2249 5221 mortificatur
2262 5165 2410 5247 propter

1423 5264 1624 5346 peccatum,
1656 5250 1789 5321 scilicet
1814 5272 1996 5341 praesens,
2031 5253 2127 5345 quod
2151 5246 2267 5323 adhuc
2289 5246 2409 5325 haeret

1423 5355 1463 5424 in
1478 5376 1584 5422 carne
1606 5364 1827 5439 sanctorum,
1853 5366 1888 5424 et
1903 5352 2120 5424 abolendum
2137 5368 2189 5427 est
2203 5354 2269 5427 iste
2283 5366 2410 5439 morte,

486 5455 584 5529 llaec
615 5451 804 5528 antithesis
839 5456 920 5527 ideo
944 5456 1133 5547 diligenter
1153 5454 1373 5526 observanda
1423 5469 1465 5527 ιιι
1481 5455 1657 5547 possimus
1670 5468 1838 5525 renovata
1853 5478 1958 5525 carne
1972 5455 2103 5527 vestiri.

400 5571 463 5652 est,
492 5561 576 5655 quia
591 5559 686 5628 clare
708 5559 884 5644 ostendit,
915 5558 1002 5651 quid
1020 5557 1153 5628 Paulus
1177 5568 1278 5627 vocet
1297 5578 1375 5625 car·
1526 5554 1597 5626 llic
1610 5557 1794 5627 adduntur
1813 5556 2070 5649 disputationes
2094 5558 2139 5628 de
2159 5556 2411 5631 satisfactioni·

400 5682 470 5731 uem
486 5676 520 5733 et
536 5661 716 5753 spiritum.
749 5658 844 5749 Quia
860 5660 957 5729 enim
976 5659 1112 5751 inquit:
1130 5655 1375 5750 SpiritusDei,
1426 5658 1514 5739 bus,
1540 5654 1602 5727 An
1620 5672 1698 5750 post
1713 5658 1954 5730 remissionem
1970 5660 2115 5750 eulpae,
2141 5657 2301 5751 imponat
2315 5656 2413 5729 Dens

402 5760 475 5831 item
490 5762 647 5857 Spiritus
661 5758 817 5848 Christi,
841 5762 926 5832 satis
942 5771 1080 5832 constat
1101 5784 1183 5831 eum
1204 5758 1307 5853 loqui
1331 5760 1377 5830 dc
1426 5773 1471 5832 ot
1484 5758 1622 5852 claves,
1646 5782 1778 5853 poenas
1791 5760 1947 5853 aliquas,
1979 5760 2155 5854 quaesiui
2174 5760 2413 5852 compensatio

797 5328 966 5417 possunt.

312 5863 318 5932 l
401 5860 526 5959 Spiritu
539 5878 683 5951 sancto,
705 5860 797 5939 Deo.
846 5856 943 5955 Ergo
957 5876 1101 5935 econtra
1122 5885 1204 5934 earo
1225 5860 1377 5953 intelligi
1428 5885 1495 5956 pro
1526 5875 1641 5937 morte
1663 5874 1818 5938 aeterna.
1874 5860 2035 5933 Breviter
2056 5862 2271 5957 respondeo:
2308 5858 2415 5933 Pote-

1904 5956 1986 6037 ts·
