5825 6950
561 690 640 770 592
1139 669 1267 744 t’tttt,
1295 667 1412 747 MEL.
1438 659 1653 749 scelera
1682 659 1981 741 EltEGE'l'lCd-
2410 733 2415 742 ,
2497 679 2545 758 595

564 864 706 941 mago·
759 855 856 936 Nm·
870 848 1034 946 gloriatin
1051 846 1196 943 proprie
1210 844 1385 938 signihcat
1398 837 1468 914 hoc
1485 841 1563 912 loco
1653 836 1895 915 Arbitramur
1918 835 2038 933 igitur
2046 832 2128 934 fide
2151 833 2351 934 iustificari
2371 834 2531 940 lantiam,

567 968 734 1047 fiduciam
753 959 872 1030 meriti
890 982 951 1027 seu
968 954 1147 1024 meritum.

675 1131 739 1206 Est
762 1145 879 1202 antem
898 1123 959 1196 hic
981 1124 1081 1193 locus
1104 1121 1241 1212 egregia
1260 1115 1482 1190 corrhrmatio
1499 1139 1566 1184 no-

576 1261 669 1316 strae
691 1229 1003 1327 interpretationis.
1054 1223 1161 1297 Clare
1183 1223 1279 1292 enim
1301 1221 1456 1293 ostendit
1473 1216 1569 1289 Pau-

1860 935 1998 1040 ubsqne
2014 940 2183 1040 operibns
2200 939 2293 1039 legis
2308 955 2370 1021 etc.
2417 989 2425 998 -

1723 1087 1997 1184 Epiptnuemut
2023 1095 2151 1167 adiecit
2174 1094 2448 1186 conclusionem,
2468 1101 2497 1172 in
2511 1133 2554 1202 qu,
2608 1073 2609 1076 Ἴ

1622 1198 1777 1270 breviter
1794 1196 1917 1287 repetit
1935 1198 2395 1292 summampropositionis,
2419 1219 2447 1276 et
2466 1205 2556 1280 iterun
2608 1217 2610 1292 ζ

578 1351 652 1416 lum
668 1339 737 1413 lroe
751 1339 868 1429 ipsum
885 1332 996 1416 velle,
1021 1331 1117 1425 quod
1133 1350 1198 1397 nos
1212 1327 1508 1414 interpretamur,
1535 1333 1569 1390 et
1623 1300 1777 1420 lnutulffl}
1793 1297 2028 1418 flffssldtlvtffl,
2052 1316 2093 1372 ut
2108 1301 2281 1372 sententia
2295 1303 2340 1374 sit
2355 1303 2480 1379 certior.
2520 1310 2557 1382 ln·
2608 1303 2611 1382 ζ

578 1455 746 1518 docemus
767 1432 1023 1509 monachornm
1053 1431 1262 1523 opinionem
1285 1432 1329 1498 de
1350 1427 1477 1498 merito
1501 1424 1569 1492 fal·
1624 1399 1766 1474 ³l¹llc³r1
1794 1400 1967 1522 §tgnrlicat
1988 1405 2158 1501 consequi
2188 1405 2425 1476 remissionem
2444 1429 2559 1502 peccato

579 1574 654 1622 sam
670 1569 762 1628 esse,
783 1543 844 1636 qui
863 1542 998 1629 lingunt
1012 1535 1217 1626 contingere
1229 1530 1475 1603 remissionem
1492 1552 1570 1619 pec.
1622 1531 1703 1578 rum
1725 1519 1759 1577 et
1775 1519 1932 1596 reputarr
1957 1519 2107 1593 rustum,
2133 1509 2170 1579 id
2192 1521 2264 1592 est,
2288 1523 2457 1599 acceptum
2476 1515 2510 1583 ad
2527 1517 2559 1584 ri-

582 1670 742 1724 eatnrnm
762 1659 908 1740 propter
929 1642 1074 1723 merita,
1107 1662 1182 1708 non
1209 1637 1336 1727 gratis,

582 1753 665 1826 lidei
683 1750 903 1829 doctrinam,
930 1758 968 1814 ut
982 1769 1062 1812 cnm
1077 1745 1223 1811 docent:
1251 1736 1292 1810 Si
1307 1735 1478 1808 contritio
1495 1734 1572 1804 ltres-

1369 1647 1403 1704 ει
1428 1631 1573 1701 abolens
1625 1625 1696 1682 tam
1720 1620 1911 1679 aeternam.
1962 1605 2053 1680 Cum
2078 1605 2144 1681 hac
2168 1611 2403 1700 acceptatione
2416 1616 2562 1690 coniuncta

1625 1725 1678 1783 est
1700 1711 1844 1782 donatio
1861 1709 2018 1802 Spiritus
2039 1715 2163 1786 sancti.
2215 1712 2321 1784 Fides
2335 1715 2562 1806 significatidn

583 1861 631 1931 rit
665 1853 843 1927 sufficiens
871 1847 1066 1918 meretritur
1097 1841 1354 1915 remissionem.
1420 1835 1467 1909 Et
1491 1837 1574 1930 qnia
1627 1817 1717 1886 clam
1740 1813 2003 1884 wlstrlfflrdlss
2033 1833 2178 1911 propter
2198 1813 2381 1888 Christum
2409 1823 2564 1909 promiane
2610 1829 2614 1914 ἦ

586 1981 772 2054 nunqnam
796 1975 983 2044 possumus
1005 1963 1157 2018 statuere
1180 1949 1276 2040 qnod
1309 1946 1355 2016 sit
1386 1942 1576 2022 sufficiens,

585 2067 711 2136 iubent
727 2059 890 2130 dubitare
906 2053 956 2122 sic
978 2052 1108 2120 deinde
1129 2051 1268 2145 hrrgnnt
1293 2043 1475 2117 hominem
1499 2043 1576 2142 ρΙε-Ι

586 2193 664 2238 cece
681 2177 825 2256 propter·
841 2155 1084 2248 impletionem
1100 2153 1186 2244 legis
1205 2167 1270 2225 etc.

689 2330 786 2402 Haec
802 2341 856 2398 est
871 2345 1007 2396 summa
1026 2316 1291 2410 imaginationis
1308 2308 1578 2399 monachornm,

588 2461 697 2533 quarn
721 2431 854 2505 Paulus
874 2440 995 2520 aperte
1015 2429 1181 2508 damnat,
1216 2446 1297 2492 cum
1327 2419 1392 2490 ait:
1427 2414 1577 2488 Exclusa

589 2555 642 2613 est
665 2534 830 2630 gloriatio
853 2557 915 2624 per
933 2531 1046 2619 legem
1063 2527 1166 2607 fidei,
1193 2525 1228 2594 id
1253 2539 1302 2594 est
1310 2575 1322 2610 ,
1350 2521 1512 2594 doctrina
1535 2521 1590 2588 de·

589 2642 659 2713 lide
678 2643 778 2712 docet
795 2635 902 2728 gratis
916 2631 1042 2702 donari
1058 2627 1320 2712 remissionem,
1344 2649 1418 2695 uon
1434 2637 1582 2717 propter

592 2750 738 2827 merita,
765 2757 799 2812 et
814 2739 947 2829 pariter
961 2735 1086 2805 donari
1102 2731 1328 2802 credentibus
1350 2729 1425 2798 sive
1441 2725 1581 2797 ludaeis

591 2848 667 2920 sire
686 2843 888 2927 Gentibus,
912 2835 980 2910 hoc
996 2852 1066 2919 est,
1091 2838 1137 2906 iis
1153 2836 1214 2929 qui
1232 2859 1304 2903 non
1320 2827 1455 2903 habent
1475 2853 1580 2922 opera

593 2949 691 3040 legis.
744 2943 841 3016 Haec
858 2941 1086 3036 exaequatio,
1112 2953 1150 3011 ut
1169 2961 1269 3028 saepe
1285 2936 1355 3006 iarn
1370 2935 1506 3006 dictum
1521 2945 1583 3019 est,

592 3066 701 3126 terret
716 3073 858 3122 securos
873 3062 907 3119 et
922 3045 1127 3118 consolatur
1144 3042 1301 3136 pavidos.

694 3231 792 3304 lllud
814 3229 920 3299 etiam
940 3224 1203 3296 observandum
1230 3237 1309 3302 est,
1342 3247 1423 3292 cnm
1451 3219 1584 3290 Paulus
1622 3251 1625 3258 ·

592 3361 738 3435 prorsus
755 3333 909 3406 excludit
927 3329 1175 3420 gloriationem
1196 3340 1288 3396 certe
1305 3327 1410 3396 etiam
1429 3318 1585 3395 detrahit

593 3440 788 3514 moralibus
803 3435 971 3525 operibus
985 3433 1021 3501 iu
1039 3428 1327 3503 reconciliatione
1341 3427 1584 3499 conditionem

593 3546 724 3625 meriti.
789 3539 885 3631 Quia
909 3538 940 3609 si
962 3550 1106 3628 propter
1128 3534 1276 3603 moralia
1306 3559 1411 3624 opera
1440 3534 1587 3603 daretur

593 3644 776 3737 remissio,
800 3644 872 3712 iam
894 3656 983 3711 esset
998 3638 1182 3731 gloriatio,
1210 3650 1300 3707 esset
1314 3636 1459 3730 aliquod
1478 3634 1586 3703 merr-

414 3817 420 3828 ‚
489 3829 492 3834 ,
561 3766 670 3830 ⁴tum
701 3744 923 3820 remissionis
949 3756 1184 3835 peecatorum.
1254 3736 1341 3810 Item
1375 3764 1454 3807 cunr
1479 3737 1585 3806 fidem

594 3852 746 3948 opponit
771 3862 915 3919 nostrae
939 3844 1124 3935 dignitati,
1150 3842 1245 3915 tollit
1267 3856 1302 3913 et
1322 3841 1588 3931 gloriationem,

595 3956 680 4027 satis
696 3966 841 4045 apparet
856 3950 953 4045 quod
973 3949 1079 4018 fidem
1102 3946 1294 4036 intelligat,
1320 3944 1588 4035 fiduciamgra-

595 4057 707 4130 tuitae
730 4051 1004 4123 misericordiae.

688 4235 1589 4331 Leroperumsignihcatdoctrinam,qnaerequirit

598 4369 716 4439 opera,
740 4358 776 4415 et
792 4343 894 4413 docet
910 4336 1076 4410 homines
1091 4353 1237 4432 propter
1252 4360 1358 4429 opera
1374 4338 1486 4407 iustus
1503 4364 1588 4413 csse.

596 4444 754 4521 Econtra
779 4445 834 4515 lert
859 4444 943 4514 fidei
959 4444 1131 4535 significat
1150 4441 1370 4521 doctrinam,
1397 4465 1487 4536 quae
1504 4466 1589 4511 corr-

599 4553 761 4622 cionatur
785 4552 828 4618 de
857 4540 1015 4632 nussia
1045 4560 1114 4629 est,
1152 4548 1253 4615 docet
1286 4539 1448 4613 homines
1479 4542 1591 4616 iustos

599 4676 770 4724 essenon
796 4664 941 4743 propter
964 4648 1146 4739 propriam
1175 4648 1404 4737 dignitatem,
1438 4660 1497 4717 aut
1521 4648 1591 4717 im-

600 4755 793 4846 pletionem
813 4753 915 4843 legis,
939 4767 1000 4823 aut
1016 4774 1143 4843 opera,
1169 4754 1229 4820 sed
1245 4750 1372 4821 lidncia
1390 4750 1591 4821 misericor-

600 4858 677 4928 diae
694 4858 888 4945 prnmissae
904 4868 1048 4948 propter
1061 4848 1260 4925 Christum.
1308 4852 1398 4923 Nam
1415 4852 1502 4923 fides
1518 4880 1592 4924 non

601 4959 771 5048 signifieat
788 4957 917 5045 Legem
942 4972 1090 5027 naturae
1110 4970 1174 5027 ant
1188 4952 1424 5049 Deealognm,
1453 4974 1492 5029 ut
1511 4960 1590 5051 qui·

601 5066 684 5130 dam
706 5059 796 5129 salso
821 5062 1118 5151 interpretantur,
1144 5061 1205 5129 sed
1227 5059 1400 5147 significat
1426 5061 1592 5132 fiduciam

600 5160 864 5239 misericordiae
885 5161 1078 5249 promissae
1096 5175 1242 5252 propter
1256 5159 1460 5247 Christum,
1487 5190 1592 5259 quarn

601 5265 750 5357 opponit
764 5261 898 5334 Paulus
913 5263 1078 5353 dignitati
1094 5278 1246 5339 nostrae.
1297 5260 1377 5334 Huc
1400 5268 1498 5337 enim
1520 5269 1593 5337 dia-

602 5382 720 5458 putat,
753 5390 799 5436 an
827 5365 1010 5455 contingat
1039 5367 1281 5436 reconciliatio
1306 5382 1451 5459 propter
1475 5382 1594 5440 nostra

601 5494 724 5567 opera,
751 5492 797 5542 an
823 5492 908 5539 vero
933 5480 1078 5561 propter
1102 5464 1284 5541 Christum
1311 5493 1374 5558 per
1392 5471 1595 5541 misericor-

601 5574 696 5641 diam
710 5572 841 5663 gratis'?
867 5571 987 5662 Quare
1001 5572 1087 5641 tides
1100 5595 1172 5639 non
1189 5572 1365 5662 significat
1389 5571 1501 5664 legem
1525 5573 1595 5643 ali·

601 5697 728 5767 qnam,
750 5679 812 5746 aed
836 5672 942 5746 hahet
961 5698 1000 5743 se
1020 5675 1228 5745 correlative
1242 5676 1287 5745 sd
1307 5676 1594 5768 promissionem,

601 5770 723 5868 estque
750 5775 879 5850 tidueia
904 5772 1180 5871 apprehendens
1212 5778 1424 5869 promissam
1452 5778 1595 5853 miseri·

603 5878 771 5947 cordiam.

1556 3634 1565 3651 ·
1639 3604 1728 3673 riam
1752 3602 1890 3688 meriti,
1921 3624 1982 3673 sen
2003 3602 2282 3689 iustificationis,
2316 3605 2408 3677 sicut
2430 3612 2584 3673 constater
2614 3597 2619 3648 l

1627 1917 1689 1989 Est
1704 1917 2014 2008 igitnrsententis:
2037 1917 2323 1990 Prorrnnciamus
2335 1915 2565 1994 hominemne
2613 1955 2614 1968 ¹

1629 2021 1729 2115 sequi
1746 2019 1990 2090 renrissiouem
2008 2038 2242 2114 peccatorum,
2260 2037 2294 2094 et
2311 2025 2460 2117 reputari
2475 2027 2565 2096 iustus

1630 2149 1748 2196 coram
1765 2121 1857 2208 Deo,
1883 2121 2028 2216 propter
2042 2121 2225 2196 Christum
2243 2151 2305 2216 per
2328 2128 2567 2212 misericordiam,

1630 2250 1705 2300 non
1729 2239 1874 2319 propter
1896 2225 2019 2316 legem.
2071 2223 2119 2300 Et
2137 2224 2229 2298 hanc
2252 2230 2513 2301 misericordiam
2526 2233 2567 2302 tn

1631 2331 1742 2424 accipi
1764 2341 1914 2422 oportet.

1734 2447 1847 2519 Porro
1873 2443 1966 2518 hanc
1989 2449 2200 2522 seutentiam
2224 2451 2392 2523 mutilant
2415 2451 2570 2530 adversarii,

1633 2567 1667 2626 et
1707 2551 1989 2644 interpretantur
2030 2566 2170 2646 tantum
2215 2552 2357 2625 excludi
2395 2554 2571 2626 ceremonias.

1632 2657 1719 2728 Sine
1749 2655 1918 2746 operibns
1950 2656 2061 2745 legis,
2102 2657 2138 2726 id
2174 2668 2251 2744 est,
2291 2654 2371 2729 sine
2401 2657 2568 2727 ceremoniis.

1633 2758 1773 2832 Deinde
1802 2758 1942 2849 fingunt
1971 2752 2154 2828 hominem
2185 2761 2356 2856 consequi
2380 2759 2573 2830 remissiorem

1635 2875 1880 2956 peccatorum,
1914 2876 1948 2933 et
1972 2865 2127 2954 reputari
2151 2863 2302 2950 iustum,
2342 2855 2478 2954 propter
2496 2881 2575 2930 mors

1635 2967 1682 3038 lia
1708 2986 1835 3058 opere,
1868 2988 1946 3049 sen,
1980 2981 2020 3036 nt
2042 2965 2259 3058 loquuntur,
2295 2981 2441 3060 propter
2461 2963 2577 3034 dilectis
2618 2961 2619 2976 ¹

1635 3093 1739 3153 nem,
1764 3081 1799 3138 et
1822 3067 2026 3156 intelligunt
2053 3067 2157 3139 fidem
2181 3083 2323 3141 tantum
2348 3074 2394 3141 de
2416 3067 2529 3138 noticia
2544 3059 2579 3132 hi

1636 3171 1778 3244 sturiae.
1847 3170 1898 3240 lta
1921 3172 2144 3266 transferunt
2174 3172 2390 3244 beneficium
2414 3167 2530 3242 Christi
2556 3165 2578 3232 ia

1637 3273 1816 3370 propriam
1833 3272 2055 3364 dignitatem.

1740 3393 1810 3466 Sed
1835 3389 1922 3464 haec
1943 3395 2189 3489 interpretatio
2211 3411 2344 3489 pugnat
2361 3421 2439 3470 cnm
2454 3387 2581 3464 sententia
2613 3383 2619 3463 l

1638 3500 1759 3571 Pauli:
1794 3496 1884 3567 Narn
1909 3497 2041 3571 Paulus
2062 3496 2217 3571 detrahit
2246 3502 2312 3571 toti
2342 3502 2409 3593 legi
2440 3496 2583 3584 hancgts

1641 3704 1882 3800 snper-iuribus
1897 3706 2016 3777 dictis:
2039 3703 2089 3779 Ut
2103 3720 2198 3777 totus
2213 3710 2373 3779 mundns
2388 3709 2445 3779 fiat
2461 3712 2586 3785 reuecta
2614 3665 2621 3750 l

1640 3808 1723 3879 Nun
1739 3808 1990 3878 iustificabitur
2004 3806 2042 3877 in
2061 3824 2252 3902 conspectu
2275 3825 2338 3883 tuo
2360 3810 2476 3882 omnis
2496 3806 2587 3874 virens
2620 3860 2621 3863 ,

1640 3909 1719 3981 Hae
1746 3912 1939 3982 sententiae
1969 3909 2160 3981 excludunt
2190 3937 2210 3983 a
2240 3936 2345 3984 causa
2376 3900 2587 3983 iustificationis

1642 4016 1748 4085 etiam
1763 4012 1923 4084 moralia.
1974 4011 2022 4083 Et
2035 4013 2138 4083 lacile
2152 4008 2220 4084 hoc
2236 4016 2391 4106 intelligi
2408 4024 2522 4107 poten.
2564 4000 2589 4071 ln

1642 4143 1726 4188 vero
1755 4116 1945 4186 certamine
1976 4117 2190 4187 conscientia
2219 4143 2293 4189 non
2326 4131 2445 4213 potest
2471 4124 2590 4185 sotum

1642 4222 1740 4316 quod
1766 4232 1912 4311 propter
1932 4236 2070 4290 nostras
2103 4221 2252 4299 virtutes
2283 4238 2316 4295 et
2341 4220 2539 4315 dignitatem
2556 4232 2591 4279 rc
2620 4250 2622 4309 3

1643 4326 1830 4396 mittantur
1843 4324 1948 4391 nohis
1966 4336 2119 4411 peccata,
2147 4340 2207 4395 ant
2226 4325 2337 4398 simus
2351 4322 2492 4417 accepti.
2529 4310 2591 4401 Ertt

1644 4428 1845 4519 quaerenda
1873 4439 1925 4495 est
1949 4427 2016 4493 alia
2051 4450 2154 4497 causa
2168 4478 2181 4512 ,
2215 4452 2327 4523 quare
2352 4418 2468 4502 'aimus
2492 4410 2593 4509 secani

1643 4530 1776 4599 scilicet
1792 4530 1967 4599 mediatur
1983 4524 2156 4603 Christus.

1744 4646 1841 4720 Hinc
1856 4649 1960 4718 facile
1983 4649 2135 4741 intelligi
2159 4664 2297 4743 potest,
2322 4650 2475 4723 Paulum
2493 4646 2531 4711 de
2548 4646 2593 4707 tota

1646 4753 1722 4841 lege
1745 4752 1964 4836 concionari,
1991 4777 2065 4822 non
2089 4766 2227 4826 tantum
2243 4756 2288 4825 de
2304 4746 2520 4830 ceremoniis,
2536 4738 2595 4809 situl

1646 4857 1750 4927 etiam
1785 4855 1877 4924 iolra
1908 4856 2069 4926 ostendit
2102 4857 2178 4927 eins
2208 4853 2459 4937 confirmatio,
2495 4832 2595 4917 detrahi

1647 4958 1932 5029 iustificationem
1956 4960 2022 5030 toti
2043 4956 2124 5048 legi.
2175 4954 2222 5029 Et
2243 4958 2390 5051 quidem
2415 4956 2487 5047 ipse
2507 4948 2597 5032 attens

1647 5062 1759 5150 legem
1784 5062 1974 5131 moralem:
2009 5060 2092 5133 Non
2115 5060 2360 5152 concupisces,
2386 5082 2434 5127 oe
2453 5057 2497 5126 sit
2517 5042 2598 5121 subl·

1646 5188 1715 5254 gua
1731 5162 1935 5257 disputatio.
1989 5162 2076 5257 ltem
2092 5158 2252 5235 hocloco
2267 5161 2404 5254 iuqnitc
2430 5154 2599 5232 Stabilimtt

1647 5267 1771 5357 legem.
1824 5264 1945 5355 Quare
1967 5289 2108 5338 necesse
2128 5276 2180 5335 est
2194 5285 2272 5335 sam
2294 5263 2449 5354 intelligi
2467 5263 2509 5330 de
2523 5246 2599 5324 mori·

1648 5372 1727 5444 bns.
1781 5364 1870 5439 ltem
1899 5389 1980 5436 cnm
2007 5365 2220 5436 vocabulum
2243 5366 2325 5438 fidei
2349 5384 2446 5438 recte
2463 5356 2599 5441 intellige·

1646 5485 1725 5554 tur,
1751 5470 1835 5541 satis
1851 5482 1997 5561 apparet
2017 5468 2082 5539 toti
2111 5468 2177 5558 legi
2198 5466 2336 5540 detrahi
2353 5463 2597 5541 iustificatum

1646 5596 1708 5645 seu
1731 5572 2084 5654 reconciliationem,
2111 5571 2194 5666 quia
2211 5574 2281 5643 lide
2302 5570 2487 5643 iustificari
2507 5578 2550 5635 est
2564 5560 2599 5623 it·

1647 5691 1741 5747 stum
1767 5677 1943 5765 reputari,
1969 5674 2098 5745 fidncia
2122 5676 2387 5746 misericordiae
2404 5696 2477 5745 non
2496 5672 2600 5763 propter

1648 5791 1806 5849 nostram
1823 5778 2044 5868 dignitatem.
2095 5775 2147 5849 lta
2166 5772 2253 5851 hsce
2269 5778 2343 5871 ipsa
2361 5776 2530 5853 formula,
2557 5764 2600 5832 fill

1649 5881 1900 5967 iustilicamnc,
1939 5878 2134 5975 opponitnr'
2168 5880 2456 5975 immaginatinui
2486 5874 2601 5949 ittauu
