5825 6950
319 749 362 822 29
502 670 509 686 Ι
727 745 810 821 xtt.
863 735 1164 820 putubasto
1192 737 1244 814 tu
1268 734 1455 814 EVANG.
1483 731 1701 812 loannis.
1751 735 1857 812 CAP.
1887 738 1915 815 1.
2294 739 2344 811 80

255 940 256 981 t
323 917 450 988 dicitur:
480 913 680 1006 decepistis
708 916 873 1006 spiritum
900 917 1106 1010 adoptionis
1126 916 1295 995 liliorum,
1347 913 1443 982 Ante
1466 935 1523 980 me
1547 925 1618 997 est,
1653 912 1688 980 id
1711 925 1780 996 est,
1816 915 2051 1004 praestantior
2076 912 2280 997 vocatione,
2306 924 2341 982 et

322 1045 383 1112 quo
406 1019 597 1087 clamamus
625 1013 730 1088 Abba
761 1033 872 1116 pater.
928 1017 1036 1106 ltem,
1068 1017 1192 1091 le'rem.
1216 1017 1296 1091 st:
1347 1014 1460 1105 gloria
1483 1037 1545 1084 seu
1567 1015 1746 1106 potentia,
1771 1026 1809 1086 ιι
1829 1016 1975 1088 additur
1993 1015 2100 1087 ratio:
2128 1014 2223 1107 Quia
2241 1014 2340 1108 prior

322 1123 410 1194 Dabo
429 1121 543 1208 legem
566 1143 682 1189 meam
705 1121 743 1188 in
767 1125 1030 1195 cordaeorum.
1084 1121 1172 1192 ltem
1188 1114 1297 1190 Zach.
1346 1140 1404 1186 me
1425 1131 1495 1202 est,
1520 1118 1557 1186 id
1579 1131 1650 1198 est,
1677 1117 1831 1208 primus,
1858 1135 2004 1211 propter
2027 1144 2131 1212 quem
2154 1117 2251 1188 Deus
2269 1113 2340 1188 llic·

325 1228 389 1298 12:
408 1222 602 1292 Effundam
618 1245 726 1313 super
741 1225 887 1293 domum
904 1221 1021 1295 David
1037 1225 1202 1316 spiritum
1217 1245 1297 1312 gra·
1346 1219 1488 1289 clesiam
1511 1232 1546 1288 et
1570 1219 1692 1310 elegit,
1725 1233 1758 1290 et
1781 1221 1917 1290 salvare
1941 1222 2035 1306 vult,
2061 1223 2178 1314 etqui
2201 1221 2338 1312 primus

324 1329 383 1396 tiae
400 1339 430 1394 et
453 1349 612 1417 precum.
671 1323 784 1396 Vocat
809 1324 984 1418 Spiritum
1006 1343 1166 1398 sanctum
1191 1326 1297 1417 spiri·
1346 1322 1413 1391 fuit
1429 1320 1572 1391 adiutor
1587 1335 1620 1390 et
1635 1323 1806 1394 liberator
1820 1319 1980 1394 omnilrm
1998 1323 2202 1408 electorum,
2227 1324 2339 1408 Adae,

325 1447 388 1500 tum
405 1429 554 1517 gratiae,
581 1428 714 1511 idest,
741 1452 813 1520 quo
836 1429 1234 1513 confirmantureorda,
1258 1441 1299 1498 ut
1345 1420 1446 1508 Noti,
1478 1419 1666 1509 Abrahae,
1696 1439 1731 1498 et
1760 1425 1925 1502 aliorum.
1976 1424 2080 1496 Hane
2107 1427 2228 1497 iudico
2253 1425 2339 1494 sim-

330 1552 555 1620 agooscamus,
581 1554 646 1598 nos
668 1554 741 1600 esse
761 1532 798 1598 in
818 1531 950 1620 gratia,
975 1530 1299 1602 Deumessenobis
1347 1526 1577 1614 plicissimam
1615 1539 1689 1596 ess'e
1724 1529 1946 1600 sententiam.
2012 1529 2087 1599 Alii
2127 1527 2338 1622 particulam

334 1634 513 1723 propicium.
570 1630 681 1702 Vocat
696 1647 730 1703 et
743 1633 908 1725 spiritum
922 1657 1078 1725 precum,
1105 1657 1177 1727 quo
1191 1635 1298 1704 eorda
1347 1627 1563 1724 ἔμπροσθεν
1594 1630 1862 1716 intellexerunt,
1895 1655 2012 1702 coram
2042 1657 2100 1702 me
2127 1646 2196 1718 est,
2229 1653 2338 1724 quam

332 1735 539 1826 inpelluntur
566 1737 614 1802 ad
646 1759 765 1804 veram
797 1736 1079 1816 invocationem,
1123 1759 1214 1830 quae
1246 1747 1299 1805 est
1347 1733 1675 1822 interpretationem
1700 1756 1776 1804 non
1801 1730 2043 1827 reprehendo,
2069 1737 2129 1804 sed
2150 1734 2239 1804 serie
2257 1756 2338 1802 ora-

255 1892 256 1903 ,
329 1840 514 1930 praecipuos
531 1836 676 1922 cultus,
690 1851 725 1907 et
740 1838 886 1908 initium
901 1838 1133 1910 obedientiae.
1346 1834 1457 1905 tionis
1493 1859 1658 1915 moveor,
1700 1849 1740 1907 ut
1775 1837 1922 1907 alteram
1959 1837 2169 1908 sententiam
2200 1858 2338 1928 sequar.

411 1972 468 2045 ΕΩ
519 1967 754 2046 ,ampheest
777 1975 1091 2047 considerandam
1106 1969 1296 2045 hoedicpo·
1347 1935 1515 2007 Testatur
1537 1959 1619 2027 ergo
1635 1935 1794 2031 Baptista
1812 1937 1979 2010 Messinm
2005 1939 2214 2010 antecellere
2232 1961 2340 2008 voca·
2462 1947 2467 1964 ‘

471 1999 517 2068 qu
1346 2039 1445 2110 tione
1476 2052 1512 2110 et
1535 2041 1704 2130 potentia.
1766 2040 1862 2129 Quia
1885 2057 2029 2112 vocatus
2052 2056 2198 2112 estnon
2222 2040 2338 2110 solum
2456 2051 2460 2059 ·

328 2077 442 2147 T⁰l⁰¹¹¹
458 2077 636 2169 “hquum
653 2099 763 2166 ΨΜ
780 2071 978 2148 humum
994 2102 1072 2148 ⁵¹⁰²
1085 2073 1230 2149 chum
1247 2091 1298 2148 est
1346 2155 1386 2213 ut
1408 2141 1454 2213 sit
1479 2145 1621 2228 doctor,
1649 2158 1688 2213 ut
1703 2143 1830 2214 caeteri
1844 2145 2019 2230 ministri,
2045 2146 2105 2214 sed
2121 2157 2162 2214 ut
2176 2143 2237 2212 stat
2254 2165 2339 2238 pso·

329 2183 383 2250 sub
403 2191 552 2272 peccato,
579 2192 614 2248 et
634 2203 735 2247 resim
754 2178 825 2249 irae
842 2176 930 2264 Dei,
955 2203 1031 2249 non
1049 2195 1101 2251 est
1116 2193 1296 2270 acceptum
1372 2245 1381 2261 ,

331 2281 411 2367 1220,
442 2283 497 2350 ,ed
527 2281 750 2372 recipiuntur
776 2283 959 2353 credentes
993 2297 1139 2375 propper
1169 2283 1295 2354 finum·
1346 2246 1496 2335 piciator
1519 2268 1583 2334 pro
1610 2267 1737 2333 genere
1757 2242 1937 2331 humano,
1964 2263 1999 2319 et
2014 2244 2195 2317 antecellit
2211 2258 2338 2335 poten-

333 2382 388 2455 Est
407 2398 435 2454 ,ι
454 2384 599 2474 plenum
625 2383 781 2453 penebrps
803 2397 836 2454 et
861 2385 1067 2471 mendacio,
1092 2385 1129 2455 id
1147 2397 1218 2475 es„
1245 2399 1297 2457 est
1345 2347 1415 2432 tia,
1442 2347 1525 2441 quia
1542 2346 1786 2440 datSpiritum
1802 2363 1962 2420 sanctum
1977 2363 2011 2421 et
2024 2350 2134 2420 vitam
2148 2361 2339 2418 aeternam.

342 2486 406 2554 sine
422 2487 487 2554 luce
503 2499 538 2557 et
564 2485 696 2556 noticia
719 2486 818 2557 firma
839 2483 925 2571 Dei,
951 2504 1070 2560 manet
1092 2487 1131 2558 in
1153 2488 1296 2558 dubita·
1447 2482 1607 2558 Additur
1623 2499 1758 2557 autem:
1785 2485 1880 2576 Quia
1897 2489 1994 2578 prior
2008 2507 2064 2558 me
2082 2502 2144 2561 est.
2189 2483 2230 2556 ld
2246 2498 2339 2555 reete

343 2588 435 2670 tione,
455 2611 487 2657 ac
505 2589 600 2676 fugit
617 2585 733 2658 Deum
757 2603 819 2659 aut
842 2589 873 2659 ei
890 2589 1073 2675 irascitur,
1100 2591 1212 2661 multo
1227 2590 1296 2658 mi·
1346 2591 1389 2658 ad
1418 2587 1660 2660 aeternitatem
1684 2589 1856 2671 refertur,
1887 2614 1950 2661 seu
1973 2591 2116 2661 initium
2141 2587 2337 2660 Ecclesiae:

334 2713 388 2756 nns
412 2691 520 2780 diligit
544 2689 662 2760 Deum
691 2690 907 2762 iudicantem
940 2707 974 2763 ιι
997 2693 1226 2785 punientem,
1262 2707 1297 2762 et
1346 2691 1426 2761 ideo
1448 2689 1600 2760 Messias
1620 2692 1817 2772 antecellit,
1849 2695 1932 2786 quia
1957 2693 2094 2785 primus
2116 2705 2168 2761 est
2194 2703 2338 2782 propter

330 2809 512 2864 onerantem
544 2786 613 2862 hoc
639 2792 817 2864 imbecille
842 2815 951 2884 genus
974 2797 1084 2869 tantis
1107 2795 1296 2866 aerumnis.
1346 2819 1450 2887 quem
1468 2793 1565 2864 Deus
1582 2793 1686 2883 elegit
1700 2792 1917 2878 Ecclesiam,
1943 2809 1983 2866 nt
1999 2819 2105 2887 supra
2124 2795 2258 2865 dictum
2276 2805 2339 2875 est,

326 2894 448 2964 Deinde
469 2895 606 2964 etiamsi
629 2920 719 2989 quae
742 2911 793 2968 est
812 2911 955 2967 externa
971 2897 1158 2991 disciplina
1175 2899 1212 2967 in
1228 2897 1293 2967 ali·
1347 2910 1380 2968 et
1407 2897 1477 2994 fuit
1509 2896 1631 2966 efficax
1661 2897 1745 2967 inde
1773 2921 1885 2992 usque
1907 2898 1952 2967 ab
1977 2899 2081 2969 initio
2102 2899 2140 2967 in
2168 2891 2339 2969 Ecclesia.

324 2999 452 3088 quibus,
479 2993 565 3068 haec
583 3000 744 3067 nondum
760 3014 906 3071 estvera
921 3001 1079 3086 iusticia,
1104 3003 1164 3072 sed
1182 2994 1296 3096 hypo·
1346 2996 1572 3070 Admiraudo
1600 2999 1750 3070 consilio
1775 3015 1921 3092 propter
1946 3025 2027 3071 eum
2052 3012 2217 3070 aeternus
2236 2996 2339 3087 'peter

322 3101 405 3168 crisis
427 3099 504 3168 sine
525 3099 658 3168 noticia
681 3115 715 3173 et
739 3103 970 3173 conversione
995 3105 1040 3173 ad
1063 3101 1189 3175 Deum.
1247 3099 1297 3173 Ut
1346 3103 1478 3194 recepit
1501 3101 1619 3193 lapsos
1642 3101 1776 3194 primos
1801 3104 1983 3193 parentes,
2016 3117 2052 3174 et
2075 3124 2196 3172 vocem
2219 3097 2339 3169 Evan-

320 3204 466 3294 quamvis
482 3200 624 3272 Atticus
647 3217 700 3274 cst
720 3198 890 3275 honestus
912 3207 986 3291 sir,
1009 3220 1127 3277 tamen
1152 3207 1197 3276 de
1214 3229 1297 3297 pro·
1347 3204 1428 3295 gelii
1448 3203 1602 3303 primam
1623 3203 1753 3288 edidit,
1780 3228 1860 3274 cum
1879 3205 1985 3294 primi
2005 3218 2164 3295 parcentes
2180 3203 2340 3294 oppressi

319 3305 460 3376 ridentia
481 3304 642 3390 dubitat,
668 3319 703 3375 et
724 3307 941 3378 voluntatem
965 3304 1074 3380 babet
1095 3329 1296 3387 aversam-a
1347 3321 1462 3376 essent
1488 3299 1626 3390 morte,
1667 3327 1733 3374 nee
1763 3319 1906 3395 possent
1934 3306 2032 3376 aliud
2060 3305 2229 3396 cogitare,
2269 3304 2340 3372 nisi

318 3404 398 3488 Deo,
424 3430 492 3477 nec
515 3430 598 3477 vere
615 3406 734 3493 timet,
760 3433 825 3481 nec
840 3409 958 3501 diligit
974 3407 1107 3481 Deum:
1132 3412 1192 3480 sed
1211 3433 1296 3480 con·
1347 3409 1417 3479 iam
1440 3431 1478 3479 se
1502 3408 1542 3477 in
1565 3423 1706 3478 aeterna
1728 3405 1782 3479 ira
1805 3430 1992 3479 mansuros
2016 3431 2100 3484 esse.
2152 3404 2222 3478 Hic
2243 3406 2339 3495 cogi-

317 3510 380 3580 idit
399 3505 573 3579 humanis
593 3512 796 3603 praesidiis,
822 3508 979 3583 bumana
1000 3514 1194 3605 sapientia,
1220 3536 1296 3582 non
1347 3526 1461 3583 ternus
1480 3510 1596 3605 qualis
1613 3511 1737 3591 dolor,
1761 3535 1852 3603 quae
1868 3513 2098 3602 cogitationes
2114 3509 2249 3583 suerint
2263 3509 2340 3600 pri-

318 3613 446 3683 confidit
471 3612 541 3683 Dei
573 3613 718 3688 auxilio.
776 3612 873 3685 Haec
899 3611 1086 3688 antithesis
1109 3618 1298 3707 diligenter
1348 3638 1490 3685 morum
1515 3626 1712 3705 parentum.
1766 3613 1843 3686 Hos
1860 3616 1899 3683 in
1918 3630 2013 3687 tanta
2029 3612 2227 3698 moesticia,
2255 3635 2340 3703 pro-

317 3716 545 3799 considerata,
578 3712 747 3785 nonnihil
780 3718 936 3790 illustrat
965 3719 1178 3790 vocabulum
1203 3718 1297 3788 veri·
1347 3731 1428 3808 pter
1456 3716 1590 3798 filium,
1624 3730 1788 3788 aeternus
1820 3732 1920 3809 pater
1940 3740 2064 3789 rursus
2083 3716 2212 3800 erexit,
2247 3708 2340 3783 banc

319 3820 399 3899 tatis,
423 3842 468 3889 ac
484 3817 592 3911 paulo
609 3832 687 3911 post
703 3822 895 3913 repetenda
912 3822 991 3893 erit.
1347 3818 1596 3890 liberationem
1622 3832 1655 3888 et
1677 3820 1832 3913 reliquas
1854 3820 2034 3889 mirandas
2050 3818 2276 3888 liberationes
2291 3818 2340 3885 si-

1348 3922 1491 4011 gnificat
1520 3920 1702 4013 Baptista,
1736 3946 1816 3993 cum
1846 3924 1911 3993 ait:
1944 3920 2108 3991 Primum
2138 3942 2212 3989 esse
2243 3912 2342 3987 huuc

354 4020 520 4096 Ioannes
541 4032 699 4095 testatur
720 4020 763 4097 de
785 4022 866 4124 ipso
887 4036 920 4100 et
938 4023 1131 4121 clamitat,
1157 4023 1297 4099 dr'cens:
1348 4023 1555 4115 dominum,
1582 4022 1733 4106 scilicet,
1758 4039 1902 4115 propter
1924 4048 2029 4118 quem
2050 4021 2207 4093 Ecclesia
2230 4020 2339 4089 electa

400 4126 481 4199 Hs‘c
495 4136 578 4197 erat
594 4124 638 4198 de
650 4152 723 4229 qno
737 4122 836 4201 dixi.
1037 4199 1041 4208 ,
1348 4141 1419 4212 est,
1445 4141 1481 4197 et
1494 4127 1661 4230 salvatur.
1713 4124 1752 4196 ld
1766 4127 1922 4199 declarat
1940 4125 2169 4220 sequentibus
2187 4124 2314 4194 verbis.

399 4280 608 4376 Aliquoties
630 4283 717 4355 citat
733 4282 880 4355 loannis
895 4282 1077 4375 Baptistae
1098 4287 1299 4372 conciones,

324 4398 350 4449 ιι
366 4399 398 4456 ιι
417 4385 629 4457 testimonia
651 4386 728 4457 eius
745 4409 813 4457 nos
828 4388 1059 4468 confirment,
1084 4402 1118 4459 et
1134 4391 1297 4460 doctrina

329 4488 449 4563 audiat.
520 4486 724 4559 Plurimum
745 4490 842 4559 enim
868 4490 985 4559 valere
1008 4492 1114 4561 debet
1137 4492 1298 4563 testimo-

327 4586 498 4662 nioneius
515 4590 604 4674 viri,
630 4591 755 4684 quide
774 4591 875 4663 coelo
892 4616 1016 4662 vocem
1033 4595 1169 4663 aeterni
1187 4594 1298 4684 patris
1450 4604 1533 4679 Non
1562 4620 1700 4677 tantum
1730 4605 1908 4675 antecedis
1930 4603 2077 4674 caeteris
2099 4600 2268 4686 Messias,
2302 4614 2341 4671 ut

318 4692 457 4774 iuditii,
483 4692 638 4764 (litenlld
662 4696 706 4764 (lt
725 4689 888 4767 Christo:
915 4692 985 4765 Hic
1007 4709 1059 4767 “l
1081 4696 1177 4767 fillud
1198 4721 1299 4767 melis
1349 4706 1469 4781 Moses
1492 4708 1697 4781 antecelluit
1715 4706 1892 4793 samueli,
1918 4718 1980 4776 aut
2002 4704 2100 4785 aliis,
2127 4728 2242 4799 neque
2260 4715 2342 4773 tan.

315 4792 460 4871 dll‘tltsso
513 4792 617 4865 Vidi!
638 4809 674 4867 0²
695 4794 870 4887 spirllum
893 4812 1053 4867 melum
1079 4800 1298 4869 ‘lemtim-
1350 4828 1426 4885 tum
1444 4812 1548 4882 docet
1565 4809 1715 4880 Messias
1730 4824 1903 4889 caeteros,
1929 4809 1990 4877 sed
2008 4823 2059 4877 cst
2076 4806 2292 4899 propitiator
2307 4820 2342 4876 et

257 4973 258 4976 a
314 4910 370 4964 tto
389 4901 433 4968 ad
452 4893 654 4971 Christum.
704 4896 1011 4971 Hocmiraeulum
1029 4902 1192 4971 omnium
1207 4899 1298 4972 Pro-
1347 4914 1568 4993 vivificator,
1593 4912 1722 4983 missus
1739 4927 1790 4984 est
1805 4927 1845 4984 ur
1861 4912 1907 4982 sit
1922 4910 2089 4996 victima,
2114 4924 2149 4982 et
2167 4922 2342 4979 mereatur

314 4993 491 5083 phocarum
519 5001 684 5073 miranda
712 5002 804 5073 taen
833 5014 996 5092 superat,
1029 5004 1112 5096 quia
1141 4999 1200 5075 hic
1227 5020 1297 5075 tres
1348 5018 1455 5087 nohis
1479 5016 1818 5087 reconciliationem.
1873 5010 1960 5086 leem
1982 5028 2024 5082 ur
2047 5012 2093 5083 stt
2117 5012 2257 5092 efficax,
2280 5010 2343 5079 der

313 5124 473 5185 pessume
494 5103 695 5173 (llvlnllallss
716 5104 849 5176 illustri
872 5105 1080 5175 discrimine
1104 5129 1142 5177 80
1164 5108 1298 5197 palefe-
1348 5118 1524 5211 Spiritum
1552 5133 1712 5190 sanctum
1736 5119 1937 5188 incoassiem
1962 5115 2001 5184 in
2024 5114 2252 5183 credentibus
2274 5136 2340 5181 no.

257 5255 258 5292 ι
311 5221 434 5277 oeruni·
489 5202 577 5278 Fuit
602 5206 712 5295 ῑεῑῑιιῐ
735 5206 943 5297 gravissima
964 5230 1088 5291 0³⁰2·
1112 5232 1178 5279 tur
1199 5208 1298 5281 lesti-
1347 5246 1427 5291 vam
1444 5222 1577 5305 lucem,
1604 5234 1639 5291 et
1653 5222 1760 5289 vitam
1775 5232 1974 5302 aeternam,
1996 5231 2032 5287 et
2047 5216 2228 5287 resuscitet
2242 5238 2342 5284 mnr-

257 5322 258 5334 ¹
310 5310 462 5377 nonium
481 5306 630 5378 loannis
646 5310 904 5379 recensendum
919 5310 1078 5393 duxerit,
1104 5312 1298 5405 atqneuti·
1348 5338 1448 5403 1002,
1474 5325 1639 5395 acdona
1657 5323 1766 5392 vitam
1783 5336 1975 5394 aeternam,
2027 5318 2341 5408 Hancvocatple.

310 5432 383 5477 nam
405 5409 529 5501 plures
547 5426 584 5483 et
607 5411 787 5502 longiores
805 5412 883 5483 eius
898 5412 1088 5483 conciones
1104 5414 1298 5485 recitasset.
1348 5426 1571 5507 nundinam,
1604 5426 1641 5494 id
1666 5437 1734 5508 est,
1765 5424 1931 5495 meritum
1955 5419 2276 5505 reconciliationis,
2308 5434 2341 5490 et

1398 4352 1459 4423 nc
1474 4343 1705 4445 plenitudine
1723 4345 1801 4420 eius
1816 4371 1940 4419 onrnes
1953 4346 2158 4445 accepimus
2172 4342 2339 4443 gratiam

1448 4474 1519 4548 pro
1530 4450 1673 4547 gratia.

308 5506 561 5605 Complectitur
584 5525 704 5586 autem
727 5515 862 5585 dictum
885 5512 1067 5606 Baptistae
1090 5516 1299 5607 praecipuos
1348 5520 1545 5623 pitantiam
1567 5551 1628 5599 geu
1653 5524 1855 5600 efficaciam,
1907 5522 1962 5594 Ex
1988 5519 2056 5595 hoc
2073 5522 2201 5593 merito
2216 5535 2250 5591 01
2266 5522 2343 5591 effi.

310 5615 489 5701 ifllt¹¹¹⁰⁸2
520 5618 566 5685 ὅθ
590 5640 740 5707 P²¹⁸⁰¹¹³
764 5614 937 5699 M0⁸⁸l³⁰2
963 5618 1008 5688 de
1030 5618 1229 5705 Βθῦθῧίῑῑδ,
1253 5618 1299 5689 de
1348 5632 1442 5701 cacia
1467 5654 1591 5702 omnes
1615 5628 1824 5725 accepimus.
1876 5626 1970 5699 Nota
1994 5640 2045 5697 est
2068 5624 2122 5693 vis
2147 5622 2343 5715 particulae

311 5714 508 5787 ‘littrlmlsse
524 5716 622 5790 M0⁸l
640 5716 855 5789 elelte·
1348 5734 1560 5803 universalis
1598 5732 1635 5801 in
1674 5729 1895 5801 excludendo
1927 5730 1966 5797 in
1995 5723 2089 5798 hanc
2119 5726 2343 5799 sententiam.

401 5834 524 5905 Prima
540 5858 624 5927 pars
637 5836 799 5929 loquitur
812 5839 857 5907 de
872 5860 1035 5928 persona.
1090 5836 1124 5907 ls
1139 5838 1201 5930 qrri
1219 5850 1299 5929 post
1349 5830 1488 5906 Omnes
1504 5836 1567 5929 qui
1584 5834 1759 5906 iusticiam
1777 5845 1811 5904 et
1827 5832 1936 5901 vitam
1953 5844 2132 5901 aeternam
2149 5827 2343 5918 accipimus

309 5956 359 6005 nse
388 5950 561 6009 venturus
590 5950 661 6024 est,
693 5939 732 6008 id
759 5952 832 6030 est,
863 5940 1052 6013 iuncturus
1078 5938 1196 6012 officio
1223 5964 1298 6012 suo.
1348 5938 1394 6013 ab
1416 5933 1487 6027 boc
1507 5962 1583 6009 uno
1604 5936 1812 6028 accipimus,
1837 5958 1912 6005 non
1932 5933 1978 6004 ab
1992 5932 2075 6007 alio.
2126 5928 2343 6021 Complecti-
