5825 6950
345 727 409 800 llll
505 721 607 802 xltt.
657 723 695 796 d.
720 717 1023 808 adsumto
1050 719 1209 805 aelst,
1230 719 1476 805 Parthian
1502 717 1767 806 ROMANOS.
1817 719 2196 800 ARGUMENTUM.
2289 725 2366 824 002

341 909 453 978 rorat,
475 894 725 972 et.viviliealur
739 918 804 989 per
817 893 931 973 ttttnm
945 891 1015 972 Dei
1029 892 1169 990 Spiritu
1183 909 1322 980 sancto,
1368 899 1595 992 plmasarem.
1622 960 1628 973 .
1655 894 1791 972 Ststnit
1813 893 1950 992 igitur,
1989 913 2028 970 sc
2054 919 2198 992 qunque
2217 911 2365 994 psopter

339 999 450 1072 andita
474 997 729 1092 promissione,
761 997 887 1091 incipit
911 1020 1036 1070 rursus
1057 999 1224 1082 obedire,
1258 1000 1321 1086 ita,
1369 1023 1450 1074 eum
1464 1001 1595 1092 recipi,
1620 1012 1656 1072 et
1669 999 1735 1073 solt
1751 994 1848 1074 hunc
1864 1001 2000 1076 cultum
2018 1012 2055 1071 ct
2073 993 2170 1072 hunc
2189 995 2364 1094 bonorem

271 1120 272 1125 ’
340 1127 379 1174 ne
394 1102 786 1176 contracnnscientinm
803 1100 921 1177 facus.
1371 1104 1445 1178 Des
1465 1103 1713 1195 praestandum
1730 1123 1821 1189 esse,
1836 1115 1874 1174 ut
1888 1101 2120 1192 promissioni
2144 1102 2284 1189 credat,
2299 1129 2364 1176 nec

271 1290 272 1293 Ἴ
432 1202 531 1276 Haec
544 1205 663 1293 imago
687 1200 1062 1291 conversionibus,
1087 1219 1122 1279 et
1135 1204 1317 1299 quomodo
1369 1221 1507 1279 accuset
1527 1203 1644 1278 Deum
1668 1204 1864 1290 mendacii,
1888 1228 1955 1278 nec
1973 1203 2114 1279 deliciet
2136 1201 2271 1291 aDen,
2291 1231 2364 1280 uec
2461 1269 2466 1282 .

271 1326 272 1329 ’
337 1308 449 1386 audita
478 1306 713 1398 promissione
739 1305 895 1396 erigatur
927 1307 1014 1392 lide,
1049 1308 1164 1406 nteit
1193 1308 1318 1390 iustus,
1369 1319 1575 1384 contemnat
1595 1307 1837 1384 mediatorem.
2351 1370 2356 1398 2

338 1410 369 1482 id
393 1423 464 1494 est,
499 1423 663 1500 acceptus
685 1404 781 1492 Deo,
814 1421 850 1479 et
880 1421 1000 1500 postea
1027 1430 1151 1485 sttrttts
1169 1408 1317 1500 incipiat
1390 1443 1422 1465 f·
1474 1406 1789 1500 iubare-exempla
1810 1420 1845 1480 et
1876 1408 2006 1480 similia
2023 1406 2203 1480 intuentes
2220 1408 2362 1480 facilius

337 1513 497 1592 obedire,
529 1527 668 1601 semper
690 1510 737 1593 sit
764 1509 803 1584 in
835 1524 1045 1602 conspectu,
1079 1514 1163 1605 quia
1193 1515 1317 1583 endem
1370 1513 1608 1602 intelligemus
1625 1512 1885 1589 doctrinarum
1903 1508 2175 1596 tinnimentum,
2202 1533 2362 1602 praeses?

270 1636 271 1665 t
336 1616 437 1685 modo
459 1614 551 1686 liunt
579 1611 765 1694 conversio
796 1625 834 1691 ‚el
854 1613 1061 1686 consolatio
1089 1615 1129 1686 iu
1160 1616 1318 1688 cacteris.
1369 1615 1434 1688 tim
1453 1617 1484 1685 si
1505 1639 1579 1685 non
1596 1615 1663 1685 erit
1679 1626 1819 1686 tantum
1840 1612 1969 1702 frigida
1993 1611 2099 1683 otiosi
2129 1611 2243 1682 animi
2264 1613 2363 1702 cogi-

336 1715 401 1788 Sed
423 1716 590 1791 doctrine
615 1717 660 1789 de
680 1713 748 1784 lide
770 1713 945 1792 illustrior
967 1728 1021 1787 est
1051 1716 1091 1786 in
1118 1717 1234 1809 primo
1256 1740 1316 1788 er·
1370 1717 1477 1800 latin,
1492 1719 1554 1790 sed
1568 1718 1596 1788 si
1614 1739 1678 1787 uns
1694 1705 1835 1812 quoque
1851 1715 1943 1785 serio
1959 1714 2222 1805 expavescimus
2242 1737 2361 1786 recor·

335 1819 467 1909 empln,
493 1818 534 1886 in
554 1840 627 1910 qun
652 1835 792 1896 necesse
810 1831 863 1894 ast
881 1817 991 1893 fuisse
1008 1813 1199 1890 horribiles
1212 1819 1317 1890 dolo·
1369 1819 1513 1891 datione
1528 1833 1733 1891 nostrornm
1750 1817 1980 1904 delictorum,
2005 1828 2040 1887 et
2054 1813 2259 1908 quaerimus
2277 1839 2361 1887 cnn·

334 1943 405 2003 res,
430 1933 467 1991 et
488 1919 574 2013 quia
595 1917 879 2008 magnitudinem
901 1920 1021 2011 lapsus
1042 1923 1155 2012 magis
1177 1922 1317 1994 intelle·
1368 1922 1593 1995 solatinnem.
2346 1940 2350 1949 ·

334 2023 379 2094 sit
395 2018 536 2101 Adam,
558 2021 621 2114 qui
643 2020 796 2110 sciebat,
819 2021 936 2114 qualis
948 2024 1065 2095 iuerat
1072 2075 1085 2110 ‚
1112 2025 1242 2118 etquis
1260 2025 1318 2094 in·
1471 2023 1632 2098 Sciamus
1655 2023 1785 2114 igitur,
1809 2013 1903 2092 hanc
1926 2041 1999 2090 esse
2023 2017 2221 2092 doctrinam
2237 2015 2362 2092 Evan-

270 2160 271 2163 ¹
333 2122 654 2194 mutabilemalnm
684 2143 759 2192 esse
791 2123 985 2214 cogitabat,
1019 2127 1317 2220 compromissio
1370 2127 1452 2220 gelii
1459 2179 1471 2214 ,
1498 2132 1542 2196 de
1557 2151 1626 2222 qua
1640 2125 1774 2198 Paulus
1796 2125 1835 2192 in
1859 2117 1924 2192 hac
1942 2115 2103 2214 Epistula
2120 2124 2361 2192 concionatur.

270 2230 271 2247 ³
335 2225 604 2298 nondumedita
625 2238 735 2306 esset,
760 2237 796 2295 et
818 2227 902 2319 quia
924 2227 1150 2300 reiectionem
1172 2232 1318 2302 daemo-
1370 2227 1500 2322 Arguit
1532 2246 1731 2322 peccatum,
1770 2226 1858 2296 sicut
1893 2223 2061 2314 scriptum
2096 2235 2163 2293 est:
2206 2221 2362 2315 Spiritus

334 2353 416 2400 num
432 2339 551 2402 norat
597 2323 669 2400 Sed
691 2349 757 2396 nos
778 2326 888 2400 nimis
908 2330 1032 2401 otiosis
1060 2330 1189 2404 animis
1220 2335 1318 2406 illam
1369 2346 1513 2403 sanctus
1541 2344 1664 2424 arguet
1686 2333 1859 2404 mundum
1884 2327 1928 2394 de
1949 2336 2111 2416 peccato,
2137 2339 2170 2396 et
2194 2327 2361 2417 proponit

333 2445 463 2502 tantam
476 2425 851 2520 historiamlegimus,
877 2417 1001 2525 inqua
1019 2447 1090 2504 tarn
1106 2436 1319 2509 multscnn·
1370 2435 1668 2518 consolationem,
1701 2431 1886 2508 videlicet,
1928 2425 2198 2519 promissionem
2228 2429 2274 2497 de
2304 2451 2361 2498 re-

333 2545 499 2617 currunt,
532 2553 686 2626 quorum
713 2530 784 2600 alia
811 2531 901 2602 iram
925 2531 993 2604 Dei
1016 2535 1216 2626 ingentem,
1247 2539 1317 2610 alia
1371 2536 1540 2608 missione
1565 2549 1804 2628 peccalorum,
1831 2544 1865 2602 et
1881 2526 2179 2600 reconciliatione
2193 2529 2361 2600 donanda

270 2608 277 2707 i
334 2632 1318 2724 immensammagnitudinemmisericordiseostenduut.
1371 2653 1516 2733 propter
1539 2637 1650 2710 filium
1672 2635 1757 2721 Dei,
1793 2631 1997 2706 etalfirmat
2028 2651 2108 2714 eos,
2140 2629 2262 2722 quiin
2288 2631 2361 2700 illis

270 2728 280 2755 ‘
334 2737 438 2826 Quod
454 2736 553 2808 enim
571 2736 699 2828 recipit
711 2735 813 2806 Deus
828 2731 993 2810 homines
1006 2740 1143 2833 lapsos,
1166 2767 1248 2813 cnm
1263 2743 1320 2814 iu·
1371 2743 1566 2836 pavoribus
1587 2739 1756 2822 credunt,
1791 2735 1861 2807 sibi
1888 2731 2023 2803 remitti
2051 2744 2190 2823 peccata
2213 2745 2361 2824 propter

269 2880 274 2955 p
331 2841 428 2912 stiria
444 2839 522 2910 eius
535 2837 584 2909 sit
596 2837 849 2924 immutabilis,
874 2853 910 2912 et
926 2845 1024 2934 quod
1044 2846 1097 2916 sic
1114 2845 1255 2937 recipit,
1279 2859 1321 2918 ut
1368 2847 1484 2918 filium
1506 2841 1757 2920 mediatorem,
1791 2839 1918 2928 gratis,
1952 2858 2033 2909 vere
2056 2831 2185 2924 recipi,
2211 2846 2246 2903 et
2267 2835 2360 2904 acci-

331 2944 423 3014 lilius
446 2941 509 3011 liat
531 2939 697 3024 victims,
728 2937 816 3010 haec
847 2941 1011 3015 miranda
1041 2947 1189 3018 consilis
1212 2951 1320 3038 longe
1370 2972 1453 3043 pere
1478 2945 1722 3017 remissionem
1746 2954 1988 3032 peccatorum,
2018 2947 2053 3005 et
2075 2933 2182 3004 simul
2203 2956 2283 3005 cum
2303 2959 2360 3005 re·

332 3055 500 3138 superant
526 3042 690 3115 omnium
717 3055 963 3117 creaturarum
989 3049 1213 3139 sapientiam.
1269 3049 1320 3124 Et
1370 3050 1540 3121 missione
1554 3058 1776 3142 peccatorum
1800 3046 1906 3112 datur
1929 3035 2083 3132 Spiritus
2107 3049 2265 3122 sanctus,
2298 3037 2360 3132 qui

332 3163 447 3218 tamen
465 3141 665 3230 milliens,
686 3157 726 3217 ut
745 3166 847 3215 suam
869 3147 1045 3236 iusticiam
1066 3165 1101 3224 et
1116 3153 1319 3224 misericor·
1370 3153 1517 3222 adiuvat
1529 3151 1722 3220 luctantem
1746 3139 2017 3224 conscientiam,
2050 3152 2084 3210 et
2105 3151 2361 3210 sustentantem

333 3252 427 3324 diam
449 3249 573 3341 aliquo
596 3247 705 3318 modo
726 3245 765 3317 in
792 3241 859 3318 bac
874 3249 1254 3336 viteconsideremus,
1277 3269 1319 3327 ut
1369 3275 1405 3324 se
1423 3253 1511 3340 fide,
1538 3266 1572 3323 et
1587 3249 1694 3321 simul
1714 3245 1876 3320 accendit
1891 3255 2043 3314 caeteras
2067 3239 2234 3325 virtutes,
2260 3242 2381 3322 scili-‚

335 3349 623 3424 accendanturin
638 3347 745 3420 nohis
760 3370 865 3420 serus
880 3349 1004 3437 timor,
1031 3378 1115 3427 vera
1138 3356 1234 3442 fides,
1261 3358 1318 3426 in.
1369 3371 1423 3429 cet
1444 3353 1709 3429 invocationem
1732 3347 1819 3433 Dei,
1852 3361 1887 3419 et
1913 3343 2099 3415 confirmat
2123 3341 2361 3429 voluntatem,

334 3457 492 3539 vocatio,
517 3450 718 3544 gratitudo,
741 3450 907 3539 dilectio,
930 3465 966 3526 et
982 3470 1138 3529 caeterae
1158 3459 1318 3534 virtutes.
1369 3472 1410 3531 nt
1436 3482 1475 3529 sc
1500 3455 1668 3531 subiiciat
1687 3451 1782 3541 Deo,
1817 3447 1944 3521 habeat
1970 3445 2133 3517 timorem
2157 3442 2243 3531 Dei,
2269 3445 2359 3517 dile-

429 3556 598 3630 Alterum
611 3553 812 3644 exemplum
825 3555 1221 3632 sitconversioDavidis
1239 3576 1318 3655 pnat
1368 3561 1522 3635 ctionem
1544 3576 1578 3631 et
1593 3562 1727 3633 bonnm
1742 3554 1982 3649 propositum,
2007 3548 2097 3619 sicut
2120 3547 2213 3617 clare
2227 3548 2359 3619 dicitur

277 3671 281 3684 '
333 3663 489 3755 lapsum,
513 3658 556 3728 in
575 3679 647 3751 qus
672 3656 778 3731 etiam
799 3658 1069 3751 conspiciuntur
1090 3657 1130 3733 hi
1149 3664 1222 3737 duo
1240 3690 1316 3735 mo·
1367 3667 1411 3734 ad
1429 3661 1533 3739 Gala.
1550 3664 1604 3738 a:
1634 3658 1682 3733 Ut
1699 3656 1968 3751 promissionem
1983 3648 2128 3741 spiritus
2146 3650 2359 3740 accipiamus

276 3833 282 3860 Ι
334 3780 405 3849 tus,
431 3764 558 3853 ingens
580 3783 707 3850 pavor,
740 3772 774 3830 et
796 3760 927 3831 deiude
957 3764 1168 3839 consolatio.
1224 3764 1317 3837 Nam
1367 3767 1563 3859 perfidem.
1616 3758 1713 3833 Haec
1729 3760 1894 3830 voluntas
1907 3752 1993 3837 Dei,
2009 3746 2359 3825 de·rccnncittatiote

276 3867 281 3924 3
333 3890 411 3937 cnm
431 3891 454 3936 a
475 3855 654 3955 Propheta
674 3854 814 3934 Nathan
835 3862 1016 3951 arguitur,
1047 3868 1207 3960 derepta
1228 3892 1317 3938 cnn-
1369 3882 1514 3960 propter
1536 3867 1668 3949 filium,
1695 3884 1770 3931 non
1792 3873 1845 3931 est
1867 3870 1952 3930 nota
1975 3849 2183 3925 hominibus
2203 3854 2357 3927 naturali

333 3966 592 4059 iugeslletiub
618 3966 711 4037 etde
730 3987 817 4035 nece
839 3964 980 4052 masiti,
1007 3967 1163 4041 existunt
1185 3970 1224 4041 in
1242 3966 1316 4041 Da-
1368 3973 1462 4055 luce,
1499 3970 1591 4041 sicut
1621 3968 1703 4050 lex,
1733 3966 1793 4035 sed
1828 3965 2002 4031 immensa
2027 3956 2184 4029 bonitate
2206 3955 2358 4029 interce-

333 4072 411 4141 vide
440 4066 614 4141 horrendi
641 4088 809 4157 pavores,
840 4069 964 4159 qnater
996 4094 1100 4163 saepe
1129 4073 1314 4143 describit:
1365 4072 1588 4151 dementia,
1618 4067 1791 4163 patefacta
1816 4079 1867 4135 est
1890 4084 1977 4133 voce
1991 4056 2056 4129 Dei
2079 4057 2184 4127 initio
2208 4057 2247 4129 in
2270 4082 2356 4161 pro-

331 4172 409 4243 Nnn
431 4186 485 4243 est
499 4194 568 4263 pax
582 4169 723 4242 ossibus
743 4168 831 4239 mus
846 4191 867 4240 a
882 4186 1073 4272 conspectu
1091 4187 1314 4267 peccatorum
1365 4174 1615 4254 missionibus,
1654 4184 1691 4242 et
1720 4182 1840 4259 postea
1862 4164 2035 4235 illustrata
2059 4181 2124 4251 par
2147 4155 2355 4265 Prophetas,

268 4293 269 4301 ’
330 4287 569 4347 meorumetc.
617 4272 790 4362 Agnoscit
813 4270 904 4343 icam
919 4270 987 4343 Dei
1007 4276 1177 4347 adversus
1193 4299 1314 4367 pecca-
1365 4277 1561 4370 peripsum
1577 4274 1748 4344 liliumet
1765 4267 1968 4359 Apostolos.

268 4392 269 4404 ¹
328 4395 422 4464 tum,
445 4376 546 4448 dolet
568 4386 773 4467 propterea,
798 4374 895 4465 quod
909 4375 1061 4449 offendit
1077 4373 1213 4462 Deum,
1237 4402 1315 4449 me-
1469 4375 1685 4470 Quanquam
1705 4385 1822 4443 antem
1841 4368 2025 4467 perspicue
2047 4366 2178 4437 tradita
2198 4376 2250 4435 cst
2268 4357 2354 4433 baec

326 4480 443 4552 tuisse
458 4477 568 4549 abiici
579 4501 601 4546 a
615 4474 713 4559 Deo,
737 4474 829 4545 sicut
840 4492 923 4546 ante
939 4479 1076 4549 uiderat
1091 4474 1315 4551 horribiliter
1366 4481 1529 4551 doctrina
1546 4480 1584 4547 in
1602 4468 1791 4565 Prophetis
1804 4468 2050 4562 responsatis,
2066 4480 2185 4541 tamen
2201 4465 2354 4537 subinde

268 4597 269 4658 l
323 4582 429 4653 abiici
446 4579 604 4653 Saulem.
656 4576 826 4669 Denique
844 4578 973 4650 metuit
984 4592 1147 4651 aeternas
1160 4598 1196 4654 et
1211 4607 1314 4674 prae-
1364 4583 1403 4651 in
1422 4582 1562 4671 mundo
1588 4578 1686 4649 varie
1716 4575 1903 4645 obscurata
1932 4584 1994 4642 est.
2070 4565 2249 4640 Monendi
2268 4577 2353 4636 sunt

268 4670 272 4823 p
325 4700 442 4756 sentes
464 4704 617 4775 poenas,
647 4704 713 4751 uec
742 4679 813 4747 ism
843 4679 1010 4769 colligere
1038 4684 1164 4755 merita
1188 4699 1315 4775 potest,
1364 4684 1475 4773 igitur
1492 4682 1671 4762 iuniores,
1705 4691 1746 4749 ut
1770 4674 1925 4745 nativam
1940 4668 2127 4757 Evangelii
2140 4667 2350 4740 sententiam

323 4789 421 4857 videt
441 4786 519 4856 irae
529 4780 600 4853 Dei
615 4806 689 4853 non
706 4800 808 4871 posse
821 4782 1051 4872 opponisues
1065 4784 1226 4869 virtutes,
1251 4799 1314 4857 sut
1363 4786 1551 4858 retineant.
1609 4778 1854 4852 Certissimum
1877 4785 1947 4857 est,
1980 4768 2131 4842 Panlutn
2154 4763 2224 4843 hoc
2248 4768 2353 4853 velle,

324 4892 444 4981 priora
468 4888 580 4971 facts,
612 4896 648 4957 et
661 4885 926 4972 extingueretur
940 4887 1187 4977 magnitudine
1208 4888 1312 4957 dolo·
1363 4881 1409 4956 F
1412 4884 1428 4954 i
1435 4880 1486 4956 de
1510 4883 1740 4955 instilieemur
1759 4876 1887 4967 gratis,
1911 4874 1949 4944 id
1973 4886 2042 4953 est,
2068 4884 2214 4965 propter
2237 4870 2350 4943 filium

323 4996 380 5079 cis,
404 4988 479 5061 nisi
493 4988 673 5060 accederet
694 4984 909 5057 consolatio:
930 4984 1015 5058 Nou
1039 4990 1214 5075 morieris,
1236 4986 1313 5061 Dn-
1363 4988 1450 5073 Dei,
1473 5002 1507 5060 et
1521 5008 1596 5057 nnn
1610 4994 1754 5075 propter
1770 4988 1927 5049 nostram
1942 4974 2171 5065 dignitatern,
2197 4987 2260 5047 snt
2277 4973 2350 5043 ulla

319 5098 441 5164 minus
461 5090 611 5163 abstulit
632 5102 813 5182 peccatum
839 5100 953 5161 tuum.
1004 5087 1082 5159 Hac
1103 5090 1225 5163 audita
1246 5091 1313 5163 ab·
1363 5104 1484 5161 nostra
1498 5088 1624 5159 merita
1646 5082 1839 5173 accipimus
1852 5076 2097 5149 remissionem
2115 5087 2352 5165 peccatorum,

323 5196 506 5268 solutione
523 5215 649 5263 rursus
669 5189 875 5262 accenditur
895 5189 934 5258 in
950 5213 992 5259 eo
1022 5192 1128 5276 fides,
1153 5215 1224 5286 qua
1247 5215 1312 5283 ep·
1364 5209 1398 5265 et
1427 5186 1753 5261 reconciliationem
1795 5193 1829 5251 et
1874 5178 2146 5270 imputationem
2178 5176 2349 5265 iusticias,

324 5294 552 5390 prehendens
565 5292 845 5377 absolutionem,
869 5290 997 5383 incipit
1018 5293 1150 5365 intueri
1171 5294 1312 5365 miseri·
1362 5318 1442 5365 curn
1457 5291 1636 5361 credimus
1650 5283 1866 5373 Evangelio,
1892 5294 1926 5351 et
1943 5282 2012 5351 lide
2034 5274 2239 5362 statuimus,
2262 5272 2349 5347 haec

324 5395 584 5489 medicinalia,
602 5407 639 5466 ct
654 5393 784 5484 cogitat
796 5393 867 5463 ism
879 5406 1034 5465 caeterm
1048 5395 1312 5488 promissiones,
1361 5394 1531 5465 beneficia
1545 5390 1650 5461 nobis
1663 5402 1807 5479 propter
1824 5383 1936 5453 lilium
1951 5382 2016 5453 Dei
2032 5381 2131 5460 dari,
2157 5392 2192 5451 sl
2204 5379 2349 5481 pridem

325 5518 357 5573 et
383 5502 422 5571 in
445 5500 641 5569 mediatore
662 5494 870 5589 acquiescit,
903 5518 944 5566 ac
968 5499 1126 5587 agnoscit
1148 5492 1312 5568 homines
1361 5496 1475 5567 credit
1496 5489 1682 5565 baselides
1698 5486 1865 5558 omnibus
1880 5483 2039 5555 articulis
2055 5481 2160 5566 fidei,
2184 5494 2220 5553 et
2243 5481 2350 5551 refert

323 5603 436 5696 recipi
455 5625 520 5694 per
535 5599 744 5669 immensam
758 5597 1036 5668 misericordiam
1054 5612 1199 5691 propter
1213 5620 1311 5669 surn-
1361 5614 1518 5669 caeteros
1534 5596 1578 5666 sd
1602 5589 1699 5662 hunc
1718 5588 1837 5679 ipsum
1857 5584 2064 5656 articulum:
2087 5580 2349 5655 Remissinnem

324 5730 425 5777 mum
463 5704 704 5784 sacerdotem,
757 5698 1044 5788 interpellantem
1092 5724 1157 5791 pro
1196 5702 1312 5785 nobis,
1362 5712 1602 5792 peccatorum,
1636 5695 1681 5763 de
1704 5712 1776 5783 qun
1796 5686 1946 5759 articntn
1969 5708 2043 5756 non
2067 5696 2204 5755 mutum
2227 5682 2265 5749 in
2288 5703 2350 5771 ga-

322 5830 429 5902 qnem
447 5806 523 5899 ipse
538 5802 699 5875 nominat
707 5796 934 5871 Sacerdotem
941 5802 1135 5871 secundum
1146 5802 1310 5873 ordinem
1361 5824 1447 5870 nere
1462 5798 1678 5870 credendum
1694 5804 1764 5876 est,
1790 5787 2002 5882 quibusdam
2024 5784 2105 5857 aliis
2121 5782 2273 5867 remitti,
2297 5783 2348 5878 si·

325 5900 607 5980 Melchisedech.
673 5900 781 5973 Hunc
813 5901 881 5973 scit
915 5924 990 5974 esse
1015 5904 1247 5977 mediatorem
1275 5919 1311 5977 et
1333 5859 1341 5987 Ι
1362 5916 1424 5975 cut
1438 5915 1474 5973 et
1488 5902 1679 5973 daemones
1694 5894 1863 5977 credunt,
1887 5888 1951 5959 sed
1967 5886 2167 5959 moeretibi
2182 5884 2250 5977 ipsi
2273 5906 2348 5958 crs-

375 6016 556 6084 stream.
583 6010 689 6079 Ores.
729 6007 813 6073 Vnt..
836 6006 916 6076 XV.
1673 5991 1721 6067 51
1860 6102 1864 6109 Ι
