5825 6950
319 671 403 752 cra
605 622 1242 752 ,x11s1.snnorsr10rus
1268 659 1678 749 unusnrsun
1703 661 2062 750 annonarios.
2277 667 2353 748 crs

315 843 501 920 iusticiam
522 844 712 918 tradimusc
754 866 830 916 non
860 842 958 916 enlm
986 843 1179 918 iustihcant
1205 867 1315 938 opera
1362 842 1403 913 in
1417 865 1489 937 quo
1504 843 1895 936 annuncienturgratia
1908 859 2040 939 etpar,
2065 867 2139 918 non
2158 843 2224 920 ira.
2255 839 2348 918 Nam
2428 933 2430 940 Ι

316 962 445 1020 nostra
471 971 589 1020 eoram
610 945 699 1024 Deo.
773 946 856 1020 Alia
886 949 1059 1042 quaedam
1089 947 1228 1020 iusticia
1251 961 1315 1033 est,
1361 946 1419 1016 les
1442 957 1545 1016 antea
1565 945 1654 1016 iram
1679 945 1747 1017 Dei
1771 947 1938 1022 ostendit.
1989 945 2059 1020 llic
2082 951 2127 1020 de
2148 947 2221 1020 alio
2239 948 2352 1018 verbo

320 1075 394 1146 qua
417 1073 537 1123 coram
556 1047 634 1122 Deo
660 1050 910 1134 iustificamur,
934 1071 1080 1138 nempe,
1104 1052 1246 1120 credere
1273 1050 1312 1119 in
1362 1048 1576 1120 vaticinatur
1604 1044 1801 1141 Propheta,
1842 1053 1938 1144 quod
1962 1051 2141 1142 praedicat
2167 1045 2350 1122 remissio·-

318 1149 530 1237 Christum‚
555 1149 652 1226 hunc
675 1153 838 1248 quisquis
863 1147 1117 1244 apprehendit,
1148 1150 1181 1222 is
1205 1147 1314 1224 hahet
1362 1173 1444 1220 nem
1459 1164 1694 1243 peccatorum,
1718 1165 1753 1224 ct
1766 1155 1873 1243 gratis
1888 1153 1993 1224 offert
2009 1152 2185 1224 iusticiam
2201 1153 2349 1232 ereden-

320 1257 429 1326 lincm
452 1256 560 1346 legis,
593 1257 719 1342 idest,
743 1277 917 1326 summam
938 1255 1043 1346 legis,
1076 1249 1145 1325 hoc
1166 1267 1235 1338 cst,
1260 1266 1314 1326 est
1360 1253 1470 1324 tibus.
1523 1251 1634 1324 Docet
1654 1268 1771 1325 autem
1788 1255 1892 1324 iidem
1910 1255 1961 1324 sic
1981 1256 2204 1345 contingere,
2229 1253 2264 1324 si
2282 1275 2348 1324 au·-

321 1359 438 1432 iustus
453 1381 575 1428 coram
590 1357 686 1444 Deo,
710 1357 876 1430 satisfecit
889 1357 981 1431 Deo.
1361 1355 1501 1426 diamus
1535 1357 1683 1426 verbum
1704 1354 1798 1441 Dei,
1833 1357 2039 1449 etquidem
2073 1353 2229 1428 humana
2263 1377 2350 1426 voce

430 1455 624 1551 Eleganter
656 1471 773 1531 autem
811 1459 953 1530 ornavit
993 1459 1237 1530 delinitionem
1270 1479 1313 1527 ex
1361 1458 1612 1549 praedicatum.
1664 1453 1728 1527 Est
1746 1459 1854 1548 igitur
1870 1481 1974 1530 causa
1998 1459 2153 1530 efficiens
2168 1457 2250 1528 fidei
2265 1477 2349 1526 ver·

319 1562 516 1634 contrario.
580 1560 724 1634 lusticia
754 1575 828 1647 est,
868 1578 943 1632 non
974 1561 1093 1631 dicere
1126 1562 1165 1630 in
1192 1560 1312 1645 corde,
1361 1561 1466 1640 bum,
1501 1583 1571 1654 quo
1588 1559 1741 1652 impellit
1762 1573 1797 1630 et
1822 1558 2049 1631 movetDeus
2072 1563 2179 1632 corda
2202 1560 2249 1630 ad
2273 1581 2351 1629 cre-

318 1666 403 1759 quis
424 1666 591 1736 ascendet
612 1664 654 1734 in
675 1662 835 1749 coelum,
867 1677 929 1736 aut
957 1664 1038 1757 quis
1060 1664 1249 1734 descendet
1270 1663 1312 1731 in
1359 1663 1530 1736 dendum.
1583 1661 1669 1734 Sine
1685 1663 1793 1733 verbo
1809 1685 1882 1732 non
1898 1663 2073 1754 contingit
2088 1662 2244 1754 Spiritus
2265 1683 2349 1732 san-

317 1765 517 1862 abyssum?
549 1763 617 1838 hac
639 1767 772 1857 figurae
795 1765 981 1837 continent
1004 1766 1161 1837 rationes
1183 1758 1312 1835 huma-
1359 1778 1447 1837 ctus.
1498 1762 1546 1834 Et
1560 1777 1599 1834 ut
1612 1763 1850 1835 ministerium
1865 1766 1966 1837 verbi
1980 1763 2050 1836 Dei
2072 1763 2369 1850 commendarat,

316 1893 402 1950 nes,
443 1882 481 1940 et
501 1869 699 1963 depingunt
711 1867 783 1962 teor
805 1867 1045 1941 incredulum.
1102 1865 1196 1938 Nam
1219 1865 1310 1937 ratio
1359 1865 1498 1936 addidit
1511 1867 1716 1937 missionem
1731 1890 1887 1962 quoque.

314 1985 590 2062 argumentator
611 1966 682 2042 hoc
699 1973 827 2042 modo:
861 1968 944 2041 Non
959 1991 1103 2062 possum
1122 1969 1311 2040 ascendere
1460 1965 1595 2038 Multas
1619 1993 1660 2040 ac
1682 1989 1828 2059 magnas
1853 1969 2026 2042 utilitates
2052 1972 2239 2064 decerpere
2265 1969 2348 2064 pius

314 2075 354 2144 in
376 2073 524 2145 coelum
539 2086 574 2144 et
595 2095 716 2144 coram
738 2074 860 2143 videre
879 2073 1099 2145 voluntatem
1113 2067 1202 2158 Dei,
1226 2093 1309 2160 crgo
1359 2069 1470 2140 lector
1483 2094 1523 2140 ca
1538 2066 1606 2142 hoc
1621 2071 1735 2162 capite
1749 2085 1874 2163 potest.
1922 2070 2040 2166 Supra
2052 2073 2156 2144 valde
2171 2074 2266 2142 clara
2282 2095 2361 2164 po-·

314 2199 392 2247 non
417 2176 565 2246 credam
592 2199 649 2245 mc
669 2172 747 2247 Deo
775 2197 881 2244 curae
908 2197 999 2259 csse,
1034 2198 1109 2246 non
1138 2174 1311 2245 assentiar
1357 2171 1459 2242 nitur
1471 2173 1630 2243 delinitio
1645 2173 1743 2256 fidei,
1768 2173 1806 2244 in
1821 2171 1891 2268 qua
1913 2177 2011 2246 cerni
2033 2189 2166 2267 potest,
2192 2173 2281 2268 quid
2301 2171 2348 2244 sit

313 2277 436 2350 Deum
459 2301 527 2348 nos
550 2277 743 2368 respicere,
769 2274 885 2347 Deum
901 2275 1006 2347 nobis
1023 2271 1092 2348 hoc
1106 2277 1215 2346 modo
1232 2275 1310 2368 pla·
1357 2274 1455 2346 bdcs.
1522 2272 1656 2346 Natura
1680 2276 1776 2345 enim
1799 2287 1833 2346 et
1854 2277 1909 2346 vis
1925 2277 2012 2346 lidci
2037 2279 2141 2348 valde
2163 2278 2258 2347 clare
2282 2276 2348 2346 ds·

320 2381 392 2452 cari
413 2380 516 2451 iuxta
540 2380 705 2451 verbum.
776 2377 850 2448 Nec
875 2379 1042 2480 descendi
1071 2379 1110 2447 in
1131 2379 1310 2472 abyssum,
1358 2377 1531 2468 pingitur,
1553 2401 1632 2448 cum
1649 2377 1890 2448 dubitationes
1903 2360 1987 2449 illae
2001 2379 2130 2451 mentis
2146 2379 2277 2472 impiae
2290 2401 2348 2448 re·

321 2476 391 2552 hoc
405 2496 477 2564 est,
505 2504 580 2553 non
599 2481 675 2552 vidi
691 2481 873 2578 quomodo
890 2481 1023 2551 mortui
1039 2482 1185 2570 degant,
1218 2501 1311 2574 quo·
1360 2473 1644 2569 prehenduntur.
1704 2477 1796 2570 Quis
1819 2481 1976 2552 ascendit
1997 2482 2036 2553 in
2059 2481 2224 2552 coelum?
2263 2477 2347 2570 Qua

326 2585 428 2654 modo
440 2583 562 2656 redire
580 2583 626 2654 ad
642 2583 750 2653 vitam
767 2583 915 2673 possint.
967 2579 1080 2673 lgitur
1093 2606 1168 2654 non
1190 2603 1309 2653 assen·
1358 2582 1415 2650 via
1438 2594 1535 2673 patet
1562 2581 1699 2652 reditus
1726 2583 1877 2653 mortuis
1905 2585 1949 2655 ad
1979 2583 2115 2654 vitam?
2151 2579 2218 2654 llist
2249 2583 2346 2652 enirn

320 2687 388 2759 tiar
412 2709 620 2781 quenquam
652 2685 863 2756 reviviscere
891 2705 1018 2776 posse,
1056 2700 1118 2781 qut
1147 2688 1309 2772 ajmortc
1356 2683 1461 2770 fides,
1495 2705 1584 2777 quae
1608 2698 1702 2754 certo
1726 2687 1850 2758 statuit
1873 2685 1918 2756 dc
1938 2684 2123 2758 voluntate
2143 2681 2234 2774 Dei,
2270 2680 2350 2754 Deo

317 2787 479 2864 liberari.
553 2784 663 2860 Ratio
692 2789 788 2856 enim
819 2788 918 2858 ducit
947 2801 1154 2877 argumenta
1175 2809 1216 2856 ex
1240 2780 1309 2865 his,
1357 2807 1424 2856 nos
1440 2808 1545 2856 curae
1564 2809 1655 2872 esse,
1682 2782 1796 2856 Deum
1820 2786 1926 2858 nobis
1949 2787 2131 2878 ignoscere
2155 2787 2252 2858 iuxta
2279 2778 2350 2856 hoc

315 2914 409 2984 quae
431 2912 540 2962 sensu
559 2884 839 2982 comprehendit.
889 2885 989 2979 llaec
1007 2889 1169 2983 impietas
1190 2887 1308 2960 cordis
1357 2889 1528 2972 verbum,
1570 2888 1640 2977 tegi
1669 2901 1704 2958 et
1735 2889 1882 2958 delendi
1907 2901 1941 2958 et
1964 2891 2098 2960 servari
2122 2911 2230 2960 noso
2253 2888 2348 2961 Deo.

315 2989 443 3064 haeret
456 2993 498 3062 in
512 2992 681 3062 omnibus
695 2985 902 3063 hominibus
915 3004 1054 3066 natura.
1358 2987 1446 3060 ltem
1464 3003 1608 3078 separat
1622 2989 1797 3060 iusticiam
1813 2990 1896 3059 lidei
1911 3015 1930 3060 a
1946 2991 2083 3061 iusticia
2100 2991 2205 3080 legis,
2231 3005 2265 3061 et
2281 2988 2350 3060 soli

419 3089 587 3187 Opponit
608 3092 718 3184 igitur
738 3094 977 3178 contrarium,
1002 3088 1134 3164 habere
1156 3092 1306 3164 verbum
1354 3091 1438 3161 lidci
1466 3091 1593 3164 tribuit
1619 3091 1932 3181 iustificationem,
1969 3093 2077 3165 alteri
2103 3091 2223 3184 generi
2251 3092 2346 3162 clarc

316 3199 355 3270 in
371 3197 505 3282 corde,
535 3196 663 3281 idest,
698 3218 781 3265 vere
802 3193 985 3282 assentiri,
1017 3198 1114 3289 quod
1136 3189 1205 3265 hoc
1225 3217 1307 3263 vcr-
1354 3193 1495 3268 adimit.

314 3303 427 3385 bum,
452 3299 550 3392 quod
563 3296 768 3390 praedicant
781 3296 964 3390 Apostoli,
988 3319 1113 3367 rerum
1126 3297 1185 3383 sit,
1208 3298 1306 3391 quod
1457 3293 1598 3367 Deinde
1613 3295 1774 3386 gradatio
1789 3297 1833 3365 de
1853 3297 1960 3368 modo
1978 3296 2258 3384 iustificationis,
2283 3318 2347 3368 seu

313 3414 462 3497 propter
483 3396 666 3472 Christum
692 3400 908 3493 recipiamur
933 3399 973 3468 io
1002 3397 1152 3489 gratiam
1180 3401 1304 3491 patris,
1356 3399 1401 3468 de
1424 3397 1506 3468 fidet
1540 3421 1642 3468 causa
1666 3421 1879 3490 magnopere
1906 3399 2127 3470 observanda
2151 3415 2204 3472 est
2224 3411 2352 3470 contra

316 3507 414 3600 qood
442 3516 591 3603 propter
609 3499 793 3588 Christum
819 3502 1003 3591 contingat
1026 3500 1186 3587 iusticia,
1220 3501 1307 3583 vita,
1354 3501 1527 3573 fanaticos
1552 3496 1731 3591 homines,
1767 3502 1828 3595 qui
1850 3514 2087 3573 contemnunt
2107 3502 2347 3574 ministerium

314 3620 462 3701 pmpter
475 3600 655 3677 Christum
670 3627 752 3676 vere
766 3602 968 3677 simosDeo
983 3625 1105 3691 curae,
1129 3603 1228 3700 qood
1243 3605 1307 3675 de-
1337 3604 1475 3689 .rcrbi,
1502 3602 1585 3697 qui,
1610 3603 1741 3673 omisso
1765 3603 1897 3685 verbo,
1930 3627 2041 3674 novas
2064 3604 2347 3683 illuminationes

313 3713 504 3781 lendamur
518 3732 538 3778 a
553 3703 631 3779 Deo
649 3720 889 3783 etsersemur.
1355 3704 1569 3801 requirunt,
1616 3702 1679 3798 qni
1719 3704 1791 3775 suis
1828 3706 2136 3795 speculationibus·
2170 3717 2348 3777 conantur

416 3805 687 3909 Epiphouema,
721 3811 829 3880 corde
856 3809 1015 3881 creditur
1044 3806 1090 3880 sd
1116 3805 1306 3895 iusticiam,
1355 3807 1471 3880 Deum
1504 3801 1827 3899 comprehendere,
1866 3808 1929 3901 qui
1966 3808 2144 3879 somniant
2171 3807 2348 3901 Spiritum

315 3930 350 3987 et
365 3936 430 3983 ore
444 3912 485 3983 fit
499 3912 672 3987 confessio
694 3913 740 3981 ad
761 3912 923 3987 salutern.
973 3908 1165 4001 Repetitur
1186 3924 1305 3983 autem
1356 3923 1517 3981 sanctum
1534 3908 1674 4000 concipi
1691 3921 1752 3980 aut
1769 3910 1911 3999 ,operari
1934 3908 1973 3978 iu
1994 3909 2101 3979 nobis
2121 3931 2186 4002 per
2206 3922 2348 3981 nostras

314 4018 463 4087 effectus
481 4014 587 4104 fidei,
611 4014 762 4101 scilicet,
793 4015 892 4107 quod
912 4014 999 4083 lidcs
1020 4010 1203 4098 iustificet,
1229 4034 1304 4109 non
1356 4011 1614 4105 speculationes
1640 4010 1717 4080 sinc
1739 4010 1850 4080 verbo
1873 4007 1959 4097 Dci,
1982 4010 2045 4106 qui
2068 4012 2250 4084 somniant
2263 4008 2347 4103 spt-

313 4141 435 4210 opera.
502 4111 552 4187 Et
585 4116 731 4187 additur
761 4116 1005 4187 testimonium
1038 4138 1081 4185 cs
1104 4108 1303 4205 Propheta:
1353 4118 1464 4186 ritum
1486 4126 1646 4183 sanctum
1664 4110 1806 4205 concipi
1833 4134 1896 4204 per
1919 4115 2207 4205 praeparationes
2229 4126 2346 4185 certo·

313 4220 452 4293 Omnis
468 4218 537 4316 qni
560 4218 752 4288 crediderit
777 4240 852 4289 non
877 4218 1041 4309 pudefiet.
1108 4211 1249 4287 Citatur
1269 4230 1304 4287 et
1355 4240 1436 4287 rum
1462 4238 1624 4313 operum.
1675 4212 1784 4284 Tales
1805 4207 1974 4287 haeretici
1996 4216 2144 4287 luerunt
2168 4214 2256 4287 olim
2287 4212 2348 4287 ἐν·

311 4324 413 4393 aliud
429 4320 688 4394 testimonium:
713 4315 847 4391 Omnis
861 4320 923 4414 qui
938 4316 1159 4391 invocaverit
1171 4340 1304 4389 nomen
1353 4312 1601 4403 θουσιασταὶ,
1628 4316 1737 4387 etalii
1754 4314 1869 4389 multi.
1920 4314 1968 4388 Et
1982 4318 2113 4388 nostris
2126 4312 2350 4407 temporibus
2456 4364 2459 4371 -
2550 4337 2553 4349 ¹

308 4422 481 4508 Domini,
505 4420 718 4495 saleuserit.
1355 4434 1439 4493 sunt
1454 4419 1728 4511 Anabaptistae,
1754 4432 1788 4489 et
1813 4418 1876 4489 alii
1902 4419 1964 4516 qui
1988 4419 2224 4490 ministerium
2245 4416 2346 4487 verbi

416 4524 493 4599 Suo
514 4546 614 4595 more
633 4524 792 4595 annectit
806 4522 1069 4614 gradationem,
1093 4548 1166 4619 qua
1184 4525 1303 4597 decla·
1354 4534 1605 4601 contemnunt,
1632 4532 1666 4591 et
1689 4518 1869 4592 somniant
1884 4518 2057 4611 Spiritum
2082 4533 2241 4590 sanctum
2266 4518 2348 4589 dari

309 4644 369 4703 rat
388 4627 538 4699 modum
567 4625 843 4711 iustificationis,
885 4638 920 4696 et
941 4624 1023 4695 lidei
1044 4648 1205 4715 causam,
1240 4650 1303 4698 scu
1353 4626 1431 4698 sinc
1446 4624 1556 4694 uerbo
1572 4622 1654 4697 Dei.
1704 4614 1826 4717 ltaque
1843 4622 1984 4714 publice
2007 4620 2152 4712 prodest
2165 4614 2224 4691 hic
2245 4619 2349 4691 loeus

310 4729 497 4827 quomodo
521 4729 607 4799 lides
637 4726 868 4819 concipiatur.
941 4723 1127 4801 Dialectici
1154 4730 1303 4803 tradunt
1353 4724 1648 4799 strumentum
1662 4722 1900 4793 ministerium
1917 4722 2016 4793 verbi
2033 4720 2111 4793 Dei.

310 4836 448 4907 soriten
464 4830 595 4901 versari
614 4828 655 4899 in
674 4828 789 4899 causis
803 4842 838 4901 ct
855 4828 1049 4901 effectibus.
1100 4825 1166 4902 Est
1181 4844 1300 4903 autem
1454 4826 1604 4899 Prodest
1619 4840 1654 4899 ct
1667 4825 1832 4917 privatim
1849 4824 1889 4895 in
1910 4823 2167 4896 tentationibus
2189 4822 2348 4917 piorum.

307 4938 441 5010 sorites
454 4931 653 5025 gradationi
668 4931 798 5005 allinis.
847 4927 933 5001 ldeo
952 4927 1104 5016 Paulus,
1129 4932 1213 5003 ciem
1227 4933 1302 5003 vel·
1352 4926 1444 5001 Nam
1462 4950 1563 5017 aegre
1579 4928 1711 5027 pendet
1728 4948 1866 4997 mensa
1886 4924 1966 4997 solo
1986 4926 2115 5012 verbo,
2140 4938 2176 4998 ct
2192 4924 2344 5020 requirit

307 5044 360 5111 let
378 5036 568 5109 ostendere
588 5032 673 5103 fidei
693 5054 855 5120 cauum,
880 5032 1037 5106 instituit
1054 5034 1300 5123 gradationem
1352 5032 1439 5103 alias
1455 5030 1733 5110 consolationes,
1759 5026 2062 5110 illuminationes,
2084 5048 2163 5099 nen
2181 5029 2287 5099 audet
2307 5048 2348 5100 se

304 5138 380 5215 hoc
396 5138 517 5211 modo.
1352 5148 1491 5205 tantum
1505 5130 1617 5203 verbo
1630 5142 1837 5205 sustentare.
1890 5126 1940 5201 Ut
1963 5129 2072 5221 igitur
2091 5130 2242 5201 sciamus
2268 5150 2345 5199 non

412 5242 529 5312 Nemo
544 5239 705 5322 invocat,
731 5236 802 5310 nisi
816 5238 954 5310 credat:
1352 5258 1427 5306 esse
1440 5235 1528 5305 alias
1543 5231 1803 5304 consolationes
1818 5229 2067 5325 requirendas,
2092 5232 2189 5302 iubet
2203 5250 2271 5301 nos
2294 5230 2342 5301 ed

409 5342 528 5415 Nemo
542 5340 674 5424 credit,
696 5341 767 5410 nisi
780 5338 1137 5411 audireritrerbum:
1351 5338 1500 5407 verbum
1523 5336 1716 5429 respicere,
1747 5355 1788 5403 ac
1809 5331 1961 5419 sentire,
1994 5332 2091 5427 quod
2110 5326 2211 5403 haud
2231 5332 2345 5402 dubie

410 5444 496 5517 Non
509 5456 621 5534 potest
634 5442 754 5515 audiri
772 5443 935 5527 verbum,
959 5440 1029 5511 nisi
1044 5439 1275 5533 praedicetur}
1351 5434 1437 5508 hacc
1450 5438 1496 5509 sit
1510 5434 1578 5507 Dei
1595 5436 1763 5507 volontas
1782 5433 1931 5507 iurandi
1951 5456 2040 5521 nos,
2064 5432 2209 5529 quaein
2231 5434 2344 5503 verbo

410 5546 497 5618 Nora
520 5558 634 5645 potest
655 5544 850 5637 praedicari
871 5543 1020 5613 verbum
1026 5592 1039 5629 ,
1064 5542 1135 5612 nisi
1154 5543 1302 5613 mittan·
1348 5540 1561 5613 ostenditur.
1620 5532 1669 5608 Et
1689 5560 1735 5607 ne
1755 5534 2001 5631 requireretur
2021 5535 2089 5605 alia
2110 5532 2346 5618 illuminatio,

299 5674 403 5733 tura
419 5650 501 5722 Deo
515 5646 576 5741 qui
592 5648 806 5738 praedicent.
845 5640 894 5715 Er
910 5642 1031 5717 recitat
1043 5642 1299 5726 testimonium,
1348 5654 1498 5713 testatur
1523 5662 1562 5711 se
1589 5639 1689 5735 loqui
1716 5638 1762 5709 de
1796 5637 1909 5709 verbo
1942 5637 2148 5729 praedicato
2182 5628 2336 5706 lnrnmna

299 5764 342 5833 in
360 5778 437 5851 quo
451 5744 629 5840 Propheta
649 5748 826 5841 praedixit
844 5746 1007 5818 loturum
1034 5768 1127 5831 esse,
1153 5758 1193 5816 ut
1213 5745 1299 5818 mit·
1348 5766 1453 5829 uoce,
1485 5744 1530 5813 dc
1553 5740 1730 5834 corporali
1759 5738 1891 5824 verbo,
1924 5740 2021 5833 quod
2051 5736 2200 5827 legitor,
2241 5735 2341 5827 qood

297 5876 455 5946 tantur,
478 5852 541 5947 qui
555 5874 691 5925 norom
707 5850 861 5925 verbum
874 5858 1043 5943 spargant
1056 5847 1100 5921 io
1112 5850 1304 5939 mundam,
1346 5858 1514 5941 personat
1528 5842 1742 5923 inauribus.
1775 5840 1860 5915 ldee
1875 5838 2006 5913 diserte
2020 5838 2071 5913 ait
2080 5836 2220 5911 Moses:
2247 5834 2342 5912 Ver·
