5825 6950
342 690 422 771 867
755 694 839 773 Xll.
888 690 1185 773 nnannatto
1211 692 1263 772 lN
1288 689 1477 775 avano.
1496 690 1709 777 lOANNIS.
1768 696 1873 775 CAP.
1898 698 1998 775 xvt.
2303 706 2380 787 868

344 863 540 939 sessionem
568 862 746 941 efficacem
768 866 865 954 lore,
896 868 1028 939 multos
1050 867 1279 941 invitatorem
1303 880 1339 939 et
1384 869 1644 943 confessionem
1668 871 1842 962 praecipit
1861 884 1898 945 et
1913 888 2062 949 exercet.
2111 872 2296 954 Postremo
2311 906 2378 957 nec

349 971 660 1053 confirmaturam,
686 993 751 1039 nec
773 994 872 1060 posse
892 972 1004 1039 deleri
1023 967 1277 1061 Evangelium,
1303 983 1339 1041 et
1385 970 1449 1039 illa
1476 968 1735 1063 Epicureorum
1758 975 2034 1049 subsannatione
2054 1002 2280 1070 moveamur,
2314 987 2376 1079 qui

347 1073 593 1143 testimonium
624 1072 853 1162 proponitur,
891 1096 964 1162 quo
995 1073 1148 1145 affirmet
1174 1067 1338 1143 Christus
1385 1073 1510 1143 dicunt
1532 1069 1617 1145 haec
1638 1086 1760 1145 nostra
1786 1078 1976 1151 certamina
1999 1080 2141 1154 inutilia
2161 1106 2245 1158 esse.
2297 1085 2376 1159 imo

344 1174 421 1245 lieo
443 1173 585 1263 placere
607 1174 861 1243 confessionem
884 1168 1090 1263 Evangelii,
1115 1187 1150 1246 et
1169 1173 1336 1245 damnari
1385 1199 1464 1244 cum
1494 1174 1650 1265 Spiritus
1680 1191 1820 1248 sanctus
1852 1196 1975 1267 arguat
2002 1184 2199 1273 mundum,
2239 1186 2306 1259 erit
2338 1188 2377 1259 id

344 1276 488 1345 furores
503 1272 762 1365 Epicureorum
778 1288 811 1345 et
827 1270 1112 1369 hypocritarum,
1137 1271 1337 1370 quiEvan-
1384 1297 1475 1367 opus
1505 1276 1643 1363 efficax,
1675 1280 1861 1369 colligetur
1882 1278 2059 1368 Ecclesia,
2089 1310 2161 1356 non
2186 1288 2375 1371 delebitur,

342 1378 479 1467 gelinm
503 1378 678 1461 oderunt,
714 1390 748 1447 et
772 1377 891 1447 delere
911 1391 1105 1462 conantur,
1129 1392 1166 1449 et
1187 1390 1337 1449 conates
1385 1402 1466 1446 vere
1490 1378 1597 1449 etiam
1622 1378 1818 1471 punientur
1840 1380 1893 1453 illi
1916 1384 1983 1475 ipsi
2006 1388 2169 1481 tyranni,
2193 1389 2257 1482 qui
2279 1405 2373 1462 atro-

342 1502 468 1549 eorum
490 1478 614 1549 irritos
627 1478 725 1564 sore,
749 1492 784 1550 et
797 1477 912 1550 Deum
928 1500 1060 1575 poenas
1077 1478 1116 1547 in
1134 1474 1200 1551 hae
1213 1480 1285 1551 vita
1300 1493 1336 1549 et
1384 1472 1747 1571 cissimegrassant'nr.
1798 1478 1872 1556 Has
1888 1486 2148 1561 consolationes
2161 1514 2261 1585 saepe
2275 1493 2373 1587 cogi·

344 1594 418 1673 post
444 1576 540 1651 hanc
561 1580 668 1653 vitam
693 1582 737 1649 de
759 1576 921 1651 hortibus
936 1580 1121 1671 Evangelii
1133 1594 1333 1652 sumturum
1384 1595 1515 1667 temus,
1540 1597 1580 1658 ut
1598 1607 1700 1653 veros
1715 1584 1830 1655 cultus
1845 1582 2022 1659 discamus
2037 1603 2072 1659 et
2087 1606 2312 1681 praestemus.

349 1705 437 1761 esse,
471 1684 568 1753 sicut
593 1682 775 1773 perierunt
801 1681 924 1767 ludas,
954 1679 1133 1766 Herodes,
1163 1678 1333 1773 Agrippa,
2239 1681 2243 1690 '

349 1784 464 1854 etalii
488 1784 596 1857 multi
617 1783 813 1865 manifestis
834 1783 1026 1857 miraculis.
1083 1782 1187 1857 Hanc
1206 1806 1335 1855 conso·

345 1886 516 1959 lationem
540 1884 608 1956 sibi
634 1899 805 1980 martyres
829 1898 987 1976 tempore
1002 1885 1220 1959 Diocletiani
1238 1900 1272 1957 et
1285 1886 1333 1955 si-

340 1988 493 2059 milibus
519 1986 739 2079 temporibus
760 1988 1026 2079 proponebant,
1058 1990 1110 2059 sic
1131 1988 1335 2078 cogitantes,

338 2090 404 2161 ⁹⁸⁸3
418 2110 550 2207 ‚ww
563 2089 759 2207 imbicfflffi
775 2104 809 2159 ‘i
823 2090 1047 2209 ii⁰p⁸r³i⁰ri⁸
1060 2112 1188 2180 ’ΜΨ
1204 2103 1255 2161 ⁰⁸²
1269 2108 1336 2179 '³⁰'
1381 2140 1545 2211 videatur
1560 2141 1721 2211 funditus
1736 2142 1915 2213 deleturus
1930 2166 2004 2212 esse
2017 2142 2209 2219 Ecclesiam
2224 2146 2307 2232 Dei,
2332 2150 2373 2219 in

339 2204 472 2276 tentra,
499 2214 591 2281 quae
612 2192 754 2261 videtur
773 2204 915 2281 penetus
938 2190 1097 2265 deletura
1120 2215 1194 2264 esse
1210 2189 1335 2263 Eccle-

358 2294 368 2310 .
455 2293 526 2361 D.
576 2304 591 2362 t
761 2293 770 2310 .
931 2294 966 2363 b.
1124 2295 1133 2310 .
1382 2237 1450 2312 hoc
1478 2242 1569 2312 tristi
1597 2244 1794 2331 spectaculo
1825 2264 1890 2312 nos
1923 2246 2098 2335 erigamur
2124 2242 2181 2317 his
2208 2252 2372 2321 consola·

341 2317 430 2363 ”²¹⁰
493 2318 548 2376 ω’
591 2314 695 2361 ’Μ
721 2314 853 2364 mmm
880 2317 929 2363 ¹¹⁰
955 2316 986 2363 ¹⁵
1018 2317 1231 2385 pr⁰m¹⁸⁸⁰¹¹¹
1259 2316 1335 2412 ²⁸⁸5
1382 2344 1560 2425 tionibus,
1593 2346 1688 2436 qnod
1712 2342 1868 2415 Ecclesia
1894 2340 1961 2415 Dei
1991 2348 2036 2416 sit
2060 2370 2246 2430 mansura,
2278 2353 2372 2423 sicut

344 2396 517 2485 spiceum
551 2407 723 2467 ‘amium-
788 2392 867 2465 ΗΜ
894 2396 1040 2466 mindi
1068 2410 1103 2467 ‘¹
1133 2396 1334 2466 ‘mmmm
1383 2441 1741 2519 Matth.16.dicitur:
1766 2445 1812 2517 Et
1828 2459 1950 2537 portae
1966 2449 2162 2521 inferorum
2179 2475 2371 2543 nonprae-

351 2512 487 2613 pium
513 2509 637 2613 mimi
669 2509 847 2614 immi
880 2520 926 2567 Μ
949 2498 1051 2615 fimi
1073 2512 1169 2569 '⁰⁹¹⁰
1194 2498 1334 2594 'uppli‘
1381 2548 1551 2619 valebunt
1573 2550 1741 2617 adversus
1764 2572 1840 2617 eam
1885 2546 2130 2620 etloan.10.:
2157 2548 2370 2626 Ovesmeae

350 2622 501 2677 crorum,
526 2598 731 2667 deberemus
752 2599 796 2667 ab
809 2596 1025 2688 Evangelio,
1051 2601 1111 2669 scel
1134 2613 1334 2673 constanter
1381 2673 1502 2721 vocem
1526 2674 1638 2720 meam
1661 2650 1832 2730 audium,
1849 2602 1892 2719 ’ep
1910 2673 2014 2721 nemo
2031 2653 2143 2743 rapiet
2160 2676 2217 2723 e„
2235 2658 2278 2725 de
2295 2680 2371 2726 m„

341 2700 585 2770 “mmmm‘'
629 2694 685 2817 ,Εἴ
707 2724 910 2818 quanquam
934 2700 1333 2820 mundiiudiiiiiim'
1380 2751 1488 2822 nibus
1512 2753 1617 2831 meis,
1645 2766 1679 2823 ct
1703 2747 1760 2821 hic
1778 2752 1923 2822 dicitur:
1951 2751 2121 2843 Princeps
2139 2757 2264 2825 mundi
2283 2781 2371 2827 con·

338 2816 474 2871 ”mm
502 2802 642 2871 'urbm
665 2801 884 2873 ⁶⁰⁰s²⁵⁵¹⁰⁰⁰
907 2806 1133 2873 mmmmm
1156 2828 1194 2872 ¹¹¹
1219 2826 1332 2893 ¹¹⁰⁹*
1379 2855 1566 2923 demnatu's
1587 2866 1657 2938 est,
1688 2853 1726 2923 id
1751 2867 1820 2939 est,
1855 2852 1918 2925 etsi
1944 2850 2061 2925 adhuc
2086 2856 2277 2927 insidiatur
2300 2857 2371 2929 Ec·

338 2926 423 2984 '¹¹⁸’
458 2917 581 2975 mm
610 2926 761 3020 “mim
783 2902 860 2973 D⁰⁰
889 2905 1027 2991 ''¹³⁶⁸“
1055 2900 1164 3023 hunc.
1186 2905 1332 2988 cuiium’
1379 2954 1515 3039 etesiae,
1541 2968 1576 3025 et
1590 2956 1702 3026 multa
1719 2957 1878 3025 membra
1893 2958 2040 3040 sauciat,
2065 2970 2183 3027 tamen
2202 2960 2370 3029 nonvin-

339 3028 404 3075 ¹¹0⁶
428 3028 506 3075 ‘⁸⁸‘
528 3018 667 3077 “mmm
690 3028 814 3076 '⁰³⁰²‘
829 3019 865 3076 θ’
879 3007 992 3077 &⁰¹³⁸
1008 3020 1270 3088 ‘⁰¹¹¹‘⁰¹¹⁰¹¹‘⁵'
1292 3018 1329 3077 ω
1379 3069 1451 3141 cet,
1486 3058 1738 3128 eluctabuntur
1764 3082 1805 3126 ex
1835 3056 1977 3127 insidiis
1998 3059 2178 3127 credentes
2201 3059 2239 3129 in
2262 3057 2370 3132 Chri-

340 3107 445 3177 multi
467 3108 610 3190 dicunt,
633 3107 693 3175 sad
717 3101 774 3177 his
793 3103 1048 3179 certaminibus
1070 3107 1226 3197 Spiritus
1249 3130 1331 3177 san·
1378 3173 1494 3239 stum,
1526 3154 1593 3227 boc
1617 3160 1745 3239 modo,
1778 3171 1812 3228 et
1834 3159 1918 3253 quia
1942 3159 2016 3249 ipse
2039 3154 2203 3231 Christus
2227 3162 2313 3251 “git
2335 3176 2370 3235 et

1379 3258 1538 3330 defendit
1551 3257 1762 3343 Ecclesiam,
1790 3272 1824 3329 et
1836 3260 1918 3351 quia
1934 3260 2116 3329 credentes
2131 3261 2168 3329 in
2185 3257 2368 3336 Christum

1377 3362 1446 3431 tide
1467 3373 1591 3451 petunt
1608 3360 1779 3441 auxilium
1798 3361 1835 3429 in
1853 3360 2019 3431 omnibus
2033 3362 2218 3454 periculis,
2242 3363 2294 3435 ibi
2309 3390 2369 3435 ex-

1378 3464 1567 3556 periuntur
1582 3461 1748 3536 victorias
1765 3458 1908 3538 Christi.

1484 1728 1547 1805 Est
1587 1747 1704 1804 autem
1741 1733 1862 1803 addita
1892 1736 1982 1807 ratio
2014 1733 2098 1809 huic
2125 1742 2374 1819 consolationi.

1383 1831 1477 1924 Quia
1501 1835 1666 1927 princeps
1690 1838 1816 1905 mundi
1839 1832 1946 1907 huiru
1968 1839 2144 1911 iudicatus
2163 1856 2233 1927 est,
2259 1844 2374 1927 idest,

1381 1938 1650 2011 condemnatus.
1685 1934 1776 2008 Cum
1791 1938 1956 2009 diabolus
1971 1944 2059 2011 adeo
2071 1946 2262 2016 crudeliter
2274 1968 2374 2037 gras·

1382 2051 1479 2109 satur
1507 2062 1571 2130 per
1598 2053 1770 2133 tyrannos
1795 2053 1832 2110 et
1855 2040 1943 2110 alios
1966 2043 2096 2132 impios
2116 2040 2297 2133 homines,
2332 2062 2372 2119 ut

338 3224 414 3277 ctus
440 3232 526 3279 vere
546 3222 600 3279 est
623 3208 763 3292 efficax,
788 3222 890 3281 vocat
913 3224 949 3279 et
964 3210 1149 3279 confirmat
1164 3210 1272 3288 alios,
1297 3221 1332 3277 et

337 3310 480 3399 colligit
494 3324 673 3381 aeternam
681 3307 885 3381 Ecclesiam.
936 3311 1135 3403 Aliquanto
1151 3308 1332 3401 postDeus

337 3410 511 3486 refutabit
531 3412 658 3484 mundi
680 3411 833 3498 iudicia,
860 3412 995 3483 delebit
1011 3427 1203 3506 tyrannos,
1227 3426 1261 3484 at
1280 3425 1329 3483 te·

335 3515 509 3586 stimonia
535 3518 633 3597 edet,
658 3538 750 3607 quae
772 3517 959 3586 ostendent
982 3509 1168 3605 Evangelii
1193 3515 1331 3586 confes-

336 3620 480 3686 sionem
502 3639 621 3686 veram
645 3639 737 3701 esse,
753 3617 855 3688 sicut
876 3617 998 3688 multis
1018 3617 1200 3688 miraculis
1214 3617 1328 3708 Spiri·
1479 3613 1637 3706 Quaerat
1660 3625 1776 3684 autern
1800 3611 1947 3704 aliquis,
1980 3613 2063 3699 ubi,
2088 3635 2158 3708 qna
2182 3617 2367 3698 sententia,

338 3733 398 3788 tus
420 3731 566 3788 sanctus
584 3717 809 3788 confirmavit
823 3732 924 3790 testes
939 3719 1146 3810 Evangelii,
1172 3736 1206 3792 et
1224 3719 1330 3810 puni·
1377 3743 1448 3811 quo
1463 3720 1558 3790 dicto
1571 3717 1828 3786 condemnatus
1839 3715 1885 3784 sit
1897 3713 2086 3784 diabolus?
2136 3713 2366 3808 Respondeo:

341 3821 393 3892 vit
430 3817 578 3903 hostes,
616 3832 658 3890 ut
681 3817 760 3892 Act.
787 3821 846 3892 18.
875 3821 1021 3914 Elymas
1055 3819 1184 3910 Magus
1214 3821 1330 3890 subita
1376 3821 1499 3892 Primo
1528 3841 1690 3909 expressa
1715 3841 1800 3886 voce
1822 3813 1887 3884 Dei
1912 3819 2166 3886 condemnatus
2188 3834 2260 3897 est,
2293 3816 2367 3888 Ge·

334 3923 508 3992 caecitate
531 3922 690 4014 punitur.
738 3919 787 3992 Et
803 3921 1049 3993 Diocletianus
1066 3936 1252 4013 postquam
1268 3923 1330 3992 diu
1377 3923 1502 3996 nenb.
1525 3921 1644 3992 statim
1670 3917 1706 3985 in
1728 3916 1904 3987 Ecclesiae
1927 3919 2203 3990 instauratione:
2236 3919 2365 3991 Samen

334 4025 498 4094 exercuit
519 4022 719 4103 saevitiam,
740 4025 811 4094 sibi
833 4025 901 4115 ipsi
917 4037 1067 4094 mortem
1081 4024 1271 4106 conscivit,
1296 4037 1330 4093 et
1376 4024 1716 4114 mulierisgconteret
1738 4033 1845 4110 caput
1868 4019 2059 4106 serpentis,
2087 4033 2121 4090 et
2141 4043 2285 4108 serpeus
2308 4023 2366 4090 in-

333 4125 515 4196 mirsculo
546 4124 657 4196 multa
689 4139 885 4219 martyrum
913 4125 1211 4198 confirmaverunt
1240 4125 1329 4218 pios,
1376 4126 1563 4216 sidiabitur
1586 4123 1750 4192 calcaneo
1771 4121 1859 4193 eius.
1919 4119 1988 4189 llic
2014 4123 2165 4193 affirmat
2187 4123 2288 4193 Deus
2311 4146 2365 4192 se-

333 4243 370 4298 et
387 4223 585 4297 Ecclesiam
602 4241 789 4300 auserunt.
1377 4251 1459 4297 men
1482 4226 1659 4308 mulieris,
1685 4223 1721 4292 id
1748 4235 1818 4306 est,
1845 4237 2035 4292 venturum
2058 4223 2281 4294 liberatorem
2300 4247 2365 4292 na-

1376 4345 1452 4418 tum
1481 4321 1525 4399 ex
1544 4326 1711 4411 muliere,
1745 4325 1939 4416 potentiam
1963 4325 2099 4395 diaboli
2121 4347 2364 4416 repressumm

442 4429 522 4502 Hac
545 4433 667 4504 eadem
690 4433 932 4503 consolatione
955 4431 1060 4504 nobis
1087 4444 1121 4502 et
1146 4426 1215 4502 hoc
1238 4443 1328 4503 tem·
1377 4453 1469 4512 esse,
1496 4442 1530 4501 et
1545 4443 1744 4500 sumturum
1760 4447 1890 4514 poenas
1905 4427 1948 4494 dc
1962 4425 2118 4498 diabolo.
2169 4423 2261 4494 Nam
2276 4449 2363 4495 con-

332 4559 427 4626 pore
462 4557 553 4624 opos
583 4546 653 4605 est..
697 4533 829 4625 Magna
862 4547 914 4603 est
942 4534 1164 4605 imbecillitas
1196 4546 1329 4617 nostra,
1376 4548 1489 4605 terere
1509 4543 1615 4623 capnt
1636 4551 1711 4598 non
1733 4528 1906 4616 significat
1927 4535 2065 4596 tantum
2088 4538 2363 4597 certamencnm

332 4637 442 4708 multi
475 4649 560 4708 sunt
586 4637 741 4730 ubique,
772 4637 904 4730 quibus
935 4637 1055 4728 aliquo
1078 4638 1188 4706 modo
1210 4635 1329 4706 illuxit
1376 4635 1541 4719 diabolo,
1566 4633 1626 4702 sed
1651 4629 1822 4720 significat
1844 4629 2061 4698 eversionem
2088 4628 2265 4717 potentiae
2285 4628 2363 4699 dia-

329 4735 595 4826 Evangelium,
627 4750 661 4807 et
688 4739 750 4831 qui
779 4737 908 4807 rectius
939 4749 1131 4824 coeperunt
1162 4738 1328 4806 invocare
1377 4736 1534 4820 bolicae,
1567 4749 1601 4804 et
1628 4731 1892 4824 oppressionem
1917 4743 1952 4800 et
1974 4751 2104 4819 poenas
2125 4727 2364 4816 diabolorum,

329 4837 476 4924 Deum,
493 4851 536 4909 ·et
555 4839 657 4911 initia
674 4839 757 4908 fidei
774 4854 808 4911 et
824 4862 927 4908 verae
943 4837 1165 4910 obedientiae
1182 4832 1327 4922 habent,
1377 4851 1519 4908 econtra
1537 4834 1709 4923 'diabolus
1731 4835 1845 4902 laedet
1869 4831 2070 4900 calcaneum
2084 4825 2217 4901 Christi
2241 4845 2277 4903 et
2293 4827 2363 4902 Ec-

330 4943 397 5010 sed
424 4963 621 5030 paucorum
643 4952 784 5012 tantum
808 4953 860 5013 eet
877 4942 1006 5025 robur,
1031 4937 1248 5013 utconbteri
1264 4964 1327 5008 an·
1376 4940 1513 5023 clasiae,
1538 4933 1607 5007 hoc
1621 4947 1685 5024 est,
1710 4934 1875 5005 atrociter
1887 4932 2032 5023 quidem
2046 4929 2364 5005 vulnerabitChri-

330 5045 427 5127 siut,
455 5053 616 5134 petamus
633 5066 717 5134 ergo
734 5043 959 5114 nosaccendi
975 5056 1011 5112 et
1025 5042 1229 5115 confirmari
1244 5039 1327 5133 Spi-
1376 5055 1469 5112 stum
1489 5052 1524 5111 et
1539 5035 1745 5110 Ecclesiam.
1795 5033 1897 5106 Sicut
1912 5031 2028 5104 David
2045 5027 2268 5106 horribiliter
2283 5037 2364 5104 vul-

330 5148 410 5216 ritu
434 5158 569 5215 sancto.
620 5147 763 5216 Deinde
784 5146 889 5214 multi
910 5147 1133 5214 deterrentur
1153 5139 1222 5214 hoc
1243 5167 1328 5234 pro-
1376 5157 1519 5218 neratns
1538 5154 1610 5227 est,
1635 5139 1824 5210 comiaclo
1842 5135 2036 5218 adulterio,
2063 5135 2206 5226 impulit
2221 5159 2301 5206 eum
2316 5139 2363 5205 ad

331 5249 424 5330 bro,
457 5247 554 5338 qnod
577 5247 732 5318 dicimur
752 5259 893 5318 autores
913 5245 1185 5316 discordiarum.
1249 5241 1328 5315 Ad·
1376 5246 1575 5318 necandum
1597 5241 1765 5314 maritum
1782 5250 1900 5328 raptae
1913 5237 2093 5321 mulieris,
2116 5251 2153 5308 et
2167 5252 2288 5329 postea
2304 5237 2363 5306 in-

331 5370 463 5418 versus
493 5344 586 5420 hanc
614 5350 829 5420 calumniam
860 5347 1035 5440 opponito
1063 5341 1157 5418 hanc
1184 5369 1328 5418 vocem:
1375 5348 1496 5422 citavit
1517 5347 1630 5418 filiurn
1653 5341 1924 5414 admovendam
1946 5339 2169 5412 seditionem.
2221 5335 2361 5408 Hisne-

330 5451 412 5538 Qni
439 5451 618 5527 confessus
638 5451 746 5523 luerit
768 5474 827 5520 me
846 5473 964 5521 coram
990 5444 1218 5530 hominibus,
1241 5471 1328 5521 con·
1375 5464 1460 5520 runt
1481 5444 1653 5521 horrendi
1677 5462 1835 5526 morsus,
1862 5453 1897 5512 et
1918 5441 1960 5508 in
1980 5440 2201 5528 singulorum
2220 5440 2361 5530 piorum

331 5554 470 5622 btebor
492 5571 576 5622 eum
592 5576 710 5622 eoram
728 5567 829 5643 patre
843 5551 996 5624 coelesti.
1047 5546 1095 5622 Et
1110 5546 1329 5633 hirdicitur,
1375 5551 1543 5624 cordibus
1568 5545 1735 5619 diabolus
1753 5543 1871 5634 alique
1896 5561 1997 5620 saeva
2020 5541 2169 5612 vulnera
2192 5543 2294 5622 lecit,
2320 5555 2362 5612 ut

331 5655 497 5744 Spiritus
516 5662 658 5726 sanctrn
671 5656 747 5746 ipse
762 5677 907 5742 arguere
922 5653 1110 5724 mundum.
1162 5651 1248 5726 Sive
1261 5651 1327 5740 igi·
1375 5672 1466 5745 pene
1488 5650 1738 5740 opprimentur
1758 5643 2019 5736 desperatione,
2053 5643 2113 5714 scd
2137 5655 2253 5712 nmen
2276 5665 2361 5730 pro-

333 5773 396 5828 me
423 5756 641 5835 discordias.
676 5759 751 5828 sive
770 5755 1038 5826 dilacerationes
1057 5775 1251 5843 regnorum
1272 5775 1328 5825 se·
1375 5753 1496 5827 missio
1520 5751 1591 5822 Dei
1620 5769 1687 5820 uos
1715 5746 1936 5828 consolatur,
1970 5744 2133 5816 audimus
2154 5765 2227 5810 non
2247 5756 2362 5830 caput,

335 5871 515 5950 quantur,
550 5857 704 5949 Spiritui
731 5871 854 5929 sancto
886 5855 1127 5928 obediendum
1155 5867 1228 5942 est,
1262 5853 1328 5948 qul
1374 5857 1435 5932 sed
1449 5856 1608 5948 planum
1622 5847 1900 6020 ledssffifflffl’
1925 5858 2045 5945 manet
2060 5843 2172 5914 victor
2186 5837 2373 5930 Christus..
