5825 6950
2424 625 2443 664 Χ

592 709 669 782 ros
1136 694 1139 703 ·
1199 653 1327 777 eutr.
1352 696 1471 775 uso.
1497 683 2037 776 scelera-masam.
2114 733 2121 744 2
2527 709 2590 783 nt

588 881 675 957 silii.
745 875 840 951 lliud
873 883 986 964 agunt
1016 869 1234 955 adversarii,
1262 894 1338 940 nou
1366 883 1408 941 ut
1439 871 1577 964 aliquid
1633 869 1821 956 historiae,
1858 897 1933 943 non
1955 873 2121 946 fiduciam
2142 870 2337 965 promissae
2358 871 2596 952 misericordiae

589 985 790 1065 emendent,
806 981 868 1050 sed
881 991 922 1048 ut
937 975 1176 1072 qualicunque
1192 986 1374 1064 praetextu
1386 973 1580 1044 defendant
1633 993 1775 1069 propter
1790 972 1985 1050 Christum.
2037 974 2112 1046 Nee
2129 976 2261 1045 mirum
2276 970 2595 1054 cetmonachostota

589 1111 691 1161 suam
711 1083 956 1180 tyrannidem,
986 1077 1198 1147 confirment
1229 1091 1264 1147 ct
1291 1076 1458 1148 muniant
1485 1099 1580 1168 opes.
1633 1083 1690 1148 via
1714 1083 1891 1148 deerrasse
1921 1080 1960 1148 in
1986 1079 2185 1148 enarrando
2208 1078 2339 1163 Panlo,
2372 1077 2454 1171 quia
2480 1077 2516 1147 in
2541 1078 2596 1154 boc

593 1189 678 1262 ldee
701 1207 800 1277 reges
822 1197 857 1255 et
882 1181 1065 1273 pontifices
1086 1179 1320 1249 adversantur
1340 1179 1507 1269 coniugio
1524 1202 1579 1249 sa·
1633 1184 1711 1273 ipso
1733 1183 1812 1251 loco
1837 1182 1989 1272 turpiter
2009 1175 2219 1250 hallucinati
2240 1192 2334 1252 sunt.
2384 1177 2430 1252 Et
2445 1204 2531 1252 nunc
2544 1187 2596 1254 ad-

591 1294 794 1373 cerdotom,
825 1285 908 1380 quia
931 1284 1055 1353 vident
1082 1279 1314 1364 coelibatum,
1354 1283 1400 1350 ad
1423 1282 1583 1351 retineo·
1635 1284 1798 1354 versariis
1818 1279 1905 1352 baec
1932 1285 2044 1373 caligo
2071 1283 2260 1374 praecipue
2283 1282 2527 1369 impedimento
2549 1302 2599 1367 est,

592 1399 675 1466 dam
693 1390 887 1483 potentiam
911 1399 946 1457 et
965 1407 1070 1476 opes,
1095 1383 1351 1473 expeditiorem
1368 1406 1453 1452 esse.
1503 1382 1583 1454 Hoc
1636 1387 1843 1481 quominus
1863 1387 2036 1479 recipiant
2055 1386 2253 1460 doctrinam
2276 1387 2322 1452 de
2341 1385 2429 1464 fide,
2453 1385 2530 1478 quia
2545 1411 2598 1458 uo·

544 1536 548 1543 -
593 1497 703 1566 modo
719 1517 800 1563 curn
816 1500 934 1560 extent
953 1501 1059 1556 notae
1078 1485 1209 1576 impiae
1225 1485 1420 1556 voluntatis
1440 1485 1479 1554 in
1503 1485 1584 1579 qni·
1637 1513 1719 1559 rnen
1737 1487 1820 1558 fidei
1837 1511 1911 1558 non
1928 1502 2021 1558 recte
2038 1487 2253 1576 intelligunt.
2302 1483 2379 1556 Cur
2399 1511 2469 1556 nou
2491 1509 2600 1577 espen.

592 1599 743 1690 busdam
761 1591 955 1662 manifestis
970 1587 1151 1671 articulis,
1175 1588 1259 1657 satis
1275 1601 1422 1678 apparet
1435 1611 1496 1657 cos
1511 1611 1583 1657 non
1638 1594 1728 1660 dunt
1750 1590 1833 1661 talia
1857 1586 2048 1680 Augustini
2072 1591 2185 1673 dicta,
2219 1587 2323 1682 quale
2346 1583 2413 1657 hoc
2436 1576 2599 1682 estquuod

595 1697 724 1791 agitari
748 1698 844 1766 bono
868 1692 1015 1785 spiritu,
1047 1692 1109 1761 sed
1131 1713 1205 1758 csse
1227 1685 1346 1760 hostes
1370 1685 1525 1779 Christi,
1551 1703 1587 1760 et
1638 1697 1745 1762 modo
1769 1692 1940 1763 recitavi?
1997 1691 2067 1762 Hic
2089 1705 2238 1761 testatur
2260 1687 2411 1759 Paulum
2435 1684 2599 1776 boccelle,

596 1826 664 1872 nec
706 1801 745 1867 in
790 1795 935 1882 caeteris
976 1791 1136 1863 articulis
1178 1814 1347 1885 quaerere
1389 1792 1586 1866 veritatem.
1640 1790 1822 1866 Abraham
1833 1795 2065 1886 pronunciari
2081 1794 2230 1877 iustum,
2244 1790 2529 1883 quiacrediderit,
2543 1815 2600 1865 nou

599 1903 720 1994 Quare
736 1921 859 1968 eorum
877 1896 1009 1966 iudicia
1025 1905 1229 1964 constanter
1243 1896 1485 1985 repudiemus.
1640 1911 1779 1970 tanturn
1801 1897 1847 1964 de
1865 1897 2068 1990 posteritate
2088 1920 2172 1978 sua,
2196 1897 2259 1966 sed
2283 1893 2489 1962 remissione
2503 1916 2600 1986 pecea-

692 2001 905 2072 Psalmodz.
929 1994 1094 2068 Alllrrnat
1106 2011 1268 2067 renatum
1280 2020 1356 2091 non
1368 2020 1442 2066 esse
1455 1996 1587 2066 iustum
1639 2016 1769 2073 torum.
2096 1993 2108 2007 ''
2186 2019 2193 2030 ¹
2282 2017 2288 2024 ·

597 2122 744 2200 propter
762 2127 889 2194 opera,
914 2102 975 2170 scd
998 2100 1086 2181 lide,
1111 2096 1162 2168 sic
1183 2097 1278 2168 enim
1303 2099 1438 2191 iuquit:
1476 2096 1589 2168 Plane
1743 2099 1849 2171 Tales
1872 2099 2068 2170 sententiae
2092 2097 2222 2188 passim
2242 2098 2371 2169 obviae
2390 2096 2482 2190 apud
2501 2091 2601 2186 Augu·

597 2211 704 2292 time,
729 2205 960 2276 eiiustumte
983 2201 1090 2283 dicis,
1115 2199 1243 2270 sinon
1266 2195 1375 2270 babes
1399 2201 1499 2270 illam
1523 2223 1588 2268 vo·
1641 2203 1793 2287 atinum,
1828 2203 1912 2273 satis
1932 2205 2126 2272 ostendunt
2149 2225 2230 2270 eum
2255 2203 2300 2270 de
2321 2199 2599 2290 gratiaetdebde

598 2335 695 2394 cens,
716 2333 758 2380 es
775 2307 847 2376 alio
859 2304 1020 2375 Psalmo:
1055 2300 1108 2372 Ne
1129 2303 1241 2372 intres
1262 2303 1301 2371 in
1316 2303 1490 2372 iudicium
1508 2323 1588 2371 cum
1641 2307 1735 2374 idem
1750 2306 1901 2387 sentire,
1923 2307 2017 2398 quod
2035 2327 2099 2372 nos
2114 2302 2293 2386 docemus.
2345 2299 2600 2372 Sicutetianrde

598 2437 701 2485 servo
717 2426 800 2482 tuo:
829 2432 911 2478 nasu
932 2407 962 2475 si
979 2403 1151 2474 iudicium
1168 2397 1462 2492 eslribuerissine
1484 2404 1590 2472 mise·
1641 2408 1767 2499 spiritu
1789 2420 1822 2478 et
1845 2407 1947 2477 litera
1972 2407 2107 2500 inquit:
2142 2397 2197 2474 Es
2220 2406 2296 2495 lege
2320 2403 2484 2474 timemus
2498 2398 2599 2484 Deum,
2623 2485 2624 2488 Ἴ

598 2512 773 2592 ricordia,
813 2534 886 2603 quo
913 2508 1000 2579 ibol
1043 2504 1083 2576 si
1112 2505 1318 2599 iniquitates
1346 2507 1590 2576 observaveris
1642 2512 1838 2601 perfidem
1868 2523 1986 2578 autem
2016 2507 2241 2597 conlugim'ns
2270 2503 2599 2576 admisericordlaru.

597 2614 774 2698 Domine,
806 2611 963 2682 Domine
989 2607 1070 2702 quis
1090 2609 1304 2679 sustinebit?
1342 2607 1395 2678 Ne
1417 2609 1528 2678 intres
1550 2609 1589 2677 in
1642 2611 1711 2682 Hic
1725 2613 1863 2684 erudite
1879 2610 2047 2680 discernit
2063 2603 2174 2696 legem
2194 2623 2228 2679 ct
2244 2607 2490 2697 Evangellnm.

598 2717 774 2788 indicium
797 2737 879 2784 cum
906 2735 1007 2781 servo
1034 2726 1114 2793 tuo,
1140 2711 1223 2801 quia
1249 2736 1323 2780 non
1341 2711 1591 2780 iustificabitur
1744 2710 1823 2785 Etsi
1844 2726 1961 2784 antem
1985 2713 2165 2782 interdum
2189 2710 2227 2778 in
2247 2711 2325 2781 eius
2339 2707 2477 2800 scriptis
2498 2707 2596 2796 figurae

599 2811 1203 2910 inconspectutuoomuissivens.
1240 2810 1336 2901 Ergo
1352 2813 1384 2882 si
1399 2837 1472 2883 non
1487 2814 1591 2884 iusti·
1644 2816 1816 2886 orationis
1840 2828 2032 2884 occurrunt
2059 2837 2133 2884 non
2166 2812 2251 2882 satis
2274 2812 2466 2902 explicatae
2489 2807 2599 2878 autiu-

599 2920 764 2992 fieabitur
779 2920 817 2987 in
832 2929 1023 3009 conspectu
1039 2927 1102 2983 tuo
1118 2915 1235 2983 omnis
1251 2915 1383 3000 vivens,
1410 2917 1493 3008 quia
1510 2916 1590 3007 qui·
1643 2920 1866 3004 commodae,
1907 2912 1974 2984 hae
2003 2915 2223 3007 temporibus
2250 2914 2504 2987 condonandae
2528 2921 2600 2998 suut,
2623 2975 2624 2986 ,

602 3045 744 3116 cunque
761 3015 821 3090 bic
837 3019 945 3098 vivit,
972 3015 1127 3098 sacilli,
1154 3017 1183 3085 si
1202 3041 1281 3086 cum
1300 3041 1341 3086 eo
1361 3017 1397 3086 in
1416 3018 1588 3088 iudicium
1645 3020 1727 3113 qnia
1751 3021 1846 3108 vulgi
1871 3021 2090 3088 consuetudo
2106 3020 2275 3111 quasdam
2297 3018 2429 3108 figuras
2442 3023 2599 3102 receperat,
2623 3013 2624 3016 ’

599 3125 697 3198 Deus
712 3121 911 3194 intraverit.
962 3117 1053 3188 Nam
1076 3133 1110 3190 et
1131 3121 1224 3211 apud
1247 3118 1357 3187 aliurn
1374 3117 1589 3212 Prophetam
1645 3137 1684 3193 nt
1700 3123 1973 3213 appellationem
1988 3121 2124 3205 meriti,
2152 3132 2187 3189 et
2204 3119 2291 3188 alias
2307 3121 2495 3212 quasdam,
2516 3109 2600 3186 ctbas

601 3238 807 3317 arrogantes
833 3235 867 3292 et
888 3222 1061 3312 superbos
1084 3218 1135 3290 sic
1156 3220 1336 3311 obiurgat:
1370 3217 1492 3309 Quare
1516 3247 1591 3292 rne-
1645 3225 1832 3314 explodere
1853 3223 1948 3293 docti
1973 3246 2047 3292 non
2069 3232 2242 3312 poterant.
2309 3220 2449 3292 Deinde
2476 3239 2535 3286 nec
2551 3211 2599 3304 ipsi

601 3353 685 3401 cum
699 3325 837 3396 iudicio
849 3322 1088 3395 contenditis?
1114 3318 1251 3392 Omnes
1266 3322 1507 3414 dereliquistis
1524 3349 1592 3408 me,
1647 3328 1837 3417 scriptores
1873 3326 1958 3394 satis
1991 3325 2174 3395 assuefacti
2201 3326 2347 3396 fuerunt
2381 3325 2424 3392 sd
2455 3331 2600 3389 accuratas

602 3432 690 3503 dicit
703 3427 893 3501 Dominus.
944 3423 1030 3496 Noli
1045 3446 1127 3514 crgo
1143 3425 1276 3495 iudicio
1292 3429 1523 3511 contendere,
1548 3427 1592 3495 da
1646 3428 1922 3518 disputationes,
1948 3441 1981 3498 et
1997 3439 2128 3521 quanta
2148 3441 2233 3499 tunc
2253 3427 2362 3497 luerit
2385 3424 2493 3511 caligo
2508 3415 2601 3488 inFs·

602 3554 749 3625 operam
781 3550 857 3599 esse
889 3531 1022 3612 iustus,
1055 3541 1089 3596 et
1119 3544 1438 3621 quantumcunque
1471 3529 1592 3609 fueris,
1646 3534 1768 3608 clesia,
1796 3531 2073 3600 indeaestimari
2097 3543 2226 3618 potest,
2253 3532 2350 3622 quod
2368 3526 2495 3615 Pelagii
2516 3520 2601 3611 impia

603 3633 771 3707 confitere
787 3644 821 3702 te
838 3644 1053 3721 peccatorem
1071 3651 1165 3714 csse,
1192 3644 1228 3701 et
1245 3653 1383 3718 semper
1398 3653 1499 3719 spera
1523 3622 1592 3697 rni-
1646 3634 1769 3722 opinio
1792 3645 1986 3701 tantorum
2010 3634 2136 3719 plausu
2161 3644 2303 3722 excepta
2328 3632 2415 3723 luit,
2448 3642 2486 3697 ut
2503 3625 2601 3710 dupt-

604 3733 854 3817 sericordiam,
879 3746 913 3802 et
929 3731 968 3799 in
983 3732 1048 3801 ista
1062 3727 1191 3800 humili
1208 3731 1430 3801 confessione
1449 3754 1594 3802 securus
1646 3738 1760 3805 stinus
1782 3748 1814 3804 ct
1841 3735 1941 3823 pauci
1959 3734 2103 3827 quidam
2125 3733 2187 3803 alii
2210 3758 2283 3801 nou
2304 3734 2383 3807 sine
2408 3728 2602 3817 magnisrer·

603 3840 787 3931 alloquere
807 3836 1007 3905 turbantem
1032 3846 1083 3914 te,
1105 3849 1144 3930 ‚et
1168 3834 1443 3905 tumultuantem
1468 3837 1594 3903 adver·
1646 3837 1841 3907 taminibus
1862 3860 1939 3907 earn
1964 3859 2086 3907 rursus
2110 3860 2151 3905 ex
2166 3830 2338 3907 Ecclesiis
2362 3834 2536 3924 explodere
2554 3842 2624 3917 pe?

605 3952 726 4012 suste
757 3936 912 4007 animam
939 3945 1049 4008 taram.
1123 3934 1244 4023 Quare
1273 3933 1386 4005 tristis
1414 3958 1450 4005 es
1476 3938 1593 4005 anima
1646 3940 1795 4012 tuerint.

604 4065 704 4123 mea,
739 4062 847 4134 quare
877 4038 1067 4109 conturbas
1088 4038 1169 4107 me?
1210 4038 1304 4106 forte
1334 4039 1427 4108 inte
1451 4038 1594 4109 volebas
1748 4039 1933 4111 Caeterum
1951 4041 1996 4109 de
2010 4038 2221 4108 ceremoniis
2245 4037 2274 4107 si
2298 4037 2380 4134 quis
2397 4046 2533 4105 aetatem
2545 4028 2603 4098 tlu-

605 4166 767 4238 sperare,
793 4164 894 4231 spera
913 4141 949 4208 in
965 4139 1145 4220 Domino,
1172 4162 1246 4209 non
1263 4138 1369 4224 inte,
1394 4141 1480 4231 quid
1498 4142 1594 4211 enirn
1647 4143 1779 4233 gnstini
1805 4143 1908 4210 nobis
1928 4140 2098 4232 opponit,
2130 4141 2215 4210 sciat
2235 4164 2282 4212 ne
2303 4142 2372 4235 ipsi
2393 4138 2528 4233 quidem
2544 4130 2602 4201 du-

605 4269 643 4317 es
659 4246 698 4314 in
713 4256 766 4322 te,
793 4242 879 4336 qnid
897 4266 933 4311 cs
950 4243 995 4310 de
1012 4241 1071 4311 te?
1102 4238 1167 4311 llle
1184 4242 1230 4312 sit
1251 4241 1383 4311 sanitas
1398 4242 1436 4309 in
1452 4249 1506 4328 le,
1532 4244 1594 4336 qui
1647 4249 1789 4334 guatino
1807 4245 1978 4336 placuisse
1994 4264 2116 4313 omnes
2138 4242 2229 4313 ritus
2255 4256 2287 4313 et
2314 4240 2546 4336 persuasiones
2563 4228 2603 4299 sul

604 4346 739 4437 accepit
764 4344 910 4415 vulnera
940 4356 1087 4436 propter
1108 4358 1161 4425 tc,
1193 4358 1229 4415 et
1256 4344 1393 4437 inquit,
1425 4343 1536 4439 Spera
1556 4347 1594 4416 in
1648 4346 1830 4437 temporis.
1889 4345 2085 4435 Quaeritur
2107 4344 2202 4412 enim
2228 4346 2358 4416 multas
2378 4337 2603 4433 superstitiose!

604 4445 815 4522 Dominum.
1032 4454 1037 4475 ‘
1648 4448 1837 4541 opiniones
1852 4443 2000 4517 haerere
2016 4447 2053 4515 in
2069 4444 2244 4533 Ecclesia,
2269 4446 2435 4519 anteferri
2461 4440 2602 4511 humanat

708 4547 839 4619 Psalm.
862 4545 925 4619 dl.
964 4542 1039 4633 Qui
1064 4556 1148 4613 sunt
1171 4544 1293 4617 beati?
1332 4545 1414 4617 Non
1443 4546 1517 4629 illi,
1556 4547 1595 4617 iu
1647 4552 1858 4622 traditiones
1881 4548 2075 4641 praeceptis
2099 4544 2187 4633 Dei,
2221 4551 2329 4621 etsie
2351 4546 2624 4621 cumulatasesst,

607 4651 740 4748 quibus
761 4675 835 4719 non
853 4646 1013 4716 inveniet
1033 4660 1233 4735 peccatum,
1258 4674 1341 4719 narn
1365 4651 1405 4718 in
1429 4649 1596 4719 omuibus
1649 4652 1884 4732 ceremonias,
1917 4668 1957 4723 ut
1989 4652 2201 4721 ludaeorum
2234 4651 2386 4723 servitus
2413 4638 2602 4719 tolerabilior

605 4752 765 4825 invenit:
792 4747 931 4819 Omnes
946 4747 1040 4817 enirn
1060 4767 1314 4837 peccaverunt,
1341 4764 1492 4839 etegent
1519 4754 1597 4841 glo·
1648 4756 1774 4839 luerit,
1813 4778 1919 4849 quam
1943 4751 2134 4824 Ecclesiae.
2201 4750 2319 4822 Verba
2344 4753 2420 4822 eius
2443 4744 2521 4816 haec
2539 4746 2602 4810 sunl

607 4856 662 4927 ria
678 4851 759 4923 Dei.
805 4849 851 4923 si
874 4874 957 4941 ergo
984 4850 1023 4919 in
1051 4853 1218 4920 omuibus
1242 4867 1380 4945 peccata
1402 4854 1596 4924 inveniuu-
1649 4858 1693 4925 ad
1717 4854 1944 4945 hunerium,
1977 4850 2137 4946 Epistola
2164 4854 2249 4926 119.
2300 4852 2415 4947 Ipsam
2440 4860 2603 4920 tamenn·

606 4971 686 5041 tur,
705 4965 883 5037 remanet,
907 4967 1038 5023 utnon
1053 4952 1123 5021 sint
1141 4955 1256 5042 beati,
1284 4954 1352 5022 nisi
1370 4979 1522 5047 quorum
1541 4981 1596 5026 re·
1649 4958 1840 5048 ligiouem,
1883 4982 1991 5051 quarn
2026 4956 2249 5047 paucissimis
2276 4970 2311 5029 et
2340 4938 2602 5025 manifestissimis

607 5058 714 5131 missa
729 5068 814 5125 sunt
831 5068 978 5145 peccata.
1030 5050 1109 5122 Hoc
1125 5077 1207 5144 ergo
1223 5057 1417 5146 Apostolus
1432 5057 1482 5127 sic
1498 5082 1594 5127 com·
1650 5062 1927 5131 celebrationum
1950 5060 2178 5131 sacramentis
2206 5057 2443 5129 misericordia
2464 5049 2523 5123 Dei
2549 5060 2602 5113 cst!

608 5157 808 5229 mandavit:
834 5154 996 5227 Credidit
1017 5152 1200 5224 abranam
1217 5155 1311 5243 Deo,
1339 5173 1374 5229 et
1394 5174 1595 5249 reputatum
1649 5164 1795 5233 liberam
1821 5163 1953 5243 voluit,
1981 5162 2170 5232 servilibus
2193 5162 2362 5232 oneribus
2386 5164 2552 5247 premunt,
2572 5153 2601 5211 ⁰1

609 5274 662 5333 est
679 5260 713 5329 el
730 5260 775 5329 ad
791 5258 978 5330 iusticiam.
1010 5254 1079 5325 Hic
1093 5270 1188 5326 recte
1202 5264 1444 5333 accommodat
1461 5263 1595 5333 dictum
1648 5265 1871 5335 tolerabilior
1884 5265 1991 5335 fuerit
2005 5262 2410 5341 conditio-ludaeorum,
2435 5256 2491 5349 qui
2507 5264 2599 5320 tamen

608 5363 655 5433 dc
670 5361 758 5444 fida,
783 5373 818 5431 ct
842 5373 991 5431 testatur
1006 5380 1044 5427 se
1060 5358 1164 5427 fidem
1180 5360 1398 5452 intelligere,
1426 5390 1500 5433 nou
1515 5380 1597 5434 tan·
1649 5368 1781 5437 divinis
1796 5368 1952 5457 legibus,
1977 5388 2051 5436 nou
2078 5360 2245 5437 humanis
2267 5364 2398 5435 subditi
2420 5368 2522 5428 erant.
2564 5340 2600 5415 El

609 5479 686 5536 turta
709 5458 878 5533 historiae
897 5458 1085 5539 noticiam,
1117 5462 1178 5530 sed
1198 5463 1364 5533 fiduciam
1385 5467 1597 5537 confidimus
1649 5470 1804 5562 primum
1828 5474 1873 5538 de
1892 5469 2021 5537 ritibus
2043 5462 2213 5543 humanis
2241 5466 2374 5559 inquit:
2406 5460 2528 5533 Totum
2548 5446 2599 5519 hot

609 5565 718 5637 ΜΝ·
734 5564 868 5635 “milli
886 5573 1024 5652 P⁶⁸c⁸l⁸
1042 5574 1184 5652 Propter
1199 5560 1395 5640 Christum.
1421 5566 1494 5638 Nec
1512 5592 1597 5637 vcro
1649 5594 1760 5661 genus
1775 5596 1893 5641 rernm
1911 5571 2040 5640 liberas
2054 5565 2160 5640 habet
2174 5570 2445 5640 observationes.
2484 5549 2598 5629 Deinde

608 5667 796 5761 quisquam
811 5677 928 5754 potest
942 5662 1080 5753 assequi
1094 5662 1199 5735 Pauli
1211 5670 1434 5750 sententiam,
1460 5671 1529 5741 nisi
1547 5670 1598 5741 sic
1650 5673 1780 5743 diserte
1797 5674 1893 5744 iubet
1913 5673 2059 5743 inutiles
2073 5673 2161 5741 ritus
2178 5667 2351 5742 humanos
2366 5660 2520 5761 praecidi.
2547 5646 2599 5721 br·

606 5768 784 5857 intelligat
799 5786 932 5834 nornen
948 5763 1040 5833 fidei.
1066 5763 1146 5836 Hoc
1161 5792 1246 5839 vero
1260 5782 1332 5852 est,
1348 5786 1388 5841 nt
1402 5773 1544 5853 dicitur,
1558 5773 1597 5841 in
1650 5798 1694 5865 go
1710 5800 1784 5845 non
1801 5777 1847 5845 ita
1863 5776 1991 5867 probat
2006 5770 2228 5865 Arrgustiuuc
2243 5762 2514 5845 ceremoniarum
2529 5770 2598 5861 tent:

606 5868 748 5942 loribus
769 5888 907 5954 errare,
930 5865 1035 5937 fidem
1057 5881 1195 5941 tautum
1212 5872 1413 5962 intelligere
1427 5874 1596 5946 noticiam
1642 5878 1761 5971 poris,
1797 5892 1836 5949 ut
1867 5874 2064 5947 Ecclesiam
2096 5878 2143 5947 ad
2175 5901 2253 5947 eam
2278 5894 2435 5945 normam
2461 5854 2597 5937 constitus
