5825 6950
589 681 674 758 m
855 726 907 744 ..
1014 733 1018 741 .
1137 683 1143 693 ’
1208 659 1717 742 ΡΗΙΒΜΒΟΜΡΤΑ
1742 658 2044 740 monentem
2186 706 2191 715 .
2239 682 2253 731 :⁴
2314 696 2335 736 .·
2391 673 2396 683 ’
2520 673 2567 750 tu

491 915 496 923 .
602 871 680 930 tum
695 873 769 925 esse
783 858 882 924 tahta
897 840 1035 936 ingenii
1050 839 1283 934 praestantia,
1306 841 1340 911 is
1355 853 1475 912 temen
1499 839 1595 910 inter
1646 837 1735 910 Nam
1770 839 1821 908 id'
1835 861 1983 931 qnoque
2012 839 2058 908 ad
2082 831 2312 933 ἐακοήθοιαν
2341 839 2424 912 solet
2449 846 2570 930 scolam
2615 899 2617 933 ,

604 957 732 1054 pocula
746 949 923 1022 interfecit
937 945 1111 1030 amicum,
1136 957 1257 1037 postea
1271 943 1397 1014 saeviit
1410 943 1450 1011 in
1464 943 1597 1035 optime
1647 942 1873 1013 simulatione
1903 942 2100 1029 gratuitatis
2127 943 2258 1032 tegitur
2286 939 2418 1019 vitium.
2484 941 2570 1020 llrtau

605 1059 752 1131 meritos
769 1053 974 1143 Principes,
1000 1049 1144 1119 tandem
1159 1047 1199 1124 in
1218 1046 1425 1116 convivium
1439 1047 1486 1116 ab
1499 1067 1594 1115 ama·
1649 1045 1814 1114 versiculi
1832 1040 2044 1123 Menandri,
2069 1044 2110 1115 in
2132 1044 2263 1139 quibua
2287 1043 2512 1118 describuntur
2526 1071 2573 1136 gra

608 1179 687 1236 tore
710 1172 875 1240 vocatus,
900 1153 962 1224 dat
980 1171 1132 1243 poenas,
1161 1171 1243 1218 cum
1261 1173 1304 1218 ex
1324 1145 1597 1240 intemperantia
1647 1150 1715 1216 dus
1739 1147 1883 1240 qnidam
1915 1138 2126 1234 hominum,
2164 1146 2297 1240 quibus
2331 1147 2498 1240 praecipue
2515 1151 2573 1222 dele·

605 1264 646 1333 iri
669 1262 836 1332 morbum
857 1255 999 1326 letalem
1022 1252 1211 1322 incidisset.
1278 1247 1376 1320 Haec
1398 1263 1433 1320 et
1455 1249 1598 1332 similia,
1649 1263 1790 1320 ctantur
1812 1259 1989 1338 potentes:

592 1364 676 1457 ⁸hoc
694 1376 761 1446 est,
788 1361 976 1430 maximam
990 1369 1126 1446 partem
1143 1349 1311 1424 historiae
1327 1352 1475 1438 mundi,
1500 1375 1598 1421 com·
1663 1447 1666 1458 Ι
1735 1373 1752 1441 ,3
1768 1379 1840 1457 ,tior
1851 1367 1989 1458 μᾶλωτα
2002 1383 2069 1453 ,05⁴4
2080 1383 2228 1465 „mm-5
2240 1377 2365 1463 paam,

611 1467 777 1560 plectitur
801 1460 955 1543 Paulus,
977 1457 1160 1550 inquiens:
1192 1451 1341 1524 Cumae
1362 1475 1437 1524 esse
1458 1454 1598 1546 sapien·
1735 1462 1860 1546 πράττει
1873 1461 1902 1524 δ’
1916 1456 1933 1525 ὅ
1949 1463 2043 1538 κόλαξ
2056 1461 2326 1548 ripariensium,
2347 1461 2477 1550 δεύτερος
2600 1456 2603 1469 ’

568 1583 666 1642 <tes
686 1566 942 1657 gloriarentur,
983 1560 1084 1630 stulti
1104 1581 1145 1627 ec
1166 1557 1251 1626 vani
1277 1557 1430 1627 luerunt.
1505 1554 1600 1628 Satis
1734 1542 1980 1648 ὄσυκῡφᾶπης)
2002 1542 2418 1634 ὅδὲκακθῆθοςῐθῖῐῦῐῡῢ

610 1671 708 1742 enim
727 1671 767 1736 in
789 1679 887 1737 tanta
903 1661 1125 1754 turpitudine
1141 1658 1298 1750 conspici
1316 1672 1430 1749 potest
1443 1654 1599 1728 Alexan·
1736 1630 1772 1708 ὃς
1781 1632 1846 1698 ²⁰⁷²
1859 1633 1962 1707 ³⁶¹²&
1972 1632 2218 1722 μ’θανθρῥᾶφῦἒ
2231 1641 2346 1700 “2⁰3⁷-

611 1773 670 1842 dri
696 1770 868 1851 amentia,
900 1790 971 1860 quo
1005 1776 1126 1833 tamen
1157 1762 1215 1830 vix
1245 1761 1343 1832 aliud
1373 1759 1600 1830 excellentius
1650 1755 1811 1828 Primum
1836 1757 1954 1828 locum
1980 1758 2108 1830 tribuit
2129 1761 2372 1840 adsentatori,
2397 1781 2472 1828 nam
2492 1751 2578 1828 hicet
2605 1785 2618 1853 j

611 1875 682 1944 luit
696 1873 892 1960 ingenium.
933 1866 1141 1937 lntueamnr
1155 1864 1275 1934 animo
1290 1876 1325 1934 et
1340 1877 1473 1934 veteres
1490 1859 1601 1930 histo·
1652 1859 1903 1931 dulcissimus?
1933 1861 2117 1952 proximus
2140 1875 2190 1933 est
2214 1864 2372 1946 delator,
2398 1884 2455 1930 sen
2474 1883 2580 1942 susum,
2606 1860 2618 1876 ''

612 1977 705 2060 ries,
730 1986 765 2042 et
782 1970 1017 2062 praesentium
1033 1981 1233 2055 temporum
1249 1966 1356 2044 vitia,
1381 1987 1492 2057 eaque
1506 1963 1600 2051 cogi·
1653 1964 1714 2058 qui
1732 1961 1801 2034 init
1816 1961 1965 2050 gratiam
1984 1965 2201 2053 perferendis
2214 1966 2351 2036 labellis
2374 1979 2409 2036 et
2428 1963 2580 2052 confingu-

540 2083 549 2102 ⁸
615 2093 732 2146 temus
754 2097 828 2145 esse
854 2093 989 2160 poenae
1017 2078 1078 2138 aut
1101 2065 1279 2159 Cyclopici
1303 2080 1501 2137 contemtus
1522 2063 1602 2144 Dei,
1657 2066 1712 2135 dis
1742 2087 1782 2133 ac
1812 2065 2030 2138 instruendis
2059 2067 2260 2141 calumniis.
2303 2116 2312 2158 3
2327 2065 2481 2136 Tertium
2507 2065 2579 2132 locun

616 2193 678 2248 aut
700 2173 949 2244 idolomaniam.
1006 2167 1085 2240 Hoc
1107 2183 1228 2274 monet
1252 2168 1403 2258 Paulus,
1431 2193 1510 2238 cum
1537 2168 1602 2236 ali·
1656 2163 1763 2237 habet
1785 2163 2001 2261 κακοήθης,
2030 2169 2092 2261 qui
2120 2169 2222 2240 novit
2243 2169 2403 2240 alludere
2424 2169 2463 2236 ad
2485 2163 2581 2236 Domini
2618 2175 2619 2202 ³

615 2280 754 2372 quantine
775 2275 922 2366 repetit,
948 2274 1029 2342 ideo
1052 2271 1202 2341 traditos
1218 2294 1290 2340 esse
1305 2267 1469 2340 homines
1485 2270 1523 2338 iu
1541 2271 1603 2339 de·
1658 2269 1822 2354 affectus,
1854 2271 2004 2340 candida
2033 2271 2123 2342 lecta
2150 2293 2250 2343 secus
2274 2269 2508 2368 interpretari,
2536 2269 2582 2336 odit

616 2380 745 2450 sideria
761 2377 922 2446 cordium
944 2396 1110 2456 suornm,
1134 2374 1218 2464 quia
1235 2373 1350 2442 Deum
1372 2395 1446 2441 non
1470 2372 1605 2462 gloriti·
1659 2372 1880 2445 incendere..
1910 2369 2148 2472 θεοστυγεῖς,
2180 2374 2254 2444 sive
2276 2374 2392 2446 active
2412 2371 2480 2440 sive
2498 2369 2584 2462 pauiu

616 2481 785 2553 caverint.
843 2475 1031 2547 Caeterum
1064 2471 1123 2544 hic
1156 2478 1202 2544 de
1233 2471 1354 2567 phrasi
1387 2473 1605 2544 admonendi
1658 2473 1874 2564 accipiatur,
1920 2475 2092 2565 significat
2130 2477 2246 2568 palam
2289 2469 2584 2546 contumelinsnsiu

617 2597 699 2655 sunt
726 2581 903 2650 rudiores:
931 2577 1100 2648 Tradidit
1120 2600 1179 2646 cns
1203 2577 1240 2645 in
1266 2577 1458 2661 desideria,
1486 2577 1605 2660 idest,
1657 2575 1792 2659 Deum,
1819 2577 1941 2667 quales
1961 2577 2211 2650 describuntur
2226 2573 2469 2650 Sennacherib
2488 2571 2586 2644 etllah·
2618 2619 2619 2676 p

617 2684 779 2776 permisit
794 2705 853 2752 eos
868 2703 985 2752 ruere.
1038 2679 1173 2751 Uaitata
1190 2693 1243 2752 est
1256 2675 1342 2749 baec
1358 2676 1496 2768 phrasis
1510 2679 1605 2770 apud
1657 2699 1753 2748 sares
1768 2677 1806 2746 in
1826 2673 1972 2750 historia
1988 2675 2134 2765 Esaiae,
2159 2696 2221 2751 aut
2234 2679 2437 2750 Mezentius
2450 2678 2520 2770 apud
2531 2673 2585 2742 llic·

617 2785 796 2868 Ebraeoa,
822 2796 878 2854 ut:
904 2780 960 2852 Ne
974 2783 1123 2853 inducas
1144 2804 1210 2851 nos
1234 2783 1272 2850 in
1297 2782 1546 2866 tentationem,
1570 2780 1607 2848 id
1659 2779 1802 2868 gilium,
1827 2793 1889 2850 aut
1902 2777 2101 2852 Antiochus
2121 2783 2158 2851 in
2174 2777 2320 2852 historia
2338 2780 2588 2852 Maccahaeorum.

617 2902 692 2970 est,
718 2910 795 2955 nnn
814 2887 910 2955 sinas
930 2908 998 2956 nos
1019 2882 1164 2956 induci,
1214 2881 1426 2952 Permissive
1446 2879 1533 2952 haec
1551 2882 1608 2949 in·
1661 2878 1709 2951 Et
1725 2877 1831 2955 habet
1852 2877 1938 2954 haee
1959 2897 2052 2952 aetas
2077 2886 2234 2976 exempla
2257 2883 2368 2954 nimis
2388 2884 2490 2953 multa
2510 2893 2589 2972 tyran·

620 2989 811 3079 telligenda
832 2999 933 3057 sunt:
970 2984 1067 3056 Deus
1088 2985 1184 3054 enim
1199 3007 1422 3079 nequaquam
1439 2998 1608 3054 estcausa
1661 3007 1809 3063 norum,
1837 2984 1900 3077 qui
1925 2997 2043 3077 aperte
2063 2989 2273 3078 profitentur
2293 2977 2620 3057 massabatene,

626 3091 778 3185 peccati,
803 3091 865 3159 sed
878 3088 1063 3167 diabolus,
1089 3101 1129 3158 ut
1144 3087 1314 3178 scriptum
1331 3101 1398 3155 est:
1437 3086 1509 3175 Qui
1527 3085 1611 3157 iacit
1661 3079 1853 3172 ἇσύνετοι,
1879 3085 2016 3172 furiosi,
2039 3090 2101 3181 qui
2117 3089 2210 3159 caeci
2225 3105 2346 3160 contra
2362 3086 2519 3158 iodicium
2531 3103 2590 3150 con
2617 3099 2620 3140 s

621 3206 824 3283 peccatum,
838 3215 881 3260 ex
897 3191 1041 3260 diabolo
1057 3203 1119 3262 est.
1163 3184 1210 3259 Et
1225 3189 1255 3257 is
1270 3212 1351 3258 vere
1368 3202 1419 3259 est
1437 3211 1540 3257 causa
1559 3189 1610 3258 cl·
1662 3189 1782 3259 munis
1804 3211 1926 3258 sensus
1949 3205 2058 3261 ruunt
2078 3192 2287 3283 praecipites
2309 3193 2348 3260 in
2369 3190 2483 3260 omnia
2495 3185 2589 3259 scalen,

618 3296 707 3365 ficas
735 3307 771 3367 et
798 3293 985 3386 impellens
1014 3293 1059 3360 ad
1091 3285 1157 3360 bns
1184 3292 1345 3372 furores,
1379 3291 1441 3384 qui
1467 3285 1526 3360 hic
1547 3291 1609 3361 de·
1663 3289 1997 3376 etexitiumsuum,
2023 3294 2304 3379 sicuthtilina,
2340 3288 2495 3362 Thomas
2508 3283 2591 3356 lllore

619 3397 857 3470 scribuntur.'
1039 3417 1044 3424 ·
1664 3393 1793 3477 tarius,
1832 3394 1892 3487 qui
1927 3396 2047 3464 surena
2080 3419 2175 3466 arma
2218 3392 2361 3487 ceperat
2400 3395 2441 3462 ad
2473 3386 2590 3460 delendo

1664 3520 1786 3566 omnes
1799 3495 2000 3590 Principes,
2024 3499 2068 3569 nd
2092 3500 2380 3569 communionem
2405 3518 2512 3565 rerum
2529 3486 2591 3557 insti·
2616 3507 2621 3549 ὁ

1664 3598 1845 3673 tuendam.
1910 3598 1997 3671 Item
2026 3600 2158 3672 nebulo
2184 3599 2490 3679 Mouasteriensis,
2518 3588 2592 3684 quin
2620 3612 2621 3619 ’

723 3698 839 3771 Addit
860 3699 1162 3771 coacervationem
1181 3712 1216 3771 et
1236 3721 1403 3788 magnum
1427 3690 1611 3771 cumulum
1666 3702 1813 3770 vocabat
1825 3724 1941 3792 regem
1957 3703 2082 3795 templi
2097 3701 2177 3779 Dei.
2221 3701 2326 3773 Hanc
2343 3698 2521 3771 amentiam
2532 3710 2593 3777 saepe
2620 3712 2621 3749 ῑ

624 3818 867 3900 peccatorum,
893 3815 935 3871 ut
958 3817 1094 3875 caetera
1117 3801 1202 3872 vitia
1224 3801 1329 3871 etiam
1345 3816 1478 3890 arguat.
1502 3852 1506 3858 -
1531 3797 1613 3875 ddc-
1666 3804 1790 3871 dicunt
1813 3800 2011 3894 Prophetae
2033 3829 2183 3896 poenam
2213 3827 2287 3876 esse
2317 3800 2512 3897 impietatis.
2561 3789 2616 3859 Sit·

623 3903 706 3991 κίοι,
731 3906 894 3995 generale
909 3917 980 3985 est,
1004 3903 1207 3993 significans
1223 3903 1458 3974 universalem
1486 3903 1612 3973 inobe-
1666 3897 1824 3989 Pharao,
1858 3904 1946 3977 Saul
1968 3920 2001 3976 et
2025 3907 2086 3975 alii
2110 3908 2180 3977 sibi
2202 3907 2462 3977 accersiverunt
2486 3894 2593 3969 exitium.

623 4007 795 4079 dientiam
830 4020 953 4077 contra
984 4006 1137 4097 primam
1169 4018 1204 4075 et
1232 4009 1423 4075 secundam
1453 4006 1610 4075 tabulam
1666 4006 1776 4077 Deest
1793 4006 1841 4075 cis
1863 4021 2043 4102 utrunque
2070 4010 2163 4079 bona
2188 4010 2405 4080 conscientia
2431 4020 2463 4075 et
2483 3995 2618 4071 modere-¹

622 4111 709 4199 legis
724 4109 885 4193 divinae,
910 4108 999 4177 sicut
1022 4108 1160 4178 iusticia
1175 4106 1263 4198 legis
1277 4106 1450 4198 significat
1465 4109 1608 4178 univer·
1663 4120 1738 4179 tum
1761 4109 1962 4183 consilium.
2014 4104 2217 4185 οἷούνθετοι
2238 4136 2311 4182 non
2332 4122 2506 4181 servantes
2523 4108 2593 4191 petit·

623 4214 732 4285 selem
754 4210 1004 4281 obedientiam.
1666 4204 1878 4304 συνθήκας,
1904 4212 1943 4281 in
1957 4215 2196 4285 contractibus
2212 4238 2252 4284 ac
2266 4213 2480 4284 foederibus.
2506 4201 2594 4287 docte
2615 4220 2621 4269 ἱ

723 4306 884 4406 πονηρία
911 4312 1083 4400 siguificat
1106 4310 1249 4404 proprie
1283 4310 1511 4403 cupiditatem
1544 4337 1609 4381 nn·
1662 4336 1742 4411 poc,
1765 4314 1828 4407 qui
1843 4317 2021 4387 naturales
2035 4318 2180 4387 affectus
2196 4338 2275 4407 erga
2299 4329 2478 4408 parentes,
2500 4308 2595 4408 ¹¹b²¹⁰l

623 4415 740 4485 cendi.
811 4408 924 4485 κακία
956 4428 1093 4506 peccata
1129 4414 1355 4497 omissionis,
1397 4427 1438 4484 ut
1473 4430 1611 4494 vocant.
1663 4417 1787 4485 fratres
1818 4429 1879 4486 aut
1908 4418 2143 4489 benemeritos
2171 4432 2315 4491 exuunt.
2385 4414 2474 4486 Nam
2503 4420 2594 4495 ntem

623 4517 792 4588 continet.
843 4514 935 4585 Nam
957 4529 998 4585 ut
1010 4515 1150 4586 Latinis
1167 4517 1351 4606 turpitudo
1370 4518 1532 4605 generale
1547 4543 1611 4608 op·
1662 4518 1836 4605 significat
1858 4520 1971 4590 bonos
1984 4522 2129 4593 affectus
2147 4521 2321 4592 divinitus
2344 4518 2478 4588 inditos
2496 4518 2597 4613 natust*
2619 4584 2621 4623 Ι

624 4617 779 4707 positum
792 4618 938 4700 virtuti,
963 4618 1012 4687 ita
1029 4614 1175 4687 Graccis
1198 4612 1310 4689 κακία
1332 4634 1384 4688 est
1406 4620 1610 4709 oppositum
1666 4614 1879 4706 hominum,
1920 4624 1984 4691 etsi
2012 4648 2109 4694 nuuc
2135 4639 2279 4716 propter
2302 4620 2469 4693 morbum
2497 4606 2598 4695 origin!

531 4796 535 4801 ,
623 4722 671 4810 τῇ
697 4716 822 4811 ἀρειῇ.
874 4717 1018 4788 Marcus
1036 4720 1216 4790 Antonius
1239 4734 1290 4790 est
1311 4715 1444 4801 κακὸς,
1479 4716 1612 4805 helluo,
1664 4716 1831 4791 nonnihil
1856 4724 2033 4802 aberrant.
2084 4724 2155 4799 Sed
2178 4742 2295 4797 tamen
2316 4724 2446 4815 probat
2466 4738 2519 4787 ens
2537 4708 2597 4779 ΠΝ*

625 4820 816 4906 negligens.
863 4818 933 4888 Sed
948 4819 1174 4890 Domitianus
1190 4836 1243 4891 est
1257 4818 1437 4918 πονηρὸς,
1463 4824 1612 4913 cupidus
1664 4837 1697 4893 et
1719 4835 1812 4893 recte
1836 4826 1909 4914 regi
1938 4828 2039 4914 vult,
2077 4828 2177 4898 iubet
2199 4850 2265 4898 noa
2292 4827 2441 4915 diligere
2468 4812 2598 4896 coniuge.

627 4920 870 4995 nocendi‚cui
888 4917 954 4989 hoc
970 4921 1085 5012 ipsum
1101 4923 1272 5013 voluptati
1287 4937 1359 5007 est,
1380 4948 1507 4994 nocere
1522 4926 1611 4994 aliis.
1664 4938 1846 5016 parentes,
1884 4926 2034 5014 liberos,
2075 4930 2174 5001 iubet
2205 4942 2321 5019 gratos
2349 4949 2441 4996 esse:
2473 4914 2598 4989 haestnl

625 5013 833 5111 κακοήθεια
849 5022 990 5112 proprie
1004 5036 1055 5092 est
1070 5025 1342 5113 malevolentia,
1373 5027 1488 5119 qualis
1505 5028 1610 5097 estin
1664 5022 1832 5125 στοργαὶ.
1884 5024 2041 5103 Damnat
2053 5031 2163 5121 igitur
2174 5031 2306 5101 Paulus
2319 5028 2403 5100 illos
2424 5028 2544 5097 remos
2558 5008 2597 5081 ll>
2619 5010 2621 5103 l

625 5120 936 5207 obtrectatoribus,
961 5125 1023 5217 qni
1041 5125 1249 5216 simpliciter
1264 5142 1326 5199 aut
1346 5130 1496 5197 candide
1517 5129 1610 5199 dicta
1663 5130 1795 5211 mines,
1835 5131 1898 5223 qui
1924 5148 2058 5205 exuunt
2089 5127 2153 5203 has
2188 5126 2375 5230 neopydc,
2414 5122 2526 5223 quales
2546 5118 2621 5211 aust}

626 5237 661 5293 et
676 5224 785 5306 iacta,
811 5237 884 5292 arte
899 5226 1090 5317 depravare
1105 5243 1248 5299 norunt.
1298 5226 1433 5322 Estque
1448 5254 1531 5299 vere
1545 5255 1611 5321 op·
1662 5230 1786 5302 fratres
1806 5231 1846 5299 in
1861 5234 2050 5324 tragoediis
2066 5230 2196 5306 Atreus
2217 5248 2253 5305 et
2270 5232 2455 5327 Thyestes.
2502 5222 2599 5295 dm·

867 3556 1003 3635 Plenos
1029 3562 1132 3634 omni
1156 3561 1355 3637 iniusticio.

625 5324 780 5495 positum
802 5324 927 5395 vitium
947 5328 1114 5414 candori,
1139 5328 1325 5424 κακοηθὲς
1344 5327 1396 5423 μή
1417 5328 1610 5427 καθαρὸνε
1661 5328 1722 5404 doc
1751 5348 1834 5405 sunt
1863 5334 2122 5427 implacabiles,
2162 5338 2255 5409 sicut
2280 5334 2368 5406 saut
2397 5330 2494 5403 nullo
2521 5310 2598 5391 οὔθ

655 5448 712 5495 aec
736 5427 831 5496 enim
857 5426 949 5497 inter
972 5453 1009 5499 se
1034 5433 1184 5523 opponit
1208 5429 1428 5507 Plutarchus.
1497 5434 1610 5505 Saeva
1663 5435 1793 5526 placari
1808 5438 1942 5527 potuit,
1968 5454 2007 5510 ut
2023 5441 2155 5509 rediret
2171 5440 2209 5507 in
2229 5436 2376 5527 gratiam
2401 5454 2479 5503 cnm
2494 5418 2598 5498 Davidt·

627 5529 734 5618 pestis
756 5544 808 5601 eat
828 5532 1095 5613 malevolentis,
1130 5550 1164 5605 et
1187 5557 1290 5627 saepe
1307 5532 1462 5625 Reipnb.
1488 5538 1610 5628 perni—
1662 5535 1795 5607 lterum
1811 5552 1929 5609 sutem
1945 5543 1983 5613 in
2000 5542 2070 5611 line
2083 5540 2209 5630 allegat
2227 5542 2280 5611 ius
2297 5552 2462 5618 natnrae,
2485 5552 2520 5601 se
2533 5522 2598 5590 *⁰⁶²¹

625 5632 740 5713 cinea,
765 5654 846 5703 cum
863 5634 1055 5705 malevolae
1071 5652 1221 5708 naturae
1236 5637 1412 5726 exagitant
1430 5638 1519 5708 alins
1534 5664 1609 5708 πιε-
1661 5640 1717 5707 ius
1749 5636 1829 5713 Dei.
1901 5631 2134 5714 Memi'nerint
2168 5666 2250 5733 ergo
2283 5638 2434 5712 studiosi
2466 5626 2597 5731 mguhlli

623 5732 762 5802 dioeces
789 5749 850 5804 aut
879 5738 984 5807 etiam
1010 5739 1102 5809 bene
1127 5741 1293 5822 meritos,
1330 5753 1467 5810 tantum
1496 5740 1609 5811 animi
1661 5739 1770 5829 Quod
1798 5742 1945 5815 violatio
1966 5746 2276 5835 legumnaturae,
2318 5744 2366 5813 sit
2389 5726 2597 5837 vinhtioirrpt

624 5835 767 5919 morbo,
794 5850 834 5909 ut
856 5833 945 5911 Cato
968 5863 1041 5909 nno
1067 5841 1208 5927 larebat
1226 5837 1409 5913 Ciceronis
1431 5841 1608 5915 laudibus.
1632 5918 1634 5925 ,
1660 5843 1798 5929 divini,
1840 5860 1875 5919 et
1900 5870 1980 5920 vere
2003 5864 2183 5941 peccatum
2208 5843 2366 5919 mortale.
2433 5828 2558 5911 Gontdi
2574 5840 2597 5887 ¹⁰
