5825 6950
318 676 400 756 668
524 676 626 752 1111.
676 681 715 756 2.
749 663 1193 754 3011111111311111111
1220 673 1375 755 EPIST.
1402 673 1553 755 PAULI
1580 679 1652 752 AD
1676 672 1942 756 Romanos.
1993 681 2098 760 CAP.
2127 685 2156 765 1.
2280 695 2357 772 554

320 854 439 925 modo
456 847 544 923 haee
560 851 1020 943 eertouobiseontingant,
1043 851 1174 924 scilicet
1191 851 1221 921 si
1237 873 1321 943 pro·
1373 862 1476 924 tuens
1498 852 1538 923 iu
1568 853 1785 938 occasiones,
1825 852 1954 949 quibus
1985 856 2145 941 irritare,
2180 861 2362 956 impellere
2419 865 2423 874 '

319 970 405 1050 pter
429 955 544 1026 flium
564 967 736 1048 petamus.
795 952 920 1028 Tertio
942 955 1115 1044 significat
1136 950 1320 1027 Christum
1373 957 1612 1026 etaecendere
1624 957 1762 1028 animos
1777 955 1998 1047 singulorum
2014 974 2140 1052 potest.
2172 961 2249 1037 Hos
2264 971 2360 1039 enim

319 1071 456 1131 natura
479 1055 594 1128 Deum
617 1078 713 1140 esse,
747 1056 824 1149 pari
852 1060 1113 1150 potentiacum
1141 1073 1320 1148 putrere·
1371 1052 1669 1150 habetcaptivos,
1696 1073 1731 1131 et
1747 1058 1890 1146 incitat,
1928 1062 2100 1132 obiiciens
2122 1068 2238 1139 varias
2258 1095 2360 1142 occa-

317 1174 513 1252 guantem,
546 1160 774 1232 adiuvantem
792 1182 858 1231 nos
880 1159 1002 1229 diviua
1020 1161 1201 1252 potentia,
1226 1159 1317 1230 sicut
1369 1159 1509 1252 siones,
1548 1161 1637 1234 sicut
1664 1162 1703 1231 in
1729 1161 1966 1250 idolomania,
2007 1179 2042 1238 et
2065 1166 2144 1236 aliis
2168 1163 2359 1245 horrendis

317 1260 550 1358 promittitur
571 1264 610 1332 13
632 1261 783 1336 Ρ33113.1
820 1257 961 1334 Allevat
983 1260 1166 1334 'Dominus
1191 1282 1318 1333 omnes
1368 1260 1528 1354 lapsibus
1548 1264 1766 1355 conspicitur
1791 1261 1925 1335 diaboli
1950 1269 2119 1357 potentia.
2176 1269 2357 1346 Lucianus

318 1367 383 1461 qui
400 1378 594 1452 corruunt,
619 1379 654 1436 et
666 1364 771 1455 erigit
784 1381 908 1436 omnes
922 1364 1042 1442 elisos.
1368 1379 1491 1437 1133331
1506 1368 1682 1460 quendam
1699 1367 1858 1440 furenter
1880 1391 2012 1441 amasse
2029 1384 2179 1444 statuam
2196 1374 2358 1464 Veneris,

1368 1479 1403 1538 et
1421 1469 1566 1542 33111313
1581 1469 1766 1560 complecti
1781 1469 2055 1564 lacrymantem,
2088 1488 2121 1545 et
2146 1475 2355 1555 deosculari.

1367 1569 1422 1640 13
1448 1588 1590 1661 possent
1619 1571 1731 1642 multa
1762 1572 1902 1643 3333331
1925 1597 1966 1644 ex
1990 1568 2147 1648 historiis
2175 1573 2356 1654 horrenda

424 1671 593 1746 Membra
632 1672 807 1744 orationis
851 1671 1042 1763 diligenter
1081 1673 1314 1744 discernenda
1366 1674 1511 1760 auditu,
1537 1699 1629 1766 quae
1644 1697 1725 1746 cum
1739 1673 1855 1744 aliena
1869 1673 1976 1746 31313
1999 1681 2180 1750 3313111331
2203 1707 2355 1755 consue·

314 1789 423 1863 sunt,
449 1775 663 1847 aliudenim
680 1776 761 1847 aliis
781 1774 871 1846 locis
894 1775 1022 1864 agitur.
1074 1773 1144 1846 Hic
1166 1798 1314 1867 praepa·
1367 1776 1491 1846 tudine
1513 1791 1679 1862 33111333,
1719 1777 1802 1848 setis
1827 1790 1971 1866 apparet
2002 1781 2145 1873 proprie
2166 1807 2186 1852 a
2209 1786 2355 1856 diabolo

313 1893 373 1952 rat
388 1881 535 1950 animos
547 1879 744 1964 lectorum,
767 1890 808 1948 ut
824 1877 864 1948 bt
878 1877 918 1947 13
929 1878 1102 1948 exordiis:
1143 1875 1313 1948 Nondum
1366 1890 1442 1950 orta
1462 1901 1546 1952 esse.
1600 1876 1797 1970 Quaecum
1819 1877 1990 1968 13313333,
2015 1883 2208 1972 cogitemus
2226 1888 2354 1959 diabo-

314 1984 499 2074 dispntat,
525 1983 689 2052 noudum
715 1993 875 2050 versatur
895 1980 934 2048 in
955 1989 1036 2051 3333
1054 2003 1189 2054 333333.
1239 1978 1312 2052 Sed
1364 1978 1439 2050 lum
1456 1975 1677 2054 nonhabere
1699 1979 1849 2056 otiosam
1873 1981 2124 2078 tyrannidem,
2155 1989 2215 2058 sed
2234 1982 2354 2060 horri-

314 2083 501 2156 rhetocica
525 2085 698 2176 quaedam
720 2081 909 2176 proponit,
935 2083 1134 2173 gratulatur
1155 2082 1228 2152 illis
1251 2107 1313 2153 co·
1362 2081 2169 2176 11111133113331111113313331133133133331333.
2231 2085 2353 2180 Quare

315 2189 520 2277 gnitionem
541 2184 746 2277 Evangelii,
786 2185 961 2274 signifieat
990 2209 1090 2258 suam
1120 2207 1201 2276 erga
1230 2181 1312 2254 illos
1363 2179 1457 2254 nihil
1470 2186 1640 2257 miremur
1654 2208 1733 2258 3313
1752 2208 1853 2277 posse
1868 2187 2059 2258 accendere
2081 2191 2162 2260 odia
2185 2203 2219 2262 et
2237 2193 2352 2264 saevi-

317 2289 630 2374 benevolentiam,
654 2288 894 2377 aitsecnpere
911 2288 1056 2358 illorum
1073 2287 1310 2359 studiumad·
1362 2284 1448 2356 tiam
1472 2287 1510 2360 in
1534 2283 1729 2382 hypocritis
1754 2299 1788 2358 et
1811 2287 1983 2380 tyrannis.
2053 2287 2234 2364 Videbant
2256 2289 2352 2364 Pha-

323 2395 454 2462 iuvare.
523 2391 666 2461 Deinde
702 2387 848 2462 subiicit
879 2383 1104 2490 cirsoioyiosr
1131 2404 1309 2459 sumtasa
1362 2387 1467 2459 risaei
1487 2389 1623 2461 aboleri
1644 2389 1861 2462 ceremonias
1875 2388 1963 2481 legis
1987 2406 2023 2463 et
2037 2392 2244 2466 traditiones
2259 2419 2353 2474 suas.

334 2495 505 2565 iunctione
528 2490 703 2584 Apostoli.
754 2488 899 2563 Eruditi
921 2506 1059 2584 norunt
1079 2493 1185 2563 talem
1211 2513 1310 2562 cosn-
1361 2487 1575 2564 Fremebant
1591 2493 1699 2584 igitur
1714 2506 1748 2564 et
1765 2489 2149 2586 quaerebanturDeum
2166 2511 2352 2568 contume-

336 2595 616 2666 memorationem
635 2590 1309 2685 333133333133131131331331113οοί-
1359 2592 1408 2661 lia
1432 2593 1552 2676 athei,
1572 2591 1755 2687 prohiberi
1778 2617 1884 2687 opera
1907 2593 2021 2666 Deum
2043 2596 2237 2689 placantia,
2263 2624 2350 2671 cors·

334 2713 428 2769 tatam
443 2720 540 2782 esse,
567 2719 632 2767 nec
649 2697 792 2767 difficile
807 2710 857 2768 est
873 2711 989 2787 partes
1005 2696 1141 2768 exordii
1165 2701 1209 2766 ad
1225 2697 1308 2764 vul·-
1360 2696 1437 2764 cedi
1460 2697 1641 2768 lic‘entiam
1669 2697 1848 2788 peccandi.
1910 2695 2051 2769 Deinde
2072 2700 2241 2771 videbant
2262 2703 2351 2772 abo·

334 2801 418 2890 gocia
432 2814 616 2894 praecepta
635 2799 806 2873 conferre.
858 2796 1023 2887 Quatuor
1037 2797 1207 2870 membris
1221 2823 1308 2869 con·
1359 2798 1422 2867 lita
1438 2799 1515 2888 lege
1534 2800 1663 2870 mutari
1680 2797 1857 2891 Rempub.
1878 2821 1999 2879 suurn,
2025 2800 2197 2874 confundi
2223 2803 2350 2874 discri-

333 2915 408 2990 stat,
445 2904 606 2994 gratulor
635 2902 738 2971 vobis
770 2901 1010 2994 cognitionem
1031 2897 1238 2994 Evangelii,
1273 2913 1309 2971 et
1360 2904 1678 2972 mensacerdotum
1695 2917 1728 2971 et
1752 2901 1895 2991 populi,
1919 2903 1999 2971 tolli
2025 2925 2066 2972 ex
2082 2902 2222 2995 Repub.
2247 2931 2349 2998 prae-

333 3019 425 3096 opto,
456 3018 498 3077 ut
519 3029 559 3075 ea
589 3004 746 3094 cognitio
768 3003 807 3072 in
831 3005 935 3074 vobis
961 3017 1105 3078 crescat.
1169 3004 1308 3075 Deinde
1359 2997 2239 3100 31333ωά3333,311131133111ξ113μ3ἱσερατικὸν.
2274 3007 2349 3079 Τ3-

333 3107 634 3201 1333113333331111
651 3103 865 3200 propositio:
891 3103 1009 3197 Cupio
1027 3130 1090 3178 vos
1107 3129 1225 3178 coram
1240 3108 1307 3175 do·
1358 3103 1403 3173 lis
1422 3107 1575 3177 mutatio
1596 3108 1776 3195 ingentem
1795 3105 1954 3175 dolorem
1980 3107 2094 3178 adfert
2115 3110 2347 3200 sapientibus.

333 3233 413 3284 cere.
459 3209 527 3283 Cui
541 3215 661 3281 attexit
674 3207 792 3279 statim
806 3209 1079 3280 adversativam:
1103 3211 1166 3280 3311
1187 3203 1305 3278 hacte-
1358 3207 1433 3278 Has
1454 3207 1614 3278 flammas
1635 3207 1710 3278 odii
1738 3207 1887 3295 augebat
1916 3208 2100 3294 diabolus,
2135 3211 2348 3281 incendebat

335 3335 394 3380 nus
417 3313 647 3384 detinuerunt
676 3331 733 3379 me
756 3304 884 3380 harum
908 3311 1094 3402 regionum
1116 3309 1306 3394 Ecclesiae,
1358 3307 1544 3402 Principes
1556 3312 1600 3380 ad
1617 3309 1881 3392 crudelitatem,
1907 3311 1952 3378 ad
1970 3309 2232 3384 interficiendos
2248 3314 2349 3404 Apo·

333 3429 367 3484 ut
378 3415 420 3485 ad
436 3439 498 3486 vos
511 3414 683 3508 proticisci
701 3436 776 3483 uon
798 3411 986 3506 potuerim.
1037 3411 1162 3487 Tertio
1186 3413 1306 3506 sequi·
1358 3413 1478 3484 stolos.
1531 3411 1582 3484 113
1608 3426 1643 3484 31
1667 3408 1734 3483 hoc
1759 3425 1916 3502 tempore
1941 3413 2191 3504 superbissime
2207 3416 2347 3485 deride-

331 3530 384 3586 tur
405 3520 495 3589 ratio
517 3517 792 3609 propositionis,
830 3540 894 3587 cur
920 3517 1004 3587 illos
1029 3539 1148 3587 coram
1179 3518 1307 3586 docere
1358 3538 1440 3586 mur
1468 3516 1515 3586 ab
1536 3512 1740 3606 Epicureis,
1780 3516 1875 3607 quod
1903 3510 2136 3605 Evangelium
2168 3541 2243 3587 non
2275 3540 2349 3587 esse

320 3621 456 3711 cupiat:
497 3619 615 3709 Quia,
653 3620 790 3712 inquit,
834 3620 948 3689 debeo
969 3618 1093 3689 133333
1118 3616 1306 3706 Evangelii
1357 3618 1640 3689 commentitium
1671 3615 1869 3696 sentimus,
1916 3620 2012 3709 quod
2051 3618 2144 3688 serio
2177 3620 2348 3691 sentimus

320 3724 435 3793 studia
450 3726 545 3813 apud
562 3744 706 3804 omnes,
728 3722 886 3792 eruditos
902 3736 936 3793 et
952 3722 1163 3794 ineruditos.
1203 3720 1306 3791 Haec
1356 3718 1391 3789 ei
1406 3720 1722 3810 obtemperandum
1741 3741 1826 3791 esse.
1877 3712 1994 3808 Reges
2016 3733 2050 3789 et
2067 3718 2251 3811 Principes
2274 3722 2347 3791 fre-

320 3824 441 3895 omuia
467 3826 649 3917 pertinent
675 3825 720 3891 ast
747 3824 843 3895 loros
871 3824 1115 3894 conciliandae
1147 3824 1306 3896 benevo-
1357 3836 1461 3893 13331
1483 3823 1621 3894 turbari
1639 3819 1933 3913 tranquillitatem
1957 3812 2138 3891 civitatum
2162 3824 2349 3893 dissimili·

319 3926 462 4002 tentiae.
535 3924 658 3997 Altera
686 3922 891 4024 αἰτιολογία
920 3926 1038 3998 reddit
1062 3927 1230 3997 lectorem
1250 3939 1306 3995 at·
1357 3925 1483 3995 tudine
1505 3925 1700 3995 doctrinae.
1767 3920 1956 3993 Pontifices
1981 3922 2110 3994 nolunt
2134 3919 2349 4015 reprehendi

319 4042 476 4120 tentum,
501 4028 708 4119 adiguitate
723 4024 907 4117 Evangelii
924 4040 1056 4099 sumta:
1095 4025 1178 4100 Nou
1194 4028 1305 4120 pudet
1357 4026 1581 4110 idolatriam,
1607 4048 1653 4094 ne
1676 4023 1846 4094 autoritas
1862 4036 1985 4093 eorum
1998 4024 2151 4111 labefiat,
2173 4022 2347 4097 Monachi

319 4154 377 4201 me
396 4128 596 4221 Evangelii.
663 4128 766 4201 11333
791 4154 911 4200 vocem
939 4131 1090 4223 opponit
1110 4130 1304 4225 impiorum
1358 4143 1523 4202 metuunt
1548 4127 1727 4224 quaestuis
1769 4125 1871 4217 pauci
1894 4127 2145 4217 superstitione
2177 4129 2350 4219 fascinati,

320 4234 481 4305 omnium
496 4233 650 4303 iudiciis.
691 4230 781 4303 Nam
796 4230 964 4325 Epicurei
978 4234 1017 4302 in
1035 4235 1189 4319 mundo,
1213 4258 1305 4329 quo-
1356 4233 1580 4304 contendunt
1600 4223 1783 4323 prohiberi
1804 4228 1898 4298 bona
1920 4250 2039 4321 opera.
2089 4224 2144 4301 Ex
2160 4242 2216 4303 tot
2236 4230 2351 4302 causis

318 4357 398 4403 rum
421 4348 472 4407 est
493 4337 619 4426 ingens
640 4335 854 4419 multitudo,
885 4348 1120 4407 contemnunt
1140 4332 1305 4427 Evange-
1358 4334 1475 4407 existit
1507 4332 1711 4407 immanitas
1743 4330 1908 4401 odiorum
1939 4344 2063 4401 contra
2095 4328 2349 4422 Evangelium:

317 4434 426 4522 lium,
465 4451 500 4509 et
530 4438 753 4508 arbitrantur
781 4436 1064 4509 commentitium
1093 4451 1129 4510 et
1156 4438 1304 4510 stultum
1357 4439 1418 4509 sed
1436 4450 1643 4509 333333133
1662 4434 1799 4524 ingenti
1817 4432 1938 4502 auimo
1960 4446 2156 4505 statuamus
2179 4458 2252 4503 non
2276 4456 2351 4503 esse

320 4534 1000 4625 331133113311333333111331133133333.
1053 4538 1221 4634 Plerique
1240 4564 1306 4631 gu·
1359 4539 1596 4611 obiiciendum
1615 4534 1805 4626 Evangelii
1822 4534 2087 4626 professionem.
2138 4532 2220 4604 Non
2240 4536 2348 4626 pudet

320 4638 526 4711 bematores
546 4638 781 4731 Reipublicae
807 4641 914 4712 etiam
940 4642 1134 4713 crudeliter
1152 4644 1307 4714 oderunt
1360 4665 1428 4713 nos
1442 4638 1550 4712 huius
1565 4638 1762 4711 doctrinae.
1804 4634 1886 4706 Non
1904 4636 2351 4723 esteniminanisfabula,

689 1531 951 1616 Exordium.

320 4734 584 4814 hoedoctrinse
600 4764 729 4834 genus,
755 4766 828 4837 quo
842 4742 1045 4816 existimant
1059 4744 1197 4817 turbari
1219 4745 1307 4815 civi-
1361 4768 1436 4817 non
1461 4758 1513 4815 est
1537 4740 1721 4813 barbarica
1745 4736 1975 4828 superstitio,
2016 4738 2077 4807 secl
2102 4751 2156 4806 est
2176 4738 2349 4825 sententia

319 4856 432 4915 tatum
456 4858 491 4915 et
513 4847 705 4937 impiorum
727 4845 1041 4938 tranquillitatem,
1072 4847 1224 4939 cupiunt
1248 4873 1308 4919 ex·
1360 4846 1448 4927 Dei,
1473 4845 1646 4939 patefacta
1660 4840 1851 4920 divinitus,
1878 4862 1947 4931 333
1964 4838 2041 4909 vult
2057 4833 2266 4911 hominibus
2281 4840 2351 4909 im-

316 4946 479 5039 tinguere
509 4961 679 5040 tanquam
712 4948 823 5017 lacem
856 4948 1072 5019 seditionum
1106 4962 1142 5019 et
1173 4949 1309 5023 discor·
1361 4950 1492 5045 pertire
1525 4948 1674 5018 salutem
1712 4956 1902 5014 3313333111.
1967 4934 2034 5011 Est
2061 4936 2158 5011 Deus
2186 4942 2351 5013 eonditor

319 5050 459 5121 diarum
485 5050 658 5121 civilium.
723 5048 869 5120 Praeter
890 5047 956 5122 hos
976 5045 1183 5143 hypocritae
1203 5053 1309 5123 sasti-
1361 5052 1523 5124 31331313
1541 5070 1660 5119 333313
1677 5043 1867 5137 acgeneris
1891 5034 2059 5127 humani,
2085 5042 2116 5113 is
2135 5066 2211 5112 non
2235 5045 2349 5115 voluit

319 5154 392 5223 uati
424 5152 756 5245 superstitionibus,
796 5166 837 5222 ut
872 5166 957 5224 tunc
992 5150 1134 5238 ludaei,
1173 5148 1309 5226 311133
1363 5176 1507 5248 prorsus
1524 5152 1640 5244 perire
1653 5172 1763 5238 genus
1777 5140 1994 5227 humanum,
2018 5146 2113 5237 quod
2132 5147 2351 5226 condiderat,

320 5249 1310 5349 1313333311333311311333133ἰωί13,1331133333-
1361 5256 1455 5327 3113
1475 5249 1750 5325 3313333311131
1776 5246 1920 5318 noticia.
1974 5242 2154 5333 Quare'se
2178 5247 2221 5314 ab
2246 5246 2351 5317 initio

322 5350 398 5427 tius
412 5358 568 5429 oderunt
592 5352 847 5445 Evangelium,
872 5378 980 5450 33313
1001 5356 1083 5438 3111,
1110 5357 1192 5451 3313
1214 5359 1310 5431 iudi·
1362 5359 1466 5431 certis
1482 5353 1696 5429 testimoniis
1710 5348 1870 5442 patefecit
1886 5346 2068 5439 patribus,
2094 5349 2214 5439 eisque
2229 5344 2352 5418 Evan-

324 5474 401 5534 sant
428 5482 505 5531 esse
533 5458 829 5530 contumeliosum
861 5460 1031 5530 adversus
1053 5454 1191 5545 Deum,
1228 5484 1309 5531 cum
1361 5460 1493 5552 gelium
1507 5458 1667 5529 tradidit.
1719 5452 1793 5523 Nec
1807 5451 1876 5521 3113
1894 5460 1946 5519 est
1961 5470 2110 5542 usquam
2128 5450 2291 5520 doctrina
2306 5452 2350 5518 de

320 5558 495 5661 vituperat
511 5562 774 5653 superstitiosos
790 5562 924 5647 cultus,
949 5584 1040 5652 quos
1055 5562 1115 5632 isti
1138 5574 1309 5657 tanquam
1363 5558 1429 5633 hac
1453 5560 1636 5632 voluntate
1650 5554 1739 5639 Dei,
1770 5566 1864 5623 certa
1888 5551 2075 5621 autoritate
2098 5563 2258 5642 accepts,
2290 5561 2352 5621 3111

318 5672 492 5735 811333313
514 5662 679 5753 pietatem
698 5676 730 5733 31
748 5663 937 5754 religiones
961 5663 1170 5752 augelorum
1192 5665 1310 5735 admi·
1361 5664 1568 5735 confirmata
1585 5660 1678 5731 veris
1692 5652 1906 5727 testimoniis
1922 5651 2151 5733 coelestibus,
2175 5650 2247 5721 uisi
2265 5646 2352 5722 11333

314 5770 455 5837 tentor.
519 5760 569 5835 Et
591 5758 658 5836 hos
681 5768 821 5836 furores
843 5766 883 5835 in
906 5764 1029 5862 impiis
1053 5762 1219 5838 diabolus
1241 5768 1311 5837 im-
1359 5762 1548 5855 Evangelii
1562 5761 1738 5834 doctriua.
1790 5754 1912 5845 Quare
1926 5774 2001 5823 333
2017 5774 2247 5844 aspernemur
2260 5776 2350 5837 eim·

315 5868 417 5941 mani
430 5867 514 5939 odio
530 5862 667 5941 Christi
683 5870 828 5952 ardens,
853 5882 958 5961 suget
973 5868 1226 5958 etconbrmat,
1250 5868 1309 5939 in-
1359 5868 1422 5941 sed
1436 5866 1470 5940 31
1484 5868 1780 5958 obtemperemus,
1798 5855 2003 5929 3333133133
2018 5852 2135 5927 Deum
2151 5876 2235 5928 vere
2248 5876 2351 5949 pras·
