5825 6950
313 638 386 715 899
573 642 675 720 xtfl.
728 648 765 724 δ.
797 640 1097 725 nutantum
1124 644 1279 729 EPIST.
1305 642 1454 723 PAULI
1478 642 1547 723 an
1572 642 1838 725 Romanos,
1888 644 2085 725 CAP.1V.
2267 652 2342 727 894

316 814 421 885 mines
445 814 553 907 gratis
575 834 719 911 propter
743 821 976 895 mediatorem
1009 819 1145 897 babere
1169 823 1295 896 remis-
1347 822 1462 895 reiicit
1480 822 1662 907 debitum,
1679 820 1727 893 ita
1742 821 1895 893 sciamus
1911 820 2012 895 reiici
2026 821 2194 897 meritum
2209 826 2336 897 remis·

313 917 440 1005 sionem
450 969 463 1004 ,
490 930 525 991 et
540 944 614 991 esse
637 938 797 1015 acceptos
812 921 910 1006 Deo,
936 950 1010 999 non
1026 941 1171 1020 propter
1185 925 1294 998 ullius
1345 925 1457 995 sionis
1474 938 1695 1016 pcccatorum
1710 938 1745 995 et
1763 924 1854 996 vitae
1871 938 2046 1000 aeternae.

308 1021 423 1109 operis
445 1020 654 1111 dignitatem
679 1026 719 1096 in
743 1027 866 1113 nobis,
891 1028 965 1101 aive
981 1030 1043 1105 fiat
1060 1028 1191 1102 nost'ris
1206 1029 1293 1099 viri-
1444 1025 1645 1098 Consilium
1672 1024 1776 1098 Pauli
1805 1026 1996 1115 diligenter
2031 1025 2333 1100 considerandum

305 1122 392 1207 bus,
408 1122 481 1194 sive
495 1121 574 1196 Deo
589 1142 754 1201 movente
771 1130 889 1203 corda.
925 1128 1166 1205 Snutetbaec
1184 1153 1291 1223 opera
1345 1143 1407 1209 est.
1444 1126 1530 1202 ldeo
1544 1132 1629 1201 citat
1641 1129 1775 1201 dictum
1789 1129 1828 1200 in
1847 1126 1980 1200 Genesi
2002 1130 2150 1211 deiide,
2175 1128 2258 1223 quia
2277 1132 2331 1201 ibi
2468 1215 2474 1222 Ι

305 1220 419 1296 aDeo
440 1224 479 1295 in
499 1229 606 1299 nobis
631 1252 795 1319 accensa,
825 1234 969 1307 dilectio
990 1231 1078 1315 Dei,
1110 1234 1292 1326 patientia,
1342 1256 1502 1323 expresse
1522 1246 1559 1305 ct
1572 1231 1649 1302 sine
1667 1232 1875 1306 conditione
1895 1232 1934 1303 lit
1958 1232 2188 1313 asseveratio,
2214 1251 2250 1306 ct
2270 1256 2328 1303 re-

305 1327 457 1400 castltas.
508 1328 610 1402 Sicut
624 1346 741 1404 autem
759 1357 834 1406 non
851 1330 1023 1409 babemus
1044 1338 1290 1408 remissionem
1342 1336 1481 1407 velatur
1497 1357 1658 1427 expresso
1678 1336 1902 1420 testimonio,
1927 1337 2021 1429 quod
2038 1336 2186 1405 credens
2201 1337 2247 1407 sit
2267 1334 2327 1405 iu-

304 1444 448 1520 propter
463 1424 552 1503 haec
572 1456 699 1526 opera,
725 1434 773 1507 ita
799 1461 865 1507 nec
888 1453 1034 1532 propter
1055 1440 1178 1526 fidem,
1202 1462 1290 1533 qua·
1341 1456 1425 1507 stus.
1485 1436 1565 1509 Hoc
1586 1437 1738 1528 opponit
1759 1436 1846 1527 legi,
1873 1436 1983 1531 quasi,
2002 1437 2112 1508 dicat:
2139 1434 2326 1530 Nusquam

303 1544 408 1601 tenus
433 1544 486 1604 est
508 1536 683 1627 qualitas,
715 1560 779 1608 seu
799 1562 890 1631 opus
910 1542 949 1611 in
972 1540 1092 1627 nobis,
1125 1546 1185 1613 sed
1206 1540 1289 1635 quis
1341 1540 1490 1629 legimus
1505 1537 1735 1633 pronunciari
1751 1539 1906 1633 aliquem
1929 1538 2083 1620 iustum,
2108 1539 2190 1632 quia
2214 1540 2329 1631 legem

302 1633 373 1703 lide
387 1638 610 1725 agnoscimus
626 1640 876 1727 mediatorem,
896 1657 932 1715 et
950 1643 1117 1715 beneficia
1135 1646 1210 1715 eius
1225 1648 1289 1714 ad·
1339 1642 1522 1738 implevit,
1548 1644 1608 1713 sed
1624 1642 1679 1711 lex
1703 1664 1843 1732 semper
1861 1655 2000 1712 accusat
2022 1637 2206 1726 homines,
2229 1640 2326 1729 Ergo

299 1735 427 1826 plicari
441 1737 547 1809 nobis
568 1754 709 1834 oportet
733 1742 820 1829 lide,
846 1745 996 1835 cogitata
1018 1770 1104 1818 voce
1124 1742 1289 1837 Evange-
1339 1769 1413 1814 non
1428 1768 1550 1815 sumus
1565 1746 1641 1835 lege
1663 1743 1757 1814 iusti.
1808 1741 2011 1818 Retinenda
2036 1758 2087 1812 est
2108 1744 2217 1831 igitur
2240 1739 2326 1815 hacc

302 1836 355 1911 lii.
407 1834 620 1933 Respondes
638 1844 747 1935 igitur
768 1846 816 1916 ad
832 1850 1023 1936 maiorem,
1047 1849 1139 1922 sicut
1161 1850 1288 1921 usitate
1338 1840 1536 1919 consolatio
1551 1841 1718 1918 Abrabae
1734 1846 1848 1932 dicta,
1874 1848 1969 1939 quod
1987 1845 2032 1915 sit
2050 1846 2163 1917 iustus
2179 1847 2258 1918 lide.

298 1938 469 2013 dicimus:
488 1944 578 2016 Fide
591 1946 835 2025 iustificsmur.
1439 1948 1691 2021 Commoratur
1715 1962 1834 2020 autem
1860 1946 1994 2018 Paulus
2024 1948 2064 2017 in
2086 1948 2325 2021 declaratione

397 2043 498 2115 Haec
523 2049 721 2141 propositio
736 2052 946 2125 correlative
970 2051 1202 2145 intelligenda
1222 2068 1285 2145 est,
1337 2052 1601 2144 imputationis,
1626 2065 1666 2122 ut
1688 2052 1849 2122 ostendat
1873 2048 2061 2141 gratuitam
2084 2072 2177 2135 esse,
2201 2064 2236 2120 et
2250 2074 2325 2121 esse

298 2145 398 2237 quasi
416 2146 574 2234 dicatur,
599 2148 669 2221 Per
686 2152 966 2225 miscricordiam
992 2171 1136 2248 propter
1152 2157 1285 2227 media·
1338 2180 1414 2224 eam
1437 2154 1683 2227 remissionem
1717 2168 1960 2245 peccatorum,
2001 2165 2035 2222 ct
2061 2152 2326 2224 reconciliatio-

298 2260 411 2317 torem
436 2248 686 2338 iustificamur,
719 2278 824 2349 quern
852 2273 970 2328 tamen
992 2258 1062 2328 fide
1087 2260 1228 2348 agnosci
1251 2272 1285 2329 ει
1337 2282 1438 2339 nem,
1486 2280 1548 2327 seu
1584 2256 1861 2347 acceptationem
1900 2268 2045 2345 propter
2079 2254 2324 2328 mediatorem.

297 2348 468 2439 adplicari
491 2354 597 2425 nobis
621 2356 698 2427 eius
729 2359 897 2429 beneficia
919 2359 989 2429 lide
1013 2376 1162 2451 oportet.
1220 2358 1285 2431 Est
1335 2360 1510 2450 Adiungit
1530 2358 1642 2448 igitur
1667 2358 1761 2429 dicta
1777 2354 1929 2429 Psalmi:
1960 2354 2062 2429 Beati
2086 2378 2239 2449 quornm
2267 2381 2326 2428 re-

297 2474 379 2540 ergo
393 2457 568 2528 sententis
592 2458 632 2526 in
659 2460 809 2531 maiore:
837 2460 989 2553 Propter
1008 2459 1190 2535 Christum
1217 2458 1283 2533 ba·
1336 2464 1463 2533 missac
1485 2474 1571 2533 sunt
1595 2460 1800 2553 iniquitates
1815 2472 1879 2532 etc.
1930 2456 2061 2532 Beatus
2077 2458 2151 2546 vir,
2174 2459 2325 2533 coinon

295 2555 417 2625 bemus
438 2557 684 2631 remissionem
705 2578 739 2633 et
756 2586 880 2634 snmus
906 2564 1010 2651 iusti,
1034 2565 1158 2652 idest,
1185 2588 1283 2638 acce·
1335 2564 1525 2656 imputavit
1540 2560 1720 2634 Dominus
1736 2575 1916 2654 peccatum
1932 2576 1997 2637 etc.
2221 2569 2225 2581 “

295 2656 356 2745 pti.
405 2656 487 2729 Non
512 2659 624 2752 igitur
642 2665 804 2755 sequitur
826 2668 1026 2751 conclusio,
1067 2670 1166 2762 quod
1199 2692 1282 2759 pro·
1437 2664 1579 2740 Recital
1601 2663 1735 2735 Paulos
1756 2668 1985 2745 antecedens,
2013 2667 2075 2735 sed
2099 2664 2158 2737 liet
2181 2688 2324 2736 accom-

287 2770 370 2849 ,ntcr
383 2781 489 2851 opera
506 2764 617 2836 simus
633 2766 731 2839 iusti.
782 2765 844 2839 Sic
860 2792 940 2839 cum
957 2770 996 2839 in
1009 2766 1114 2841 Esaia
1130 2771 1280 2843 dicitur:
1335 2769 1491 2841 modatio
1509 2768 1619 2858 magis
1636 2767 1841 2862 perspicua,
1867 2790 1948 2837 cnm
1966 2790 2185 2863 consequens
2197 2771 2325 2840 attexi-

299 2860 431 2930 loticia
454 2868 548 2935 servi
567 2868 637 2937 mei
663 2868 771 2956 iusti,
794 2870 998 2943 iustificabit
1023 2874 1173 2945 multos:
1206 2897 1280 2943 non
1333 2885 1412 2957 tur,
1443 2871 1625 2941 videlicet:
1659 2867 1750 2941 Cum
1773 2892 1877 2939 nemo
1899 2869 2003 2939 aliter
2024 2869 2071 2941 sit
2103 2871 2246 2955 beatus,
2283 2873 2323 2939 id

286 2963 526 3053 otelligatnr,
562 2972 746 3043 credentes
780 2988 925 3063 propter
960 2975 1181 3063 dignitatem·
1199 2976 1279 3045 lidei
1333 2988 1403 3059 est,
1429 2974 1543 3044 iustus
1566 2968 1806 3064 seuacccptus
1821 2968 1917 3056 Deo,
1942 2970 2014 3040 nisi
2036 2986 2175 3065 peccata
2198 2975 2323 3043 remit-

306 3064 445 3153 tacere,
477 3073 537 3139 sed
568 3073 652 3142 ideo
681 3074 732 3144 sic
764 3075 923 3169 loquitur
955 3072 1153 3169 Propheta,
1196 3078 1280 3170 quia
1332 3089 1476 3160 tantur,
1509 3087 1672 3165 tegantur
1699 3085 1734 3144 et
1757 3096 1832 3143 nou
1863 3074 2103 3164 imputentur,
2136 3075 2323 3147 manifeste

304 3169 432 3253 gnossi
450 3174 686 3245 mediatorem
708 3189 744 3248 et
764 3176 832 3247 lide
854 3178 1026 3268 adplicari
1048 3180 1123 3249 eius
1146 3179 1280 3249 beneli-
1332 3179 1513 3271 sequitur,
1539 3176 1720 3247 neminem
1741 3175 1781 3245 in
1806 3170 1873 3245 lsac
1900 3175 2090 3267 depravata
2114 3191 2241 3247 natura
2263 3200 2322 3247 sa·

308 3268 342 3335 ia
368 3284 522 3361 oportet
578 3278 696 3351 Antea
718 3280 814 3350 enim
849 3280 1003 3352 dixerat:
1045 3280 1175 3353 Livore
1203 3282 1280 3353 eins
1333 3281 1493 3351 tislacere
1518 3280 1608 3370 legi,
1639 3280 1820 3349 neminem
1842 3278 1917 3368 lege
1938 3280 2072 3349 iustum
2095 3301 2190 3362 esse,
2220 3295 2255 3350 et
2282 3281 2323 3351 in

301 3372 400 3441 anati
423 3395 558 3451 sumus.
1330 3382 1501 3453 omnibus
1524 3376 1670 3452 haerere
1690 3393 1850 3474 peccata,
1882 3382 1966 3476 quis
1988 3393 2133 3471 propter
2147 3381 2321 3453 mediato-

389 3472 658 3554 Haecbrcvitcr
678 3482 888 3572 dictasunt,
914 3498 954 3556 ut
976 3484 1187 3556 vocabulum
1217 3484 1279 3558 Fi·
1331 3509 1405 3556 rem
1434 3485 1668 3556 remittuntur
1696 3482 1867 3556 credenti.
1933 3481 1991 3556 Sit
2018 3498 2135 3555 autem
2160 3483 2323 3556 Psalmus

297 3579 368 3661 tes,
390 3600 451 3648 seu
467 3583 635 3667 credidit,
657 3587 702 3655 sit
721 3588 956 3684 perspicuum.
998 3586 1277 3683 Nuncsequuu·
1331 3586 1392 3658 ille
1406 3601 1505 3658 totus
1521 3587 1747 3669 notissimus,
1770 3586 1855 3679 quia
1871 3586 2070 3656 doctrinam
2089 3588 2322 3658 necessariam

297 3695 494 3753 urcaetera
510 3687 700 3772 vocabula,
728 3685 902 3781 imputata
922 3704 973 3760 est
991 3689 1023 3758 ei
1041 3690 1196 3760 iusticia:
1227 3691 1277 3762 sic
1330 3704 1364 3760 ct
1394 3690 1636 3762 dulcissimam
1671 3687 1950 3759 consolationem
1980 3689 2151 3764 continet.
2228 3687 2320 3762 Cum

300 3779 379 3848 nim
397 3781 551 3856 Hebraei
569 3789 710 3878 legunt,
737 3791 773 3860 id
792 3813 860 3874 est,
883 3789 1044 3880 Cogitata
1061 3815 1122 3864 seu
1139 3795 1276 3864 decreta
1330 3792 1425 3860 enim
1440 3791 1632 3862 didicimus
1655 3805 1692 3862 et
1716 3814 1757 3860 ex
1777 3813 1818 3859 eo
1837 3788 1997 3876 Psalmo,
2022 3803 2114 3862 etex
2136 3785 2203 3862 bac
2225 3793 2321 3864 iute-

297 3896 334 3951 st
351 3877 454 3970 buic,
485 3891 548 3981 qui
577 3905 680 3962 antea
711 3918 793 3964 reus
830 3909 926 3982 erat,
960 3893 1117 3979 iusticia,
1151 3896 1277 3982 idest,
1329 3917 1389 3986 gra
1412 3891 1517 3964 Pauli
1539 3893 1720 3978 doctrina,
1751 3893 1849 3985 quod
1875 3888 1944 3963 boc
1974 3894 2082 3964 modo
2105 3907 2243 3964 tantum
2283 3911 2320 3966 et

298 3989 448 4058 emissio
463 4006 708 4082 peccatorum,
734 4009 768 4066 ει
782 3996 973 4084 acceptatio
991 3997 1114 4065 divina
1141 4010 1174 4066 et
1192 3993 1277 4068 hae·
1330 4019 1404 4066 uon
1419 3995 1522 4066 aliter
1541 3992 1649 4066 bomo
1665 3993 1728 4068 liat
1745 3995 1877 4081 iustus,
1902 3994 2029 4082 idest,
2051 4009 2213 4088 acceptus
2228 3995 2319 4082 Deo,

297 4090 414 4158 editas
433 4106 595 4165 aeternae
611 4097 704 4169 vitae
717 4111 751 4170 et
764 4099 943 4182 iusticias,
965 4121 1046 4168 cum
1063 4099 1176 4170 credit
1192 4123 1277 4189 pro-
1329 4122 1421 4168 cum·
1434 4099 1547 4169 credit
1561 4097 1629 4167 sibi
1654 4097 1786 4169 remitti
1818 4113 1956 4189 peccata
1978 4113 2122 4188 propter
2145 4100 2321 4170 mediato·

301 4189 459 4266 sissioni.
511 4191 565 4265 Ac
583 4195 1076 4280 citatPaulusbocdictum,
1102 4201 1184 4296 quia
1203 4202 1276 4293 pri·
1328 4223 1421 4285 nem,
1445 4201 1574 4290 gratis,
1599 4213 1635 4270 et
1657 4201 1752 4292 quod
1776 4199 1863 4270 velit
1876 4199 1974 4270 Deus
1987 4195 2078 4270 hanc
2094 4224 2193 4271 suam
2212 4203 2319 4273 mise-

298 4313 376 4360 snm
403 4317 569 4386 expresse
592 4301 699 4382 dicit,
730 4299 924 4390 Quomodo
946 4298 1085 4372 bomini
1106 4305 1276 4373 decerna·
1328 4303 1521 4372 ricordiam
1538 4303 1701 4392 agnosci,
1727 4315 1762 4372 et
1781 4303 1940 4393 conspici
1964 4303 2133 4372 beneficia
2158 4303 2243 4388 tilii,
2269 4307 2320 4374 si·

300 4417 331 4461 rr
347 4395 495 4468 iusticia
508 4399 586 4472 aine
601 4404 818 4476 conditione.
873 4401 916 4472 lu
933 4405 1008 4494 lege
1024 4403 1120 4473 enim
1137 4418 1274 4476 tantum
1327 4403 1548 4488 cutclamat,
1569 4399 1794 4475 Osculamini
1818 4403 1952 4489 lilium,
1985 4401 2084 4474 Beati
2107 4427 2231 4474 omues
2255 4407 2320 4499 qui

297 4496 541 4572 anditionales
560 4507 820 4597 propositiones
843 4519 942 4576 sunt:
978 4503 1192 4577 Maledictus
1209 4507 1274 4600 qui
1327 4505 1513 4576 confidunt
1526 4508 1566 4575 in
1584 4530 1643 4578 eo:
1668 4505 1886 4596 amplissima
1901 4507 2097 4576 consolatio
2113 4507 2218 4576 nobis
2234 4533 2319 4599 pro-

300 4621 346 4664 on
367 4615 495 4674 manet
515 4604 554 4673 in
578 4609 748 4678 omnibus
770 4620 835 4678 etc.
896 4604 1010 4678 Addit
1031 4607 1142 4698 igitur
1156 4610 1274 4678 decla·
1327 4609 1493 4698 ponitur,
1526 4631 1618 4703 quae
1639 4620 1811 4678 sustentat
1835 4631 1901 4676 nos
1925 4608 1963 4676 in
1987 4607 2237 4693 conversione,
2273 4634 2345 4680 ne·

294 4701 476 4789 ationem,
510 4713 604 4800 quod
630 4710 818 4802 imputatio
841 4709 887 4781 sit
911 4709 1082 4800 gratuita,
1110 4710 1274 4782 videlicet
1326 4733 1528 4800 mergamur
1543 4713 1581 4778 in
1598 4711 1880 4801 desperationem
1899 4725 1933 4781 et
1947 4710 2113 4796 esitium,
2138 4712 2201 4781 sed
2217 4735 2318 4783 acce·

299 4805 371 4870 uod
396 4801 498 4875 Deus
520 4802 618 4881 bunc
642 4815 844 4882 credentem
866 4813 995 4901 cogitet
1017 4833 1080 4882 seu
1105 4813 1273 4883 decernat
1325 4813 1450 4882 damus
1466 4813 1510 4881 ad
1530 4810 1647 4882 Deum
1667 4807 1733 4880 hac
1749 4811 1830 4879 lide.

294 4925 345 4972 sse
361 4905 502 4976 iustum
519 4931 582 4982 sua
606 4913 870 5004 misericordia,
899 4913 1136 5009 etiamsinon
1162 4915 1271 4984 estin
1429 4911 1610 4985 vocabula
1635 4914 1675 4982 in
1707 4910 1849 4983 Psalmo
1879 4927 1962 4983 sunt
1989 4913 2185 5004 perspicua.
2234 4915 2318 4990 Pri·

293 5032 315 5070 o
338 5007 507 5100 impletio
529 5013 636 5103 legis,
659 5039 767 5109 quam
792 5013 890 5086 Deus
910 5017 1123 5106 adprobaret
1146 5038 1185 5086 ex
1206 5017 1271 5086 de-
1324 5037 1421 5084 mum
1447 5015 1655 5086 nominatur
1678 5015 1840 5086 remissio
1863 5029 2107 5107 peccatorum,
2150 5037 2314 5107 quaeest

300 5107 371 5186 ito,
400 5111 436 5179 si
459 5114 613 5203 adesset,
638 5117 760 5212 inquit
783 5117 907 5207 igitur:
941 5115 1081 5188 Merces
1101 5119 1208 5189 datur
1228 5141 1270 5188 ex
1322 5117 1485 5188 desinere
1511 5118 1617 5188 irasci
1637 5117 1807 5210 peccatis,
1837 5140 1898 5186 sen
1921 5118 2119 5208 praeteritis
2135 5142 2314 5213 scuprae-

297 5209 420 5297 cbito,
463 5214 595 5300 idest,
635 5215 709 5291 Ubi
747 5233 800 5290 est
831 5219 947 5311 reipsa
983 5219 1071 5309 legis
1094 5219 1269 5311 impletio,
1320 5221 1493 5290 sentibus.
1529 5219 1668 5291 Deinde
1681 5218 1751 5306 tegi
1767 5233 1906 5310 peccata
1923 5233 1976 5289 est
1992 5218 2225 5292 mediatorem
2239 5249 2316 5298 esse

299 5313 389 5392 ⁸⁰⁰³,
413 5317 658 5408 quiescatis,
684 5321 857 5413 approbat
879 5344 957 5390 eam
980 5343 1099 5392 exsua
1119 5321 1268 5394 iusticia.
1321 5320 1588 5407 umbraculum,
1615 5343 1660 5390 ne
1685 5319 1890 5392 effundatur
1911 5320 1949 5389 in
1975 5344 2041 5391 nos
2065 5321 2116 5391 ira
2134 5319 2211 5398 Dei.
2263 5325 2313 5398 Et

374 5413 451 5486 Hic
472 5420 612 5494 discant
634 5424 793 5493 iuniores
809 5421 980 5495 vocabula
998 5416 1120 5494 Debiti
1136 5439 1170 5494 et
1187 5421 1267 5494 Me-
1319 5423 1464 5515 proprie
1479 5423 1628 5495 dicitur:
1654 5421 1744 5511 Tegi
1761 5436 1966 5514 peccatum,
1991 5425 2089 5517 quod
2111 5421 2229 5496 adbuc
2245 5430 2312 5498 ad·

288 5513 327 5586 iti
356 5517 573 5594 correlative
610 5546 694 5598 esse.
768 5519 857 5597 Cum
886 5518 1053 5597 monachi
1080 5525 1265 5597 dixerunt:
1318 5526 1433 5596 estin
1457 5525 1601 5598 renatis.
1661 5519 1740 5594 ttni
1763 5525 1858 5593 enim
1881 5538 1933 5594 est
1956 5538 2157 5615 peccatum,
2198 5542 2231 5598 et
2254 5531 2311 5598 di·

286 5621 461 5691 outritus
478 5615 584 5696 babet
609 5627 734 5697 merita
756 5628 799 5696 de
821 5629 1023 5716 condigno,
1050 5622 1118 5698 boc
1141 5626 1264 5698 volue-
1315 5649 1426 5713 gnum
1450 5639 1592 5698 aeterna
1618 5649 1750 5719 poena,
1783 5639 1902 5696 tamen
1931 5626 2083 5716 tegimur
2105 5650 2168 5718 per
2192 5629 2306 5702 lilium

287 5741 375 5806 snt,
403 5718 498 5793 banc
514 5729 843 5799 obedientiamesse
863 5729 1060 5808 iusticiam,
1086 5750 1192 5821 quam
1208 5751 1264 5798 re-
1318 5728 1410 5812 Dci,
1435 5729 1530 5802 sicut
1550 5729 1699 5801 dicitur:
1724 5723 1809 5798 Non
1834 5729 1918 5799 estis
1939 5729 2007 5798 sub
2030 5728 2127 5818 lege,
2154 5733 2213 5800 scd
2236 5739 2306 5806 sub

286 5827 376 5908 pias
399 5824 499 5897 Deus
519 5851 561 5898 ex
584 5831 705 5902 debito
726 5845 793 5907 etc.
847 5827 896 5904 Ut
919 5829 1029 5924 igitur
1049 5825 1107 5903 hic
1130 5827 1264 5904 Paulus
1316 5831 1439 5926 gratia.
1489 5826 1539 5904 Et
1554 5853 1759 5928 quanquam
1782 5829 1952 5920 intelligit
1965 5827 2129 5902 Psalmus
2143 5833 2214 5924 tegi
2231 5859 2311 5927 pec-
