<?xml version="1.0" encoding="UTF-8"?>
<!DOCTYPE html PUBLIC "-//W3C//DTD XHTML 1.0 Transitional//EN"
    "http://www.w3.org/TR/xhtml1/DTD/xhtml1-transitional.dtd">
<html xmlns="http://www.w3.org/1999/xhtml" xml:lang="en" lang="en">
 <head>
  <title>
</title>
<meta http-equiv="Content-Type" content="text/html;charset=utf-8" />
  <meta name='ocr-system' content='tesseract 3.04.00' />
  <meta name='ocr-capabilities' content='ocr_page ocr_carea ocr_par ocr_line ocrx_word'/>
</head>
<body>
  <div class='ocr_page' id='page_1' title='image "./philippimelanth08bindgoog_0443.png"; bbox 0 0 5825 6950; ppageno 0'>
   <div class='ocr_carea' id='block_1_1' title="bbox 588 662 665 741">
    <p class='ocr_par' dir='ltr' id='par_1_1' title="bbox 588 662 665 741">
     <span class='ocr_line' id='line_1_1' title="bbox 588 662 665 741; baseline -0.078 -2"><span class='ocrx_word' id='word_1_1' title='bbox 588 662 665 741; x_wconf 74' lang='lat' dir='ltr'><strong>lili</strong></span> 
     </span>
    </p>
   </div>
   <div class='ocr_carea' id='block_1_2' title="bbox 487 936 1585 1950">
    <p class='ocr_par' dir='ltr' id='par_1_2' title="bbox 487 936 1585 1950">
     <span class='ocr_line' id='line_1_2' title="bbox 586 936 1577 1036; baseline 0.005 -25"><span class='ocrx_word' id='word_1_2' title='bbox 586 943 752 1036; x_wconf 86' lang='lat' dir='ltr'><strong>prodest,</strong></span> <span class='ocrx_word' id='word_1_3' title='bbox 782 940 811 1009; x_wconf 89' lang='lat' dir='ltr'><strong>si</strong></span> <span class='ocrx_word' id='word_1_4' title='bbox 834 941 944 1029; x_wconf 72' lang='lat' dir='ltr'><strong>tegern</strong></span> <span class='ocrx_word' id='word_1_5' title='bbox 971 938 1147 1012; x_wconf 80' lang='lat' dir='ltr'>observes.</span> <span class='ocrx_word' id='word_1_6' title='bbox 1219 936 1290 1009; x_wconf 88' lang='lat' dir='ltr'><strong>Hic</strong></span> <span class='ocrx_word' id='word_1_7' title='bbox 1313 940 1577 1016; x_wconf 82' lang='lat' dir='ltr'><strong>observandum</strong></span> 
     </span>
     <span class='ocr_line' id='line_1_3' title="bbox 487 1032 1577 1136; baseline 0 -21"><span class='ocrx_word' id='word_1_8' title='bbox 487 1128 493 1136; x_wconf 42' lang='grc'><strong><em>,</em></strong></span> <span class='ocrx_word' id='word_1_9' title='bbox 588 1059 659 1128; x_wconf 84' lang='lat' dir='ltr'><strong>est,</strong></span> <span class='ocrx_word' id='word_1_10' title='bbox 683 1032 819 1134; x_wconf 71' lang='lat' dir='ltr'><strong>lantper</strong></span> <span class='ocrx_word' id='word_1_11' title='bbox 833 1041 872 1121; x_wconf 85' lang='lat' dir='ltr'><strong>iu</strong></span> <span class='ocrx_word' id='word_1_12' title='bbox 890 1042 1024 1114; x_wconf 80' lang='lat' dir='ltr'><strong>enuntio</strong></span> <span class='ocrx_word' id='word_1_13' title='bbox 1042 1040 1161 1129; x_wconf 72' lang='lat' dir='ltr'><strong>vagari</strong></span> <span class='ocrx_word' id='word_1_14' title='bbox 1177 1036 1241 1111; x_wconf 88' lang='lat' dir='ltr'><strong>has</strong></span> <span class='ocrx_word' id='word_1_15' title='bbox 1258 1041 1360 1113; x_wconf 86' lang='lat' dir='ltr'><strong>falsas</strong></span> <span class='ocrx_word' id='word_1_16' title='bbox 1378 1042 1577 1135; x_wconf 90' lang='lat' dir='ltr'><strong>persuasio-</strong></span> 
     </span>
     <span class='ocr_line' id='line_1_4' title="bbox 589 1142 1579 1235; baseline 0.001 -19"><span class='ocrx_word' id='word_1_17' title='bbox 589 1168 653 1217; x_wconf 86' lang='lat' dir='ltr'><strong>nes</strong></span> <span class='ocrx_word' id='word_1_18' title='bbox 669 1147 713 1215; x_wconf 89' lang='lat' dir='ltr'><strong>de</strong></span> <span class='ocrx_word' id='word_1_19' title='bbox 728 1142 957 1227; x_wconf 72' lang='lat' dir='ltr'>ceremoniis,</span> <span class='ocrx_word' id='word_1_20' title='bbox 983 1142 1039 1211; x_wconf 89' lang='lat' dir='ltr'><strong>sel</strong></span> <span class='ocrx_word' id='word_1_21' title='bbox 1062 1146 1158 1235; x_wconf 85' lang='lat' dir='ltr'><strong>quod</strong></span> <span class='ocrx_word' id='word_1_22' title='bbox 1176 1159 1377 1216; x_wconf 85' lang='lat' dir='ltr'><strong>mereantur</strong></span> <span class='ocrx_word' id='word_1_23' title='bbox 1399 1144 1579 1217; x_wconf 88' lang='lat' dir='ltr'><strong>remissio·</strong></span> 
     </span>
     <span class='ocr_line' id='line_1_5' title="bbox 590 1245 1579 1337; baseline -0.002 -18"><span class='ocrx_word' id='word_1_24' title='bbox 590 1272 676 1319; x_wconf 86' lang='lat' dir='ltr'><strong>nem</strong></span> <span class='ocrx_word' id='word_1_25' title='bbox 696 1262 938 1337; x_wconf 82' lang='lat' dir='ltr'><strong>peccatorum,</strong></span> <span class='ocrx_word' id='word_1_26' title='bbox 970 1246 1030 1316; x_wconf 90' lang='lat' dir='ltr'><strong>vel</strong></span> <span class='ocrx_word' id='word_1_27' title='bbox 1057 1248 1153 1337; x_wconf 88' lang='lat' dir='ltr'><strong>quod</strong></span> <span class='ocrx_word' id='word_1_28' title='bbox 1178 1245 1249 1317; x_wconf 90' lang='lat' dir='ltr'><strong>sint</strong></span> <span class='ocrx_word' id='word_1_29' title='bbox 1271 1248 1408 1331; x_wconf 88' lang='lat' dir='ltr'><strong>cultus,</strong></span> <span class='ocrx_word' id='word_1_30' title='bbox 1443 1262 1479 1318; x_wconf 89' lang='lat' dir='ltr'><strong>et</strong></span> <span class='ocrx_word' id='word_1_31' title='bbox 1502 1246 1579 1319; x_wconf 88' lang='lat' dir='ltr'><strong>Deo</strong></span> 
     </span>
     <span class='ocr_line' id='line_1_6' title="bbox 590 1345 1580 1441; baseline 0 -22"><span class='ocrx_word' id='word_1_32' title='bbox 590 1351 773 1441; x_wconf 72' lang='lat' dir='ltr'>placeant,</span> <span class='ocrx_word' id='word_1_33' title='bbox 800 1348 904 1425; x_wconf 84' lang='lat' dir='ltr'><strong>etiam</strong></span> <span class='ocrx_word' id='word_1_34' title='bbox 926 1346 1004 1418; x_wconf 90' lang='lat' dir='ltr'><strong>sine</strong></span> <span class='ocrx_word' id='word_1_35' title='bbox 1028 1345 1166 1420; x_wconf 87' lang='lat' dir='ltr'><strong>iusticia</strong></span> <span class='ocrx_word' id='word_1_36' title='bbox 1189 1349 1321 1417; x_wconf 91' lang='lat' dir='ltr'><strong>cordis:</strong></span> <span class='ocrx_word' id='word_1_37' title='bbox 1356 1363 1391 1419; x_wconf 89' lang='lat' dir='ltr'><strong>et</strong></span> <span class='ocrx_word' id='word_1_38' title='bbox 1412 1363 1454 1421; x_wconf 93' lang='lat' dir='ltr'><strong>ut</strong></span> <span class='ocrx_word' id='word_1_39' title='bbox 1473 1349 1580 1440; x_wconf 65' lang='lat' dir='ltr'><strong>vulgo</strong></span> 
     </span>
     <span class='ocr_line' id='line_1_7' title="bbox 591 1449 1581 1539; baseline 0 -18"><span class='ocrx_word' id='word_1_40' title='bbox 591 1452 744 1533; x_wconf 82' lang='lat' dir='ltr'><strong>dicitur,</strong></span> <span class='ocrx_word' id='word_1_41' title='bbox 778 1472 822 1525; x_wconf 75' lang='lat' dir='ltr'><strong>es</strong></span> <span class='ocrx_word' id='word_1_42' title='bbox 841 1464 1134 1539; x_wconf 67' lang='lat' dir='ltr'><strong>operaoperatn,</strong></span> <span class='ocrx_word' id='word_1_43' title='bbox 1167 1449 1258 1533; x_wconf 76' lang='lat' dir='ltr'><strong>sicut</strong></span> <span class='ocrx_word' id='word_1_44' title='bbox 1280 1452 1326 1526; x_wconf 85' lang='lat' dir='ltr'><strong>de</strong></span> <span class='ocrx_word' id='word_1_45' title='bbox 1338 1450 1518 1523; x_wconf 89' lang='lat' dir='ltr'><strong>oblatione</strong></span> <span class='ocrx_word' id='word_1_46' title='bbox 1543 1453 1581 1521; x_wconf 94' lang='lat' dir='ltr'><strong>in</strong></span> 
     </span>
     <span class='ocr_line' id='line_1_8' title="bbox 594 1546 1582 1641; baseline 0 -19"><span class='ocrx_word' id='word_1_47' title='bbox 594 1554 700 1622; x_wconf 87' lang='lat' dir='ltr'><strong>missa</strong></span> <span class='ocrx_word' id='word_1_48' title='bbox 724 1552 950 1641; x_wconf 89' lang='lat' dir='ltr'><strong>impudenter</strong></span> <span class='ocrx_word' id='word_1_49' title='bbox 965 1550 1183 1639; x_wconf 90' lang='lat' dir='ltr'><strong>scripserunt</strong></span> <span class='ocrx_word' id='word_1_50' title='bbox 1202 1546 1380 1635; x_wconf 82' lang='lat' dir='ltr'><strong>monachi.</strong></span> <span class='ocrx_word' id='word_1_51' title='bbox 1449 1548 1582 1623; x_wconf 86' lang='lat' dir='ltr'><strong>Omni·</strong></span> 
     </span>
     <span class='ocr_line' id='line_1_9' title="bbox 594 1648 1584 1746; baseline 0 -21"><span class='ocrx_word' id='word_1_52' title='bbox 594 1658 662 1727; x_wconf 88' lang='lat' dir='ltr'><strong>bus</strong></span> <span class='ocrx_word' id='word_1_53' title='bbox 683 1654 791 1744; x_wconf 79' lang='lat' dir='ltr'><strong>igitur</strong></span> <span class='ocrx_word' id='word_1_54' title='bbox 810 1654 985 1723; x_wconf 89' lang='lat' dir='ltr'><strong>aetatibus</strong></span> <span class='ocrx_word' id='word_1_55' title='bbox 1005 1652 1044 1721; x_wconf 92' lang='lat' dir='ltr'><strong>in</strong></span> <span class='ocrx_word' id='word_1_56' title='bbox 1062 1648 1220 1725; x_wconf 77' lang='lat' dir='ltr'><strong>Ecclesia</strong></span> <span class='ocrx_word' id='word_1_57' title='bbox 1249 1654 1361 1746; x_wconf 88' lang='lat' dir='ltr'><strong>aliqui</strong></span> <span class='ocrx_word' id='word_1_58' title='bbox 1378 1667 1584 1725; x_wconf 87' lang='lat' dir='ltr'><strong>taxaverunt</strong></span> 
     </span>
     <span class='ocr_line' id='line_1_10' title="bbox 593 1750 1584 1837; baseline 0 -10"><span class='ocrx_word' id='word_1_59' title='bbox 593 1752 691 1827; x_wconf 93' lang='lat' dir='ltr'><strong>hunc</strong></span> <span class='ocrx_word' id='word_1_60' title='bbox 708 1778 884 1837; x_wconf 89' lang='lat' dir='ltr'><strong>errorem,</strong></span> <span class='ocrx_word' id='word_1_61' title='bbox 909 1768 950 1825; x_wconf 93' lang='lat' dir='ltr'><strong>ut</strong></span> <span class='ocrx_word' id='word_1_62' title='bbox 964 1750 1105 1824; x_wconf 87' lang='lat' dir='ltr'><strong>Psalmo</strong></span> <span class='ocrx_word' id='word_1_63' title='bbox 1121 1753 1205 1831; x_wconf 77' lang='lat'><strong>50.:</strong></span> <span class='ocrx_word' id='word_1_64' title='bbox 1239 1752 1322 1825; x_wconf 87' lang='lat' dir='ltr'><strong>Non</strong></span> <span class='ocrx_word' id='word_1_65' title='bbox 1349 1756 1388 1825; x_wconf 91' lang='lat' dir='ltr'><strong>in</strong></span> <span class='ocrx_word' id='word_1_66' title='bbox 1403 1754 1584 1830; x_wconf 84' lang='lat' dir='ltr'><strong>sacrificiis</strong></span> 
     </span>
     <span class='ocr_line' id='line_1_11' title="bbox 596 1850 1585 1950; baseline 0.001 -23"><span class='ocrx_word' id='word_1_67' title='bbox 596 1858 671 1931; x_wconf 88' lang='lat' dir='ltr'><strong>tuis</strong></span> <span class='ocrx_word' id='word_1_68' title='bbox 696 1880 838 1944; x_wconf 76' lang='lat' dir='ltr'><strong>arguam</strong></span> <span class='ocrx_word' id='word_1_69' title='bbox 866 1868 910 1927; x_wconf 89' lang='lat' dir='ltr'><strong>te.</strong></span> <span class='ocrx_word' id='word_1_70' title='bbox 961 1850 1007 1925; x_wconf 88' lang='lat' dir='ltr'><strong>Et</strong></span> <span class='ocrx_word' id='word_1_71' title='bbox 1034 1853 1201 1930; x_wconf 88' lang='lat' dir='ltr'><strong>leremiae</strong></span> <span class='ocrx_word' id='word_1_72' title='bbox 1225 1854 1280 1931; x_wconf 80' lang='lat'><strong>7.:</strong></span> <span class='ocrx_word' id='word_1_73' title='bbox 1312 1856 1397 1929; x_wconf 92' lang='lat' dir='ltr'><strong>Non</strong></span> <span class='ocrx_word' id='word_1_74' title='bbox 1421 1860 1585 1950; x_wconf 89' lang='lat' dir='ltr'><strong>praecepi</strong></span> 
     </span>
    </p>
   </div>
   <div class='ocr_carea' id='block_1_3' title="bbox 597 1951 1665 2053">
    <p class='ocr_par' dir='ltr' id='par_1_3' title="bbox 597 1951 1665 2053">
     <span class='ocr_line' id='line_1_12' title="bbox 597 1951 1665 2053; baseline 0.003 -26"><span class='ocrx_word' id='word_1_75' title='bbox 597 1960 649 2029; x_wconf 89' lang='lat' dir='ltr'><strong>eis</strong></span> <span class='ocrx_word' id='word_1_76' title='bbox 664 1963 709 2029; x_wconf 92' lang='lat' dir='ltr'><strong>de</strong></span> <span class='ocrx_word' id='word_1_77' title='bbox 726 1953 950 2043; x_wconf 74' lang='lat' dir='ltr'><strong>holocaustis,</strong></span> <span class='ocrx_word' id='word_1_78' title='bbox 974 1958 1035 2030; x_wconf 91' lang='lat' dir='ltr'><strong>sed</strong></span> <span class='ocrx_word' id='word_1_79' title='bbox 1054 1951 1122 2030; x_wconf 79' lang='lat' dir='ltr'><strong>hoe</strong></span> <span class='ocrx_word' id='word_1_80' title='bbox 1139 1961 1286 2029; x_wconf 87' lang='lat' dir='ltr'><strong>verbum</strong></span> <span class='ocrx_word' id='word_1_81' title='bbox 1302 1960 1482 2053; x_wconf 85' lang='lat' dir='ltr'><strong>praecepi:</strong></span> <span class='ocrx_word' id='word_1_82' title='bbox 1508 1963 1586 2036; x_wconf 84' lang='lat' dir='ltr'><strong>Au·</strong></span> <span class='ocrx_word' id='word_1_83' title='bbox 1657 2019 1665 2037; x_wconf 88' lang='lat'><strong>.</strong></span> 
     </span>
    </p>
   </div>
   <div class='ocr_carea' id='block_1_4' title="bbox 598 2058 1591 3270">
    <p class='ocr_par' dir='ltr' id='par_1_4' title="bbox 598 2058 1591 3270">
     <span class='ocr_line' id='line_1_13' title="bbox 598 2058 1334 2157; baseline -0.008 -22"><span class='ocrx_word' id='word_1_84' title='bbox 598 2063 671 2135; x_wconf 86' lang='lat' dir='ltr'><strong>dite</strong></span> <span class='ocrx_word' id='word_1_85' title='bbox 686 2082 964 2149; x_wconf 74' lang='lat' dir='ltr'><strong>vocemmeam,</strong></span> <span class='ocrx_word' id='word_1_86' title='bbox 980 2070 1015 2157; x_wconf 80' lang='lat' dir='ltr'><strong>et</strong></span> <span class='ocrx_word' id='word_1_87' title='bbox 1032 2084 1093 2137; x_wconf 85' lang='lat' dir='ltr'><strong>ero</strong></span> <span class='ocrx_word' id='word_1_88' title='bbox 1110 2062 1210 2141; x_wconf 80' lang='lat' dir='ltr'><strong>vobis</strong></span> <span class='ocrx_word' id='word_1_89' title='bbox 1225 2058 1334 2132; x_wconf 88' lang='lat' dir='ltr'><strong>Deus.</strong></span> 
     </span>
     <span class='ocr_line' id='line_1_14' title="bbox 599 2158 1588 2257; baseline 0.009 -29"><span class='ocrx_word' id='word_1_90' title='bbox 599 2208 602 2221; x_wconf 81' lang='grc'>.</span> <span class='ocrx_word' id='word_1_91' title='bbox 699 2158 845 2237; x_wconf 82' lang='lat' dir='ltr'><strong>Dictum</strong></span> <span class='ocrx_word' id='word_1_92' title='bbox 866 2172 918 2231; x_wconf 88' lang='lat' dir='ltr'><strong>est</strong></span> <span class='ocrx_word' id='word_1_93' title='bbox 944 2174 1062 2236; x_wconf 86' lang='lat' dir='ltr'><strong>autern</strong></span> <span class='ocrx_word' id='word_1_94' title='bbox 1091 2162 1179 2232; x_wconf 89' lang='lat' dir='ltr'><strong>alias</strong></span> <span class='ocrx_word' id='word_1_95' title='bbox 1203 2186 1326 2253; x_wconf 87' lang='lat' dir='ltr'><strong>saepe,</strong></span> <span class='ocrx_word' id='word_1_96' title='bbox 1370 2187 1441 2257; x_wconf 78' lang='lat' dir='ltr'><strong>quo</strong></span> <span class='ocrx_word' id='word_1_97' title='bbox 1462 2164 1588 2237; x_wconf 87' lang='lat' dir='ltr'><strong>ordine</strong></span> 
     </span>
     <span class='ocr_line' id='line_1_15' title="bbox 601 2262 1588 2357; baseline 0.003 -25"><span class='ocrx_word' id='word_1_98' title='bbox 601 2265 764 2357; x_wconf 75' lang='lat' dir='ltr'><strong>placeant</strong></span> <span class='ocrx_word' id='word_1_99' title='bbox 786 2262 1025 2345; x_wconf 75' lang='lat' dir='ltr'><strong>ceremoniae,</strong></span> <span class='ocrx_word' id='word_1_100' title='bbox 1052 2278 1086 2333; x_wconf 90' lang='lat' dir='ltr'><strong>et</strong></span> <span class='ocrx_word' id='word_1_101' title='bbox 1103 2264 1201 2354; x_wconf 79' lang='lat' dir='ltr'><strong>pinxi</strong></span> <span class='ocrx_word' id='word_1_102' title='bbox 1221 2265 1361 2351; x_wconf 87' lang='lat' dir='ltr'><strong>navim,</strong></span> <span class='ocrx_word' id='word_1_103' title='bbox 1388 2279 1423 2335; x_wconf 92' lang='lat' dir='ltr'><strong>et</strong></span> <span class='ocrx_word' id='word_1_104' title='bbox 1444 2266 1483 2333; x_wconf 94' lang='lat' dir='ltr'><strong>in</strong></span> <span class='ocrx_word' id='word_1_105' title='bbox 1505 2267 1588 2337; x_wconf 87' lang='lat' dir='ltr'><strong>navi</strong></span> 
     </span>
     <span class='ocr_line' id='line_1_16' title="bbox 602 2364 1587 2453; baseline 0.007 -20"><span class='ocrx_word' id='word_1_106' title='bbox 602 2369 754 2449; x_wconf 79' lang='lat' dir='ltr'><strong>librum,</strong></span> <span class='ocrx_word' id='word_1_107' title='bbox 787 2378 822 2440; x_wconf 87' lang='lat' dir='ltr'><strong>et</strong></span> <span class='ocrx_word' id='word_1_108' title='bbox 849 2387 955 2452; x_wconf 86' lang='lat' dir='ltr'><strong>supra</strong></span> <span class='ocrx_word' id='word_1_109' title='bbox 979 2364 1112 2437; x_wconf 82' lang='lat' dir='ltr'><strong>librum</strong></span> <span class='ocrx_word' id='word_1_110' title='bbox 1143 2379 1234 2437; x_wconf 90' lang='lat' dir='ltr'><strong>stare</strong></span> <span class='ocrx_word' id='word_1_111' title='bbox 1261 2366 1423 2453; x_wconf 81' lang='lat' dir='ltr'><strong>calicem,</strong></span> <span class='ocrx_word' id='word_1_112' title='bbox 1449 2368 1485 2437; x_wconf 92' lang='lat' dir='ltr'><strong>id</strong></span> <span class='ocrx_word' id='word_1_113' title='bbox 1513 2383 1587 2441; x_wconf 88' lang='lat' dir='ltr'><strong>est:</strong></span> 
     </span>
     <span class='ocr_line' id='line_1_17' title="bbox 599 2465 1591 2557; baseline 0.002 -19"><span class='ocrx_word' id='word_1_114' title='bbox 599 2466 764 2547; x_wconf 81' lang='lat' dir='ltr'><strong>Primum</strong></span> <span class='ocrx_word' id='word_1_115' title='bbox 796 2465 974 2545; x_wconf 82' lang='lat' dir='ltr'><strong>audienda</strong></span> <span class='ocrx_word' id='word_1_116' title='bbox 997 2480 1048 2538; x_wconf 93' lang='lat' dir='ltr'><strong>est</strong></span> <span class='ocrx_word' id='word_1_117' title='bbox 1073 2468 1258 2557; x_wconf 80' lang='lat' dir='ltr'><strong>promissio</strong></span> <span class='ocrx_word' id='word_1_118' title='bbox 1273 2471 1318 2540; x_wconf 93' lang='lat' dir='ltr'><strong>de</strong></span> <span class='ocrx_word' id='word_1_119' title='bbox 1339 2469 1412 2540; x_wconf 86' lang='lat' dir='ltr'><strong>filio</strong></span> <span class='ocrx_word' id='word_1_120' title='bbox 1434 2468 1524 2553; x_wconf 89' lang='lat' dir='ltr'><strong>Dei,</strong></span> <span class='ocrx_word' id='word_1_121' title='bbox 1555 2484 1591 2540; x_wconf 90' lang='lat' dir='ltr'><strong>et</strong></span> 
     </span>
     <span class='ocr_line' id='line_1_18' title="bbox 600 2567 1590 2661; baseline 0 -20"><span class='ocrx_word' id='word_1_122' title='bbox 600 2570 670 2641; x_wconf 86' lang='lat' dir='ltr'><strong>fide</strong></span> <span class='ocrx_word' id='word_1_123' title='bbox 699 2567 947 2653; x_wconf 85' lang='lat' dir='ltr'><strong>statuendum,</strong></span> <span class='ocrx_word' id='word_1_124' title='bbox 982 2584 1015 2639; x_wconf 89' lang='lat' dir='ltr'><strong>te</strong></span> <span class='ocrx_word' id='word_1_125' title='bbox 1037 2571 1145 2658; x_wconf 79' lang='lat' dir='ltr'><strong>recipi</strong></span> <span class='ocrx_word' id='word_1_126' title='bbox 1174 2585 1318 2661; x_wconf 86' lang='lat' dir='ltr'><strong>propter</strong></span> <span class='ocrx_word' id='word_1_127' title='bbox 1343 2596 1438 2641; x_wconf 84' lang='lat' dir='ltr'><strong>eum.</strong></span> <span class='ocrx_word' id='word_1_128' title='bbox 1493 2569 1590 2641; x_wconf 90' lang='lat' dir='ltr'><strong>Haec</strong></span> 
     </span>
     <span class='ocr_line' id='line_1_19' title="bbox 598 2672 1591 2761; baseline 0.002 -18"><span class='ocrx_word' id='word_1_129' title='bbox 598 2672 686 2743; x_wconf 84' lang='lat' dir='ltr'><strong>fides</strong></span> <span class='ocrx_word' id='word_1_130' title='bbox 695 2673 817 2748; x_wconf 71' lang='lat' dir='ltr'><strong>,incoat</strong></span> <span class='ocrx_word' id='word_1_131' title='bbox 832 2692 961 2739; x_wconf 78' lang='lat' dir='ltr'><strong>nos-arn</strong></span> <span class='ocrx_word' id='word_1_132' title='bbox 977 2672 1226 2751; x_wconf 77' lang='lat' dir='ltr'><strong>obedientiam,</strong></span> <span class='ocrx_word' id='word_1_133' title='bbox 1255 2674 1292 2741; x_wconf 93' lang='lat' dir='ltr'><strong>in</strong></span> <span class='ocrx_word' id='word_1_134' title='bbox 1309 2675 1414 2743; x_wconf 91' lang='lat' dir='ltr'><strong>corde</strong></span> <span class='ocrx_word' id='word_1_135' title='bbox 1430 2674 1591 2761; x_wconf 77' lang='lat' dir='ltr'><strong>dilectio-</strong></span> 
     </span>
     <span class='ocr_line' id='line_1_20' title="bbox 600 2771 1496 2861; baseline 0.01 -20"><span class='ocrx_word' id='word_1_136' title='bbox 600 2797 702 2856; x_wconf 85' lang='lat' dir='ltr'><strong>nem,</strong></span> <span class='ocrx_word' id='word_1_137' title='bbox 727 2794 842 2861; x_wconf 88' lang='lat' dir='ltr'><strong>spem,</strong></span> <span class='ocrx_word' id='word_1_138' title='bbox 870 2771 1151 2857; x_wconf 84' lang='lat' dir='ltr'><strong>invocationem,</strong></span> <span class='ocrx_word' id='word_1_139' title='bbox 1177 2788 1210 2842; x_wconf 92' lang='lat' dir='ltr'><strong>et</strong></span> <span class='ocrx_word' id='word_1_140' title='bbox 1229 2776 1317 2845; x_wconf 88' lang='lat' dir='ltr'><strong>alias</strong></span> <span class='ocrx_word' id='word_1_141' title='bbox 1335 2775 1496 2851; x_wconf 84' lang='lat' dir='ltr'><strong>virtutes.</strong></span> 
     </span>
     <span class='ocr_line' id='line_1_21' title="bbox 702 2872 1590 2971; baseline 0.005 -28"><span class='ocrx_word' id='word_1_142' title='bbox 702 2872 1024 2945; x_wconf 86' lang='lat' dir='ltr'><strong>Deindeaecedunt</strong></span> <span class='ocrx_word' id='word_1_143' title='bbox 1040 2877 1280 2961; x_wconf 81' lang='lat' dir='ltr'><strong>ceremoniae,</strong></span> <span class='ocrx_word' id='word_1_144' title='bbox 1305 2889 1345 2946; x_wconf 90' lang='lat' dir='ltr'><strong>ut</strong></span> <span class='ocrx_word' id='word_1_145' title='bbox 1361 2877 1473 2967; x_wconf 85' lang='lat' dir='ltr'><strong>signa,</strong></span> <span class='ocrx_word' id='word_1_146' title='bbox 1500 2902 1590 2971; x_wconf 90' lang='lat' dir='ltr'><strong>quae</strong></span> 
     </span>
     <span class='ocr_line' id='line_1_22' title="bbox 600 2975 1589 3065; baseline 0.006 -21"><span class='ocrx_word' id='word_1_147' title='bbox 600 2977 644 3045; x_wconf 93' lang='lat' dir='ltr'><strong>de</strong></span> <span class='ocrx_word' id='word_1_148' title='bbox 671 2975 905 3065; x_wconf 67' lang='lat' dir='ltr'><strong>promissione</strong></span> <span class='ocrx_word' id='word_1_149' title='bbox 940 2998 1005 3043; x_wconf 90' lang='lat' dir='ltr'><strong>nos</strong></span> <span class='ocrx_word' id='word_1_150' title='bbox 1034 2980 1376 3063; x_wconf 84' lang='lat' dir='ltr'><strong>commonefaciant,</strong></span> <span class='ocrx_word' id='word_1_151' title='bbox 1410 2980 1466 3048; x_wconf 90' lang='lat' dir='ltr'><strong>vel</strong></span> <span class='ocrx_word' id='word_1_152' title='bbox 1489 3004 1589 3049; x_wconf 85' lang='lat' dir='ltr'><strong>erer-</strong></span> 
     </span>
     <span class='ocr_line' id='line_1_23' title="bbox 600 3076 1590 3171; baseline 0.004 -22"><span class='ocrx_word' id='word_1_153' title='bbox 600 3078 684 3149; x_wconf 88' lang='lat' dir='ltr'><strong>citia</strong></span> <span class='ocrx_word' id='word_1_154' title='bbox 712 3077 847 3159; x_wconf 78' lang='lat' dir='ltr'><strong>externi</strong></span> <span class='ocrx_word' id='word_1_155' title='bbox 874 3076 1083 3163; x_wconf 86' lang='lat' dir='ltr'><strong>ministerii,</strong></span> <span class='ocrx_word' id='word_1_156' title='bbox 1115 3079 1371 3165; x_wconf 82' lang='lat' dir='ltr'><strong>invocationis,</strong></span> <span class='ocrx_word' id='word_1_157' title='bbox 1397 3085 1590 3171; x_wconf 80' lang='lat' dir='ltr'><strong>gratiarum</strong></span> 
     </span>
     <span class='ocr_line' id='line_1_24' title="bbox 601 3178 1442 3270; baseline 0.007 -21"><span class='ocrx_word' id='word_1_158' title='bbox 601 3179 751 3255; x_wconf 85' lang='lat' dir='ltr'><strong>actionis</strong></span> <span class='ocrx_word' id='word_1_159' title='bbox 767 3192 851 3256; x_wconf 82' lang='lat' dir='ltr'><strong>ete..</strong></span> <span class='ocrx_word' id='word_1_160' title='bbox 873 3190 913 3265; x_wconf 72' lang='lat' dir='ltr'><strong>ut</strong></span> <span class='ocrx_word' id='word_1_161' title='bbox 930 3178 1015 3266; x_wconf 77' lang='lat' dir='ltr'><strong>alibi</strong></span> <span class='ocrx_word' id='word_1_162' title='bbox 1035 3179 1212 3270; x_wconf 86' lang='lat' dir='ltr'><strong>copiosius</strong></span> <span class='ocrx_word' id='word_1_163' title='bbox 1230 3185 1362 3259; x_wconf 90' lang='lat' dir='ltr'><strong>dictum</strong></span> <span class='ocrx_word' id='word_1_164' title='bbox 1380 3199 1442 3259; x_wconf 91' lang='lat' dir='ltr'><strong>est.</strong></span> 
     </span>
    </p>
   </div>
   <div class='ocr_carea' id='block_1_5' title="bbox 600 3275 1592 3480">
    <p class='ocr_par' dir='ltr' id='par_1_5' title="bbox 600 3275 1592 3480">
     <span class='ocr_line' id='line_1_25' title="bbox 702 3275 1592 3375; baseline 0.009 -28"><span class='ocrx_word' id='word_1_165' title='bbox 702 3278 773 3351; x_wconf 88' lang='lat' dir='ltr'><strong>Sed</strong></span> <span class='ocrx_word' id='word_1_166' title='bbox 793 3275 877 3354; x_wconf 88' lang='lat' dir='ltr'><strong>hinc</strong></span> <span class='ocrx_word' id='word_1_167' title='bbox 892 3280 1085 3368; x_wconf 77' lang='lat' dir='ltr'><strong>asperrima</strong></span> <span class='ocrx_word' id='word_1_168' title='bbox 1098 3284 1289 3353; x_wconf 87' lang='lat' dir='ltr'><strong>certamina</strong></span> <span class='ocrx_word' id='word_1_169' title='bbox 1312 3306 1449 3375; x_wconf 84' lang='lat' dir='ltr'><strong>semper</strong></span> <span class='ocrx_word' id='word_1_170' title='bbox 1469 3286 1507 3354; x_wconf 94' lang='lat' dir='ltr'><strong>in</strong></span> <span class='ocrx_word' id='word_1_171' title='bbox 1521 3282 1592 3355; x_wconf 56' lang='lat' dir='ltr'><strong>Ec*</strong></span> 
     </span>
     <span class='ocr_line' id='line_1_26' title="bbox 600 3366 1587 3480; baseline 0.002 -27"><span class='ocrx_word' id='word_1_172' title='bbox 600 3382 707 3459; x_wconf 90' lang='lat' dir='ltr'><strong>clesia</strong></span> <span class='ocrx_word' id='word_1_173' title='bbox 732 3395 765 3451; x_wconf 88' lang='lat' dir='ltr'><strong>et</strong></span> <span class='ocrx_word' id='word_1_174' title='bbox 786 3380 932 3451; x_wconf 91' lang='lat' dir='ltr'><strong>fuerunt</strong></span> <span class='ocrx_word' id='word_1_175' title='bbox 954 3394 988 3451; x_wconf 94' lang='lat' dir='ltr'><strong>et</strong></span> <span class='ocrx_word' id='word_1_176' title='bbox 1010 3396 1124 3455; x_wconf 87' lang='lat' dir='ltr'><strong>erunt.</strong></span> <span class='ocrx_word' id='word_1_177' title='bbox 1189 3378 1404 3480; x_wconf 86' lang='lat' dir='ltr'><strong>Hypocritae</strong></span> <span class='ocrx_word' id='word_1_178' title='bbox 1420 3366 1587 3457; x_wconf 66' lang='lat' dir='ltr'><strong>&#39;furenter</strong></span> 
     </span>
    </p>
   </div>
   <div class='ocr_carea' id='block_1_6' title="bbox 492 3479 1597 5913">
    <p class='ocr_par' dir='ltr' id='par_1_6' title="bbox 492 3479 1597 5913">
     <span class='ocr_line' id='line_1_27' title="bbox 600 3479 1591 3582; baseline 0.002 -26"><span class='ocrx_word' id='word_1_179' title='bbox 600 3487 823 3568; x_wconf 80' lang='lat' dir='ltr'><strong>irascuntur,</strong></span> <span class='ocrx_word' id='word_1_180' title='bbox 848 3507 927 3554; x_wconf 88' lang='lat' dir='ltr'><strong>curu</strong></span> <span class='ocrx_word' id='word_1_181' title='bbox 942 3479 1141 3555; x_wconf 89' lang='lat' dir='ltr'><strong>detrahitur</strong></span> <span class='ocrx_word' id='word_1_182' title='bbox 1156 3489 1364 3558; x_wconf 87' lang='lat' dir='ltr'><strong>ceremoniis</strong></span> <span class='ocrx_word' id='word_1_183' title='bbox 1378 3490 1502 3582; x_wconf 91' lang='lat' dir='ltr'><strong>opinio</strong></span> <span class='ocrx_word' id='word_1_184' title='bbox 1516 3513 1591 3558; x_wconf 89' lang='lat' dir='ltr'><strong>rne-</strong></span> 
     </span>
     <span class='ocr_line' id='line_1_28' title="bbox 601 3581 1591 3662; baseline 0.006 -6"><span class='ocrx_word' id='word_1_185' title='bbox 601 3586 674 3656; x_wconf 93' lang='lat' dir='ltr'><strong>riti.</strong></span> <span class='ocrx_word' id='word_1_186' title='bbox 737 3581 787 3656; x_wconf 93' lang='lat' dir='ltr'><strong>Ut</strong></span> <span class='ocrx_word' id='word_1_187' title='bbox 813 3582 937 3656; x_wconf 90' lang='lat' dir='ltr'><strong>ludaei</strong></span> <span class='ocrx_word' id='word_1_188' title='bbox 959 3586 1267 3659; x_wconf 79' lang='lat' dir='ltr'><strong>vociferabantur:</strong></span> <span class='ocrx_word' id='word_1_189' title='bbox 1310 3591 1350 3662; x_wconf 82' lang='lat' dir='ltr'><strong>si</strong></span> <span class='ocrx_word' id='word_1_190' title='bbox 1372 3615 1445 3660; x_wconf 92' lang='lat' dir='ltr'><strong>non</strong></span> <span class='ocrx_word' id='word_1_191' title='bbox 1469 3615 1591 3662; x_wconf 89' lang='lat' dir='ltr'><strong>sumus</strong></span> 
     </span>
     <span class='ocr_line' id='line_1_29' title="bbox 602 3685 1590 3787; baseline 0.005 -29"><span class='ocrx_word' id='word_1_192' title='bbox 602 3687 688 3774; x_wconf 88' lang='lat' dir='ltr'><strong>iusti</strong></span> <span class='ocrx_word' id='word_1_193' title='bbox 714 3685 815 3775; x_wconf 78' lang='lat' dir='ltr'><strong>lege,</strong></span> <span class='ocrx_word' id='word_1_194' title='bbox 855 3709 919 3758; x_wconf 91' lang='lat' dir='ltr'><strong>cur</strong></span> <span class='ocrx_word' id='word_1_195' title='bbox 951 3689 1033 3757; x_wconf 88' lang='lat' dir='ltr'><strong>data</strong></span> <span class='ocrx_word' id='word_1_196' title='bbox 1065 3701 1116 3759; x_wconf 86' lang='lat' dir='ltr'><strong>est</strong></span> <span class='ocrx_word' id='word_1_197' title='bbox 1140 3690 1220 3759; x_wconf 81' lang='lat' dir='ltr'><strong>les?</strong></span> <span class='ocrx_word' id='word_1_198' title='bbox 1267 3691 1362 3763; x_wconf 90' lang='lat' dir='ltr'><strong>Huic</strong></span> <span class='ocrx_word' id='word_1_199' title='bbox 1391 3695 1590 3787; x_wconf 87' lang='lat' dir='ltr'><strong>quaestioni</strong></span> 
     </span>
     <span class='ocr_line' id='line_1_30' title="bbox 601 3781 1592 3888; baseline 0.008 -30"><span class='ocrx_word' id='word_1_200' title='bbox 601 3813 684 3858; x_wconf 82' lang='lat' dir='ltr'><strong>mox</strong></span> <span class='ocrx_word' id='word_1_201' title='bbox 701 3790 892 3878; x_wconf 89' lang='lat' dir='ltr'><strong>respondet</strong></span> <span class='ocrx_word' id='word_1_202' title='bbox 901 3781 1046 3872; x_wconf 84' lang='lat' dir='ltr'><strong>Paulus,</strong></span> <span class='ocrx_word' id='word_1_203' title='bbox 1062 3804 1096 3859; x_wconf 90' lang='lat' dir='ltr'><strong>ct</strong></span> <span class='ocrx_word' id='word_1_204' title='bbox 1113 3793 1307 3862; x_wconf 88' lang='lat' dir='ltr'><strong>necessaria</strong></span> <span class='ocrx_word' id='word_1_205' title='bbox 1325 3809 1377 3864; x_wconf 89' lang='lat' dir='ltr'><strong>est</strong></span> <span class='ocrx_word' id='word_1_206' title='bbox 1392 3795 1592 3888; x_wconf 85' lang='lat' dir='ltr'><strong>explicatio,</strong></span> 
     </span>
     <span class='ocr_line' id='line_1_31' title="bbox 602 3887 1588 3986; baseline 0.014 -31"><span class='ocrx_word' id='word_1_207' title='bbox 602 3894 685 3982; x_wconf 86' lang='lat' dir='ltr'><strong>qnia</strong></span> <span class='ocrx_word' id='word_1_208' title='bbox 702 3890 870 3960; x_wconf 88' lang='lat' dir='ltr'><strong>omnibus</strong></span> <span class='ocrx_word' id='word_1_209' title='bbox 890 3887 1216 3980; x_wconf 80' lang='lat' dir='ltr'><strong>temporibushaec</strong></span> <span class='ocrx_word' id='word_1_210' title='bbox 1240 3897 1397 3986; x_wconf 83' lang='lat' dir='ltr'><strong>quaestio</strong></span> <span class='ocrx_word' id='word_1_211' title='bbox 1420 3898 1588 3986; x_wconf 84' lang='lat' dir='ltr'><strong>agitatur:</strong></span> 
     </span>
     <span class='ocr_line' id='line_1_32' title="bbox 602 3991 1588 4089; baseline 0.006 -27"><span class='ocrx_word' id='word_1_212' title='bbox 602 3991 642 4062; x_wconf 85' lang='lat' dir='ltr'><strong>St</strong></span> <span class='ocrx_word' id='word_1_213' title='bbox 678 4004 799 4061; x_wconf 89' lang='lat' dir='ltr'><strong>nostra</strong></span> <span class='ocrx_word' id='word_1_214' title='bbox 831 3991 1015 4080; x_wconf 79' lang='lat' dir='ltr'><strong>diligentia</strong></span> <span class='ocrx_word' id='word_1_215' title='bbox 1049 4015 1123 4089; x_wconf 84' lang='lat' dir='ltr'><strong>non</strong></span> <span class='ocrx_word' id='word_1_216' title='bbox 1155 4011 1308 4066; x_wconf 89' lang='lat' dir='ltr'><strong>merctur</strong></span> <span class='ocrx_word' id='word_1_217' title='bbox 1344 4000 1588 4070; x_wconf 78' lang='lat' dir='ltr'><strong>remissionem</strong></span> 
     </span>
     <span class='ocr_line' id='line_1_33' title="bbox 603 4092 1589 4186; baseline 0.009 -26"><span class='ocrx_word' id='word_1_218' title='bbox 603 4105 848 4184; x_wconf 89' lang='lat' dir='ltr'><strong>peccatorum,</strong></span> <span class='ocrx_word' id='word_1_219' title='bbox 874 4117 936 4162; x_wconf 92' lang='lat' dir='ltr'><strong>cur</strong></span> <span class='ocrx_word' id='word_1_220' title='bbox 960 4092 1145 4182; x_wconf 87' lang='lat' dir='ltr'><strong>disciplina</strong></span> <span class='ocrx_word' id='word_1_221' title='bbox 1168 4096 1370 4186; x_wconf 81' lang='lat' dir='ltr'><strong>flagitatur?</strong></span> <span class='ocrx_word' id='word_1_222' title='bbox 1413 4098 1517 4171; x_wconf 89' lang='lat' dir='ltr'><strong>Item:</strong></span> <span class='ocrx_word' id='word_1_223' title='bbox 1550 4101 1589 4172; x_wconf 86' lang='lat' dir='ltr'><strong>Si</strong></span> 
     </span>
     <span class='ocr_line' id='line_1_34' title="bbox 603 4193 1589 4286; baseline 0.011 -24"><span class='ocrx_word' id='word_1_224' title='bbox 603 4216 678 4262; x_wconf 89' lang='lat' dir='ltr'><strong>nou</strong></span> <span class='ocrx_word' id='word_1_225' title='bbox 694 4216 816 4262; x_wconf 86' lang='lat' dir='ltr'><strong>snmus</strong></span> <span class='ocrx_word' id='word_1_226' title='bbox 828 4193 915 4266; x_wconf 68' lang='lat' dir='ltr'><strong>,iusti</strong></span> <span class='ocrx_word' id='word_1_227' title='bbox 933 4206 1077 4284; x_wconf 91' lang='lat' dir='ltr'><strong>propter</strong></span> <span class='ocrx_word' id='word_1_228' title='bbox 1093 4210 1231 4266; x_wconf 89' lang='lat' dir='ltr'><strong>nostras</strong></span> <span class='ocrx_word' id='word_1_229' title='bbox 1248 4199 1406 4286; x_wconf 88' lang='lat' dir='ltr'><strong>virtutes,</strong></span> <span class='ocrx_word' id='word_1_230' title='bbox 1434 4226 1498 4272; x_wconf 90' lang='lat' dir='ltr'><strong>cur</strong></span> <span class='ocrx_word' id='word_1_231' title='bbox 1515 4226 1589 4274; x_wconf 92' lang='lat' dir='ltr'><strong>non</strong></span> 
     </span>
     <span class='ocr_line' id='line_1_35' title="bbox 604 4295 1590 4386; baseline 0.012 -22"><span class='ocrx_word' id='word_1_232' title='bbox 604 4295 810 4364; x_wconf 88' lang='lat' dir='ltr'><strong>conceditur</strong></span> <span class='ocrx_word' id='word_1_233' title='bbox 824 4295 965 4364; x_wconf 90' lang='lat' dir='ltr'><strong>licentia</strong></span> <span class='ocrx_word' id='word_1_234' title='bbox 980 4297 1259 4386; x_wconf 82' lang='lat' dir='ltr'><strong>cupiditatibus?</strong></span> <span class='ocrx_word' id='word_1_235' title='bbox 1295 4300 1376 4373; x_wconf 91' lang='lat' dir='ltr'><strong>ldeo</strong></span> <span class='ocrx_word' id='word_1_236' title='bbox 1392 4305 1497 4375; x_wconf 87' lang='lat' dir='ltr'><strong>initio</strong></span> <span class='ocrx_word' id='word_1_237' title='bbox 1518 4321 1590 4377; x_wconf 87' lang='lat' dir='ltr'><strong>ter·</strong></span> 
     </span>
     <span class='ocr_line' id='line_1_36' title="bbox 604 4391 1589 4495; baseline 0.009 -27"><span class='ocrx_word' id='word_1_238' title='bbox 604 4397 644 4468; x_wconf 88' lang='lat' dir='ltr'><strong>tii</strong></span> <span class='ocrx_word' id='word_1_239' title='bbox 659 4391 791 4485; x_wconf 85' lang='lat' dir='ltr'><strong>Capitis</strong></span> <span class='ocrx_word' id='word_1_240' title='bbox 808 4409 927 4468; x_wconf 87' lang='lat' dir='ltr'><strong>movet</strong></span> <span class='ocrx_word' id='word_1_241' title='bbox 944 4391 1037 4466; x_wconf 89' lang='lat' dir='ltr'><strong>hanc</strong></span> <span class='ocrx_word' id='word_1_242' title='bbox 1054 4401 1294 4489; x_wconf 89' lang='lat' dir='ltr'><strong>quaestionem</strong></span> <span class='ocrx_word' id='word_1_243' title='bbox 1312 4402 1464 4478; x_wconf 89' lang='lat' dir='ltr'><strong>Paulus:</strong></span> <span class='ocrx_word' id='word_1_244' title='bbox 1490 4405 1589 4495; x_wconf 88' lang='lat' dir='ltr'><strong>Quid</strong></span> 
     </span>
     <span class='ocr_line' id='line_1_37' title="bbox 604 4491 1589 4596; baseline 0.011 -30"><span class='ocrx_word' id='word_1_245' title='bbox 604 4497 713 4585; x_wconf 79' lang='lat' dir='ltr'><strong>igitur</strong></span> <span class='ocrx_word' id='word_1_246' title='bbox 732 4491 838 4569; x_wconf 91' lang='lat' dir='ltr'><strong>habet</strong></span> <span class='ocrx_word' id='word_1_247' title='bbox 858 4495 1025 4578; x_wconf 84' lang='lat' dir='ltr'><strong>ludaeos,</strong></span> <span class='ocrx_word' id='word_1_248' title='bbox 1052 4525 1123 4591; x_wconf 92' lang='lat' dir='ltr'><strong>quo</strong></span> <span class='ocrx_word' id='word_1_249' title='bbox 1145 4504 1354 4574; x_wconf 86' lang='lat' dir='ltr'><strong>antecellat?</strong></span> <span class='ocrx_word' id='word_1_250' title='bbox 1390 4506 1511 4596; x_wconf 87' lang='lat' dir='ltr'><strong>Quare</strong></span> <span class='ocrx_word' id='word_1_251' title='bbox 1534 4510 1589 4577; x_wconf 85' lang='lat' dir='ltr'><strong>lex</strong></span> 
     </span>
     <span class='ocr_line' id='line_1_38' title="bbox 605 4598 1591 4690; baseline 0.01 -23"><span class='ocrx_word' id='word_1_252' title='bbox 605 4603 685 4668; x_wconf 90' lang='lat' dir='ltr'><strong>data</strong></span> <span class='ocrx_word' id='word_1_253' title='bbox 717 4599 799 4668; x_wconf 83' lang='lat' dir='ltr'><strong>est?</strong></span> <span class='ocrx_word' id='word_1_254' title='bbox 845 4598 965 4687; x_wconf 89' lang='lat' dir='ltr'><strong>Quare</strong></span> <span class='ocrx_word' id='word_1_255' title='bbox 998 4600 1121 4690; x_wconf 87' lang='lat' dir='ltr'><strong>politia</strong></span> <span class='ocrx_word' id='word_1_256' title='bbox 1154 4602 1263 4675; x_wconf 90' lang='lat' dir='ltr'><strong>Moisi</strong></span> <span class='ocrx_word' id='word_1_257' title='bbox 1292 4610 1482 4680; x_wconf 88' lang='lat' dir='ltr'><strong>constituta</strong></span> <span class='ocrx_word' id='word_1_258' title='bbox 1515 4609 1591 4681; x_wconf 82' lang='lat' dir='ltr'><strong>est?</strong></span> 
     </span>
     <span class='ocr_line' id='line_1_39' title="bbox 605 4698 1588 4792; baseline 0.01 -23"><span class='ocrx_word' id='word_1_259' title='bbox 605 4698 726 4788; x_wconf 90' lang='lat' dir='ltr'><strong>Quare</strong></span> <span class='ocrx_word' id='word_1_260' title='bbox 743 4700 896 4770; x_wconf 90' lang='lat' dir='ltr'><strong>dicimur</strong></span> <span class='ocrx_word' id='word_1_261' title='bbox 920 4703 1071 4792; x_wconf 91' lang='lat' dir='ltr'><strong>populus</strong></span> <span class='ocrx_word' id='word_1_262' title='bbox 1089 4704 1178 4788; x_wconf 91' lang='lat' dir='ltr'><strong>Dei,</strong></span> <span class='ocrx_word' id='word_1_263' title='bbox 1208 4707 1238 4774; x_wconf 90' lang='lat' dir='ltr'><strong>si</strong></span> <span class='ocrx_word' id='word_1_264' title='bbox 1262 4731 1336 4776; x_wconf 94' lang='lat' dir='ltr'><strong>non</strong></span> <span class='ocrx_word' id='word_1_265' title='bbox 1359 4732 1482 4780; x_wconf 89' lang='lat' dir='ltr'><strong>sumus</strong></span> <span class='ocrx_word' id='word_1_266' title='bbox 1505 4711 1588 4781; x_wconf 93' lang='lat' dir='ltr'><strong>iusti</strong></span> 
     </span>
     <span class='ocr_line' id='line_1_40' title="bbox 605 4797 1590 4898; baseline 0.012 -28"><span class='ocrx_word' id='word_1_267' title='bbox 605 4797 671 4870; x_wconf 90' lang='lat' dir='ltr'><strong>hac</strong></span> <span class='ocrx_word' id='word_1_268' title='bbox 693 4801 965 4871; x_wconf 83' lang='lat' dir='ltr'><strong>observatione?</strong></span> <span class='ocrx_word' id='word_1_269' title='bbox 1000 4801 1055 4876; x_wconf 89' lang='lat' dir='ltr'><strong>De</strong></span> <span class='ocrx_word' id='word_1_270' title='bbox 1077 4801 1135 4874; x_wconf 89' lang='lat' dir='ltr'><strong>his</strong></span> <span class='ocrx_word' id='word_1_271' title='bbox 1160 4810 1427 4898; x_wconf 90' lang='lat' dir='ltr'><strong>quaestionibus</strong></span> <span class='ocrx_word' id='word_1_272' title='bbox 1450 4837 1590 4884; x_wconf 90' lang='lat' dir='ltr'><strong>necesse</strong></span> 
     </span>
     <span class='ocr_line' id='line_1_41' title="bbox 603 4897 1589 5001; baseline 0.012 -29"><span class='ocrx_word' id='word_1_273' title='bbox 603 4902 706 4972; x_wconf 88' lang='lat' dir='ltr'><strong>estin</strong></span> <span class='ocrx_word' id='word_1_274' title='bbox 724 4897 882 4972; x_wconf 83' lang='lat' dir='ltr'><strong>Ecclesia</strong></span> <span class='ocrx_word' id='word_1_275' title='bbox 898 4917 1015 4972; x_wconf 82' lang='lat' dir='ltr'><strong>extare</strong></span> <span class='ocrx_word' id='word_1_276' title='bbox 1031 4930 1149 4976; x_wconf 90' lang='lat' dir='ltr'><strong>veram</strong></span> <span class='ocrx_word' id='word_1_277' title='bbox 1167 4921 1200 4976; x_wconf 89' lang='lat' dir='ltr'><strong>et</strong></span> <span class='ocrx_word' id='word_1_278' title='bbox 1217 4913 1436 5001; x_wconf 87' lang='lat' dir='ltr'><strong>perspicuam</strong></span> <span class='ocrx_word' id='word_1_279' title='bbox 1455 4916 1589 4986; x_wconf 90' lang='lat' dir='ltr'><strong>doctri·</strong></span> 
     </span>
     <span class='ocr_line' id='line_1_42' title="bbox 560 4981 1589 5104; baseline 0.022 -42"><span class='ocrx_word' id='word_1_280' title='bbox 560 4981 706 5087; x_wconf 59' lang='lat' dir='ltr'><strong>¹haam,</strong></span> <span class='ocrx_word' id='word_1_281' title='bbox 733 5015 766 5070; x_wconf 89' lang='lat' dir='ltr'><strong>et</strong></span> <span class='ocrx_word' id='word_1_282' title='bbox 783 5002 843 5071; x_wconf 88' lang='lat' dir='ltr'><strong>illa</strong></span> <span class='ocrx_word' id='word_1_283' title='bbox 862 5017 949 5073; x_wconf 90' lang='lat' dir='ltr'><strong>tetra</strong></span> <span class='ocrx_word' id='word_1_284' title='bbox 972 5005 1201 5077; x_wconf 85' lang='lat' dir='ltr'><strong>deliramenta</strong></span> <span class='ocrx_word' id='word_1_285' title='bbox 1217 5012 1335 5097; x_wconf 90' lang='lat' dir='ltr'><strong>reiici,</strong></span> <span class='ocrx_word' id='word_1_286' title='bbox 1363 5039 1453 5104; x_wconf 91' lang='lat' dir='ltr'><strong>quae</strong></span> <span class='ocrx_word' id='word_1_287' title='bbox 1478 5018 1589 5085; x_wconf 84' lang='lat' dir='ltr'><strong>finxe-</strong></span> 
     </span>
     <span class='ocr_line' id='line_1_43' title="bbox 604 5101 1590 5197; baseline 0.012 -23"><span class='ocrx_word' id='word_1_288' title='bbox 604 5117 689 5174; x_wconf 91' lang='lat' dir='ltr'><strong>runt</strong></span> <span class='ocrx_word' id='word_1_289' title='bbox 703 5117 772 5172; x_wconf 90' lang='lat' dir='ltr'><strong>tres</strong></span> <span class='ocrx_word' id='word_1_290' title='bbox 786 5103 893 5193; x_wconf 82' lang='lat' dir='ltr'><strong>leges:</strong></span> <span class='ocrx_word' id='word_1_291' title='bbox 922 5101 1076 5174; x_wconf 84' lang='lat' dir='ltr'><strong>Primam</strong></span> <span class='ocrx_word' id='word_1_292' title='bbox 1094 5107 1266 5197; x_wconf 89' lang='lat' dir='ltr'><strong>Naturae,</strong></span> <span class='ocrx_word' id='word_1_293' title='bbox 1292 5119 1483 5186; x_wconf 88' lang='lat' dir='ltr'><strong>secundam</strong></span> <span class='ocrx_word' id='word_1_294' title='bbox 1492 5118 1590 5188; x_wconf 88' lang='lat' dir='ltr'><strong>Moi-</strong></span> 
     </span>
     <span class='ocr_line' id='line_1_44' title="bbox 492 5203 1597 5312; baseline 0.018 -42"><span class='ocrx_word' id='word_1_295' title='bbox 492 5225 496 5242; x_wconf 87' lang='lat'><em>·</em></span> <span class='ocrx_word' id='word_1_296' title='bbox 604 5206 655 5287; x_wconf 90' lang='lat' dir='ltr'><strong>si,</strong></span> <span class='ocrx_word' id='word_1_297' title='bbox 693 5204 832 5272; x_wconf 86' lang='lat' dir='ltr'><strong>tertiam</strong></span> <span class='ocrx_word' id='word_1_298' title='bbox 860 5203 1136 5294; x_wconf 83' lang='lat' dir='ltr'><strong>Evangelicarn,</strong></span> <span class='ocrx_word' id='word_1_299' title='bbox 1178 5229 1212 5284; x_wconf 91' lang='lat' dir='ltr'><strong>et</strong></span> <span class='ocrx_word' id='word_1_300' title='bbox 1241 5217 1401 5312; x_wconf 82' lang='lat' dir='ltr'><strong>quolibet</strong></span> <span class='ocrx_word' id='word_1_301' title='bbox 1431 5233 1597 5310; x_wconf 87' lang='lat' dir='ltr'><strong>tempore</strong></span> 
     </span>
     <span class='ocr_line' id='line_1_45' title="bbox 604 5301 1589 5394; baseline 0.017 -21"><span class='ocrx_word' id='word_1_302' title='bbox 604 5301 768 5375; x_wconf 91' lang='lat' dir='ltr'><strong>homines</strong></span> <span class='ocrx_word' id='word_1_303' title='bbox 783 5330 865 5375; x_wconf 90' lang='lat' dir='ltr'><strong>suae</strong></span> <span class='ocrx_word' id='word_1_304' title='bbox 882 5307 966 5391; x_wconf 84' lang='lat' dir='ltr'><strong>legis</strong></span> <span class='ocrx_word' id='word_1_305' title='bbox 982 5309 1226 5385; x_wconf 89' lang='lat' dir='ltr'><strong>observatione</strong></span> <span class='ocrx_word' id='word_1_306' title='bbox 1241 5317 1352 5388; x_wconf 87' lang='lat' dir='ltr'><strong>iustos</strong></span> <span class='ocrx_word' id='word_1_307' title='bbox 1367 5319 1486 5394; x_wconf 82' lang='lat' dir='ltr'><strong>fuisse.</strong></span> <span class='ocrx_word' id='word_1_308' title='bbox 1511 5322 1589 5390; x_wconf 83' lang='lat' dir='ltr'><strong>Ad-</strong></span> 
     </span>
     <span class='ocr_line' id='line_1_46' title="bbox 607 5402 1588 5512; baseline 0.019 -38"><span class='ocrx_word' id='word_1_309' title='bbox 607 5430 726 5478; x_wconf 81' lang='lat' dir='ltr'><strong>versus</strong></span> <span class='ocrx_word' id='word_1_310' title='bbox 744 5402 808 5476; x_wconf 91' lang='lat' dir='ltr'><strong>bos</strong></span> <span class='ocrx_word' id='word_1_311' title='bbox 828 5409 1042 5494; x_wconf 87' lang='lat' dir='ltr'><strong>perniciosos</strong></span> <span class='ocrx_word' id='word_1_312' title='bbox 1057 5436 1192 5484; x_wconf 89' lang='lat' dir='ltr'><strong>errores</strong></span> <span class='ocrx_word' id='word_1_313' title='bbox 1212 5419 1407 5504; x_wconf 89' lang='lat' dir='ltr'><strong>sciendum,</strong></span> <span class='ocrx_word' id='word_1_314' title='bbox 1432 5434 1588 5512; x_wconf 91' lang='lat' dir='ltr'><strong>utsaepe</strong></span> 
     </span>
     <span class='ocr_line' id='line_1_47' title="bbox 604 5506 1589 5608; baseline 0.014 -30"><span class='ocrx_word' id='word_1_315' title='bbox 604 5509 762 5591; x_wconf 89' lang='lat' dir='ltr'><strong>dicitur,</strong></span> <span class='ocrx_word' id='word_1_316' title='bbox 800 5506 914 5579; x_wconf 87' lang='lat' dir='ltr'><strong>Unam</strong></span> <span class='ocrx_word' id='word_1_317' title='bbox 949 5533 1022 5578; x_wconf 89' lang='lat' dir='ltr'><strong>esse</strong></span> <span class='ocrx_word' id='word_1_318' title='bbox 1049 5527 1225 5586; x_wconf 87' lang='lat' dir='ltr'><strong>aeternam</strong></span> <span class='ocrx_word' id='word_1_319' title='bbox 1262 5521 1374 5608; x_wconf 83' lang='lat' dir='ltr'><strong>legem</strong></span> <span class='ocrx_word' id='word_1_320' title='bbox 1407 5525 1589 5608; x_wconf 87' lang='lat' dir='ltr'><strong>moralem,</strong></span> 
     </span>
     <span class='ocr_line' id='line_1_48' title="bbox 604 5615 1586 5705; baseline 0.018 -28"><span class='ocrx_word' id='word_1_321' title='bbox 604 5635 693 5702; x_wconf 91' lang='lat' dir='ltr'><strong>quae</strong></span> <span class='ocrx_word' id='word_1_322' title='bbox 716 5624 854 5680; x_wconf 88' lang='lat' dir='ltr'><strong>accusat</strong></span> <span class='ocrx_word' id='word_1_323' title='bbox 878 5626 1055 5699; x_wconf 89' lang='lat' dir='ltr'><strong>peccatum</strong></span> <span class='ocrx_word' id='word_1_324' title='bbox 1080 5615 1118 5684; x_wconf 93' lang='lat' dir='ltr'><strong>in</strong></span> <span class='ocrx_word' id='word_1_325' title='bbox 1141 5620 1329 5705; x_wconf 87' lang='lat' dir='ltr'><strong>omnibus,</strong></span> <span class='ocrx_word' id='word_1_326' title='bbox 1368 5625 1468 5693; x_wconf 90' lang='lat' dir='ltr'><strong>omni</strong></span> <span class='ocrx_word' id='word_1_327' title='bbox 1496 5639 1586 5696; x_wconf 87' lang='lat' dir='ltr'><strong>tem·</strong></span> 
     </span>
     <span class='ocr_line' id='line_1_49' title="bbox 605 5713 1587 5811; baseline 0.023 -36"><span class='ocrx_word' id='word_1_328' title='bbox 605 5735 704 5801; x_wconf 83' lang='lat' dir='ltr'><strong>pore:</strong></span> <span class='ocrx_word' id='word_1_329' title='bbox 732 5733 796 5780; x_wconf 88' lang='lat' dir='ltr'><strong>nec</strong></span> <span class='ocrx_word' id='word_1_330' title='bbox 821 5726 937 5802; x_wconf 90' lang='lat' dir='ltr'><strong>patres</strong></span> <span class='ocrx_word' id='word_1_331' title='bbox 961 5713 1067 5785; x_wconf 89' lang='lat' dir='ltr'><strong>fuisse</strong></span> <span class='ocrx_word' id='word_1_332' title='bbox 1084 5716 1200 5787; x_wconf 56' lang='lat' dir='ltr'><strong>eirrstos</strong></span> <span class='ocrx_word' id='word_1_333' title='bbox 1222 5722 1318 5811; x_wconf 77' lang='lat' dir='ltr'><strong>lege,</strong></span> <span class='ocrx_word' id='word_1_334' title='bbox 1344 5726 1403 5794; x_wconf 89' lang='lat' dir='ltr'><strong>sed</strong></span> <span class='ocrx_word' id='word_1_335' title='bbox 1426 5727 1495 5796; x_wconf 88' lang='lat' dir='ltr'><strong>fide</strong></span> <span class='ocrx_word' id='word_1_336' title='bbox 1513 5751 1587 5798; x_wconf 88' lang='lat' dir='ltr'><strong>me·</strong></span> 
     </span>
     <span class='ocr_line' id='line_1_50' title="bbox 604 5812 1464 5913; baseline 0.022 -33"><span class='ocrx_word' id='word_1_337' title='bbox 604 5812 767 5892; x_wconf 70' lang='lat' dir='ltr'><strong>dictoris,</strong></span> <span class='ocrx_word' id='word_1_338' title='bbox 795 5837 899 5904; x_wconf 89' lang='lat' dir='ltr'><strong>quern</strong></span> <span class='ocrx_word' id='word_1_339' title='bbox 915 5838 956 5884; x_wconf 83' lang='lat' dir='ltr'><strong>ex</strong></span> <span class='ocrx_word' id='word_1_340' title='bbox 970 5817 1202 5906; x_wconf 80' lang='lat' dir='ltr'><strong>prontissione</strong></span> <span class='ocrx_word' id='word_1_341' title='bbox 1218 5828 1464 5913; x_wconf 82' lang='lat' dir='ltr'><strong>agnoscebant.</strong></span> 
     </span>
    </p>
   </div>
   <div class='ocr_carea' id='block_1_7' title="bbox 1631 4393 1637 4423">
    <p class='ocr_par' dir='ltr' id='par_1_7' title="bbox 1631 4393 1637 4423">
     <span class='ocr_line' id='line_1_51' title="bbox 1631 4393 1637 4423; baseline 0 0"><span class='ocrx_word' id='word_1_342' title='bbox 1631 4393 1637 4423; x_wconf 89' lang='lat' dir='ltr'><strong>f</strong></span> 
     </span>
    </p>
   </div>
   <div class='ocr_carea' id='block_1_8' title="bbox 1189 657 2025 758">
    <p class='ocr_par' dir='ltr' id='par_1_8' title="bbox 1189 657 2025 758">
     <span class='ocr_line' id='line_1_52' title="bbox 1189 657 2025 758; baseline 0.02 -24"><span class='ocrx_word' id='word_1_343' title='bbox 1189 657 1321 755; x_wconf 71' lang='lat' dir='ltr'><strong>effla,</strong></span> <span class='ocrx_word' id='word_1_344' title='bbox 1339 657 1458 747; x_wconf 66' lang='lat' dir='ltr'><strong>MEL-</strong></span> <span class='ocrx_word' id='word_1_345' title='bbox 1483 660 1701 758; x_wconf 64' lang='lat' dir='ltr'><strong>muttit</strong></span> <span class='ocrx_word' id='word_1_346' title='bbox 1722 664 2025 752; x_wconf 65' lang='lat' dir='ltr'><strong>semustas</strong></span> 
     </span>
    </p>
   </div>
   <div class='ocr_carea' id='block_1_9' title="bbox 586 814 1609 927">
    <p class='ocr_par' dir='ltr' id='par_1_9' title="bbox 586 814 1609 927">
     <span class='ocr_line' id='line_1_53' title="bbox 586 814 1609 927; baseline 0.002 -18"><span class='ocrx_word' id='word_1_347' title='bbox 586 840 615 915; x_wconf 86' lang='lat' dir='ltr'><strong>si</strong></span> <span class='ocrx_word' id='word_1_348' title='bbox 641 839 748 916; x_wconf 83' lang='lat' dir='ltr'><strong>coede</strong></span> <span class='ocrx_word' id='word_1_349' title='bbox 771 814 1079 926; x_wconf 49' lang='lat' dir='ltr'><strong>congruant&#39;crim</strong></span> <span class='ocrx_word' id='word_1_350' title='bbox 1101 834 1177 927; x_wconf 80' lang='lat' dir='ltr'><strong>lege</strong></span> <span class='ocrx_word' id='word_1_351' title='bbox 1199 834 1278 908; x_wconf 84' lang='lat' dir='ltr'><strong>Dei.</strong></span> <span class='ocrx_word' id='word_1_352' title='bbox 1343 834 1575 911; x_wconf 88' lang='lat' dir='ltr'><strong>Circumcisio</strong></span> <span class='ocrx_word' id='word_1_353' title='bbox 1606 826 1609 834; x_wconf 46' lang='lat'>¹</span> 
     </span>
    </p>
   </div>
   <div class='ocr_carea' id='block_1_10' title="bbox 1787 960 2506 1219">
    <p class='ocr_par' dir='ltr' id='par_1_10' title="bbox 1787 960 2506 1219">
     <span class='ocr_line' id='line_1_54' title="bbox 2021 960 2266 1075; baseline 0.033 -25"><span class='ocrx_word' id='word_1_354' title='bbox 2021 960 2169 1075; x_wconf 70' lang='lat' dir='ltr'><strong>Caput</strong></span> <span class='ocrx_word' id='word_1_355' title='bbox 2189 966 2266 1058; x_wconf 85' lang='lat'><strong>111.</strong></span> 
     </span>
     <span class='ocr_line' id='line_1_55' title="bbox 1787 1114 2506 1219; baseline 0.031 -30"><span class='ocrx_word' id='word_1_356' title='bbox 1787 1114 1875 1219; x_wconf 84' lang='lat' dir='ltr'><strong>Qua</strong></span> <span class='ocrx_word' id='word_1_357' title='bbox 1893 1117 2012 1219; x_wconf 73' lang='lat' dir='ltr'><strong>igilur</strong></span> <span class='ocrx_word' id='word_1_358' title='bbox 2028 1152 2065 1198; x_wconf 82' lang='lat' dir='ltr'><strong>re</strong></span> <span class='ocrx_word' id='word_1_359' title='bbox 2078 1128 2267 1208; x_wconf 79' lang='lat' dir='ltr'><strong>antecellit</strong></span> <span class='ocrx_word' id='word_1_360' title='bbox 2285 1126 2469 1209; x_wconf 75' lang='lat' dir='ltr'><strong>Iudaeis-²</strong></span> <span class='ocrx_word' id='word_1_361' title='bbox 2501 1142 2506 1149; x_wconf 83' lang='lat'>&#39;</span> 
     </span>
    </p>
   </div>
   <div class='ocr_carea' id='block_1_11' title="bbox 1633 1266 2605 1895">
    <p class='ocr_par' dir='ltr' id='par_1_11' title="bbox 1633 1266 2605 1895">
     <span class='ocr_line' id='line_1_56' title="bbox 1734 1266 2604 1382; baseline 0.023 -37"><span class='ocrx_word' id='word_1_362' title='bbox 1734 1266 1867 1345; x_wconf 87' lang='lat' dir='ltr'><strong>Obiter</strong></span> <span class='ocrx_word' id='word_1_363' title='bbox 1882 1275 2016 1351; x_wconf 81' lang='lat' dir='ltr'><strong>inserta</strong></span> <span class='ocrx_word' id='word_1_364' title='bbox 2031 1297 2093 1382; x_wconf 31' lang='lat' dir='ltr'><strong>est·</strong></span> <span class='ocrx_word' id='word_1_365' title='bbox 2109 1290 2287 1381; x_wconf 78' lang='lat' dir='ltr'><strong>quaestio.</strong></span> <span class='ocrx_word' id='word_1_366' title='bbox 2337 1285 2386 1362; x_wconf 82' lang='lat' dir='ltr'><strong>Et</strong></span> <span class='ocrx_word' id='word_1_367' title='bbox 2406 1294 2538 1363; x_wconf 88' lang='lat' dir='ltr'><strong>occasio</strong></span> <span class='ocrx_word' id='word_1_368' title='bbox 2558 1293 2604 1365; x_wconf 86' lang='lat' dir='ltr'><strong>di-</strong></span> 
     </span>
     <span class='ocr_line' id='line_1_57' title="bbox 1633 1374 2605 1484; baseline 0.024 -40"><span class='ocrx_word' id='word_1_369' title='bbox 1633 1374 1785 1461; x_wconf 71' lang='lat' dir='ltr'><strong>ligenter</strong></span> <span class='ocrx_word' id='word_1_370' title='bbox 1812 1378 2034 1453; x_wconf 84' lang='lat' dir='ltr'><strong>observanda</strong></span> <span class='ocrx_word' id='word_1_371' title='bbox 2067 1396 2145 1472; x_wconf 71' lang='lat' dir='ltr'><strong>eat,</strong></span> <span class='ocrx_word' id='word_1_372' title='bbox 2187 1416 2294 1484; x_wconf 83' lang='lat' dir='ltr'><strong>quarn</strong></span> <span class='ocrx_word' id='word_1_373' title='bbox 2324 1394 2480 1470; x_wconf 89' lang='lat' dir='ltr'><strong>recitavi.</strong></span> <span class='ocrx_word' id='word_1_374' title='bbox 2531 1394 2605 1468; x_wconf 90' lang='lat' dir='ltr'><strong>lude</strong></span> 
     </span>
     <span class='ocr_line' id='line_1_58' title="bbox 1636 1474 2605 1578; baseline 0.023 -31"><span class='ocrx_word' id='word_1_375' title='bbox 1636 1478 1732 1547; x_wconf 88' lang='lat' dir='ltr'><strong>enim</strong></span> <span class='ocrx_word' id='word_1_376' title='bbox 1745 1476 1861 1549; x_wconf 89' lang='lat' dir='ltr'><strong>oritur</strong></span> <span class='ocrx_word' id='word_1_377' title='bbox 1875 1474 1962 1551; x_wconf 86' lang='lat' dir='ltr'><strong>hsec</strong></span> <span class='ocrx_word' id='word_1_378' title='bbox 1978 1489 2151 1578; x_wconf 81' lang='lat' dir='ltr'><strong>qaeestio.</strong></span> <span class='ocrx_word' id='word_1_379' title='bbox 2199 1490 2438 1565; x_wconf 79' lang='lat' dir='ltr'><strong>Cures-ludaei</strong></span> <span class='ocrx_word' id='word_1_380' title='bbox 2454 1520 2525 1567; x_wconf 93' lang='lat' dir='ltr'><strong>non</strong></span> <span class='ocrx_word' id='word_1_381' title='bbox 2544 1523 2605 1568; x_wconf 72' lang='lat' dir='ltr'><strong>me</strong></span> 
     </span>
     <span class='ocr_line' id='line_1_59' title="bbox 1633 1582 2605 1688; baseline 0.024 -39"><span class='ocrx_word' id='word_1_382' title='bbox 1633 1592 1781 1649; x_wconf 85' lang='lat' dir='ltr'><strong>reantur</strong></span> <span class='ocrx_word' id='word_1_383' title='bbox 1806 1582 2076 1669; x_wconf 72' lang='lat' dir='ltr'><strong>rernissiurenr,</strong></span> <span class='ocrx_word' id='word_1_384' title='bbox 2118 1616 2185 1662; x_wconf 91' lang='lat' dir='ltr'><strong>nec</strong></span> <span class='ocrx_word' id='word_1_385' title='bbox 2209 1595 2282 1666; x_wconf 87' lang='lat' dir='ltr'><strong>sint</strong></span> <span class='ocrx_word' id='word_1_386' title='bbox 2308 1596 2393 1668; x_wconf 86' lang='lat' dir='ltr'><strong>iusti</strong></span> <span class='ocrx_word' id='word_1_387' title='bbox 2426 1600 2516 1688; x_wconf 69' lang='lat' dir='ltr'><strong>tege,</strong></span> <span class='ocrx_word' id='word_1_388' title='bbox 2552 1624 2605 1671; x_wconf 88' lang='lat' dir='ltr'><strong>cur</strong></span> 
     </span>
     <span class='ocr_line' id='line_1_60' title="bbox 1636 1683 2599 1789; baseline 0.025 -40"><span class='ocrx_word' id='word_1_389' title='bbox 1636 1685 1716 1750; x_wconf 89' lang='lat' dir='ltr'><strong>data</strong></span> <span class='ocrx_word' id='word_1_390' title='bbox 1744 1692 1796 1751; x_wconf 87' lang='lat' dir='ltr'><strong>est</strong></span> <span class='ocrx_word' id='word_1_391' title='bbox 1819 1683 1925 1753; x_wconf 78' lang='lat' dir='ltr'><strong>Lex-&#39;f</strong></span> <span class='ocrx_word' id='word_1_392' title='bbox 1961 1702 1996 1759; x_wconf 90' lang='lat' dir='ltr'><strong>et</strong></span> <span class='ocrx_word' id='word_1_393' title='bbox 2029 1714 2101 1783; x_wconf 88' lang='lat' dir='ltr'><strong>qua</strong></span> <span class='ocrx_word' id='word_1_394' title='bbox 2126 1718 2164 1762; x_wconf 90' lang='lat' dir='ltr'><strong>re.</strong></span> <span class='ocrx_word' id='word_1_395' title='bbox 2186 1699 2405 1770; x_wconf 87' lang='lat' dir='ltr'><strong>antecellunt</strong></span> <span class='ocrx_word' id='word_1_396' title='bbox 2431 1699 2599 1789; x_wconf 79' lang='lat' dir='ltr'><strong>(lentibus,</strong></span> 
     </span>
     <span class='ocr_line' id='line_1_61' title="bbox 1636 1785 2585 1895; baseline 0.022 -41"><span class='ocrx_word' id='word_1_397' title='bbox 1636 1785 1733 1854; x_wconf 90' lang='lat' dir='ltr'><strong>unde</strong></span> <span class='ocrx_word' id='word_1_398' title='bbox 1751 1785 1869 1874; x_wconf 88' lang='lat' dir='ltr'><strong>potius</strong></span> <span class='ocrx_word' id='word_1_399' title='bbox 1883 1786 1951 1879; x_wconf 88' lang='lat' dir='ltr'><strong>ipsi</strong></span> <span class='ocrx_word' id='word_1_400' title='bbox 1961 1792 2041 1863; x_wconf 81' lang='lat' dir='ltr'><strong>sint</strong></span> <span class='ocrx_word' id='word_1_401' title='bbox 2056 1797 2315 1887; x_wconf 74' lang='lat' dir='ltr'><strong>populusllei,</strong></span> <span class='ocrx_word' id='word_1_402' title='bbox 2332 1823 2440 1895; x_wconf 84' lang='lat' dir='ltr'><strong>quarn</strong></span> <span class='ocrx_word' id='word_1_403' title='bbox 2453 1799 2585 1875; x_wconf 86' lang='lat' dir='ltr'><strong>Gentes.</strong></span> 
     </span>
    </p>
   </div>
   <div class='ocr_carea' id='block_1_12' title="bbox 1640 1913 2629 4150">
    <p class='ocr_par' dir='ltr' id='par_1_12' title="bbox 1640 1913 2629 4150">
     <span class='ocr_line' id='line_1_62' title="bbox 1739 1913 2605 2030; baseline 0.031 -46"><span class='ocrx_word' id='word_1_404' title='bbox 1739 1913 1797 1997; x_wconf 85' lang='lat' dir='ltr'><strong>De</strong></span> <span class='ocrx_word' id='word_1_405' title='bbox 1808 1913 1875 1995; x_wconf 80' lang='lat' dir='ltr'><strong>hec</strong></span> <span class='ocrx_word' id='word_1_406' title='bbox 1892 1926 2096 2014; x_wconf 89' lang='lat' dir='ltr'><strong>quaestione</strong></span> <span class='ocrx_word' id='word_1_407' title='bbox 2113 1923 2305 2022; x_wconf 82' lang='lat' dir='ltr'><strong>dupliciter</strong></span> <span class='ocrx_word' id='word_1_408' title='bbox 2316 1938 2516 2030; x_wconf 84' lang='lat' dir='ltr'><strong>respondet.</strong></span> <span class='ocrx_word' id='word_1_409' title='bbox 2545 1936 2605 2013; x_wconf 82' lang='lat' dir='ltr'><strong>ile-</strong></span> 
     </span>
     <span class='ocr_line' id='line_1_63' title="bbox 1640 2020 2604 2130; baseline 0.025 -41"><span class='ocrx_word' id='word_1_410' title='bbox 1640 2031 1730 2090; x_wconf 85' lang='lat' dir='ltr'><strong>trnet</strong></span> <span class='ocrx_word' id='word_1_411' title='bbox 1748 2020 1843 2089; x_wconf 89' lang='lat' dir='ltr'><strong>enim</strong></span> <span class='ocrx_word' id='word_1_412' title='bbox 1860 2044 1960 2093; x_wconf 91' lang='lat' dir='ltr'><strong>suam</strong></span> <span class='ocrx_word' id='word_1_413' title='bbox 1976 2030 2276 2121; x_wconf 86' lang='lat' dir='ltr'><strong>propositionem,</strong></span> <span class='ocrx_word' id='word_1_414' title='bbox 2302 2041 2400 2130; x_wconf 90' lang='lat' dir='ltr'><strong>quod</strong></span> <span class='ocrx_word' id='word_1_415' title='bbox 2421 2036 2534 2112; x_wconf 90' lang='lat' dir='ltr'><strong>ludaei</strong></span> <span class='ocrx_word' id='word_1_416' title='bbox 2546 2067 2604 2113; x_wconf 93' lang='lat' dir='ltr'><strong>non</strong></span> 
     </span>
     <span class='ocr_line' id='line_1_64' title="bbox 1640 2129 2628 2228; baseline 0.028 -39"><span class='ocrx_word' id='word_1_417' title='bbox 1640 2135 1846 2193; x_wconf 88' lang='lat' dir='ltr'><strong>mereantur</strong></span> <span class='ocrx_word' id='word_1_418' title='bbox 1888 2129 2133 2202; x_wconf 88' lang='lat' dir='ltr'><strong>remissionem</strong></span> <span class='ocrx_word' id='word_1_419' title='bbox 2169 2149 2422 2228; x_wconf 81' lang='lat' dir='ltr'><strong>peccatorum,</strong></span> <span class='ocrx_word' id='word_1_420' title='bbox 2460 2165 2522 2212; x_wconf 88' lang='lat' dir='ltr'><strong>nee</strong></span> <span class='ocrx_word' id='word_1_421' title='bbox 2542 2143 2628 2216; x_wconf 46' lang='lat' dir='ltr'><strong>&#39;sint‘</strong></span> 
     </span>
     <span class='ocr_line' id='line_1_65' title="bbox 1640 2222 2603 2337; baseline 0.023 -46"><span class='ocrx_word' id='word_1_422' title='bbox 1640 2222 1725 2293; x_wconf 86' lang='lat' dir='ltr'><strong>iusti</strong></span> <span class='ocrx_word' id='word_1_423' title='bbox 1752 2224 1840 2313; x_wconf 79' lang='lat' dir='ltr'><strong>lege.</strong></span> <span class='ocrx_word' id='word_1_424' title='bbox 1892 2225 1962 2298; x_wconf 89' lang='lat' dir='ltr'><strong>Sed</strong></span> <span class='ocrx_word' id='word_1_425' title='bbox 1985 2254 2106 2304; x_wconf 79' lang='lat' dir='ltr'><strong>caessas</strong></span> <span class='ocrx_word' id='word_1_426' title='bbox 2129 2236 2216 2306; x_wconf 87' lang='lat' dir='ltr'><strong>alias</strong></span> <span class='ocrx_word' id='word_1_427' title='bbox 2239 2255 2384 2329; x_wconf 86' lang='lat' dir='ltr'><strong>narrat,</strong></span> <span class='ocrx_word' id='word_1_428' title='bbox 2407 2266 2470 2313; x_wconf 91' lang='lat' dir='ltr'><strong>cur</strong></span> <span class='ocrx_word' id='word_1_429' title='bbox 2489 2247 2603 2337; x_wconf 90' lang='lat' dir='ltr'><strong>pulcer-</strong></span> 
     </span>
     <span class='ocr_line' id='line_1_66' title="bbox 1641 2325 2602 2425; baseline 0.021 -30"><span class='ocrx_word' id='word_1_430' title='bbox 1641 2325 1731 2395; x_wconf 87' lang='lat' dir='ltr'><strong>rima</strong></span> <span class='ocrx_word' id='word_1_431' title='bbox 1752 2326 1814 2394; x_wconf 89' lang='lat' dir='ltr'><strong>illa</strong></span> <span class='ocrx_word' id='word_1_432' title='bbox 1838 2329 1962 2419; x_wconf 89' lang='lat' dir='ltr'><strong>politia</strong></span> <span class='ocrx_word' id='word_1_433' title='bbox 1982 2337 2170 2409; x_wconf 90' lang='lat' dir='ltr'><strong>constituta</strong></span> <span class='ocrx_word' id='word_1_434' title='bbox 2189 2340 2252 2425; x_wconf 90' lang='lat' dir='ltr'><strong>sit,</strong></span> <span class='ocrx_word' id='word_1_435' title='bbox 2279 2340 2313 2415; x_wconf 81' lang='lat' dir='ltr'><strong>et</strong></span> <span class='ocrx_word' id='word_1_436' title='bbox 2337 2344 2434 2415; x_wconf 90' lang='lat' dir='ltr'><strong>unde</strong></span> <span class='ocrx_word' id='word_1_437' title='bbox 2458 2344 2602 2417; x_wconf 83' lang='lat' dir='ltr'><strong>sitlsra‘el</strong></span> 
     </span>
     <span class='ocr_line' id='line_1_67' title="bbox 1642 2427 2603 2537; baseline 0.024 -43"><span class='ocrx_word' id='word_1_438' title='bbox 1642 2428 1794 2519; x_wconf 76' lang='lat' dir='ltr'><strong>populus</strong></span> <span class='ocrx_word' id='word_1_439' title='bbox 1813 2427 1892 2498; x_wconf 89' lang='lat' dir='ltr'><strong>Dei.</strong></span> <span class='ocrx_word' id='word_1_440' title='bbox 1942 2433 1996 2503; x_wconf 82' lang='lat' dir='ltr'><strong>Ac</strong></span> <span class='ocrx_word' id='word_1_441' title='bbox 2019 2439 2171 2527; x_wconf 89' lang='lat' dir='ltr'><strong>primum</strong></span> <span class='ocrx_word' id='word_1_442' title='bbox 2198 2443 2266 2529; x_wconf 91' lang='lat' dir='ltr'><strong>ait,</strong></span> <span class='ocrx_word' id='word_1_443' title='bbox 2289 2460 2452 2537; x_wconf 84' lang='lat' dir='ltr'><strong>posteros</strong></span> <span class='ocrx_word' id='word_1_444' title='bbox 2465 2444 2603 2518; x_wconf 80' lang='lat' dir='ltr'><strong>Abrahae</strong></span> 
     </span>
     <span class='ocr_line' id='line_1_68' title="bbox 1642 2530 2602 2638; baseline 0.023 -41"><span class='ocrx_word' id='word_1_445' title='bbox 1642 2550 1716 2597; x_wconf 90' lang='lat' dir='ltr'><strong>esse</strong></span> <span class='ocrx_word' id='word_1_446' title='bbox 1731 2532 1885 2620; x_wconf 91' lang='lat' dir='ltr'><strong>populus</strong></span> <span class='ocrx_word' id='word_1_447' title='bbox 1901 2530 1984 2621; x_wconf 89' lang='lat' dir='ltr'><strong>Dei,</strong></span> <span class='ocrx_word' id='word_1_448' title='bbox 2012 2542 2094 2632; x_wconf 90' lang='lat' dir='ltr'><strong>quia</strong></span> <span class='ocrx_word' id='word_1_449' title='bbox 2112 2542 2299 2631; x_wconf 86' lang='lat' dir='ltr'><strong>promissio</strong></span> <span class='ocrx_word' id='word_1_450' title='bbox 2318 2546 2408 2638; x_wconf 86' lang='lat' dir='ltr'><strong>ipsis</strong></span> <span class='ocrx_word' id='word_1_451' title='bbox 2426 2552 2542 2620; x_wconf 91' lang='lat' dir='ltr'><strong>tradita</strong></span> <span class='ocrx_word' id='word_1_452' title='bbox 2556 2562 2602 2633; x_wconf 89' lang='lat' dir='ltr'><strong>est,</strong></span> 
     </span>
     <span class='ocr_line' id='line_1_69' title="bbox 1642 2634 2600 2742; baseline 0.019 -42"><span class='ocrx_word' id='word_1_453' title='bbox 1642 2644 1677 2700; x_wconf 91' lang='lat' dir='ltr'><strong>et</strong></span> <span class='ocrx_word' id='word_1_454' title='bbox 1692 2646 1786 2702; x_wconf 88' lang='lat' dir='ltr'><strong>certo</strong></span> <span class='ocrx_word' id='word_1_455' title='bbox 1801 2634 1844 2701; x_wconf 94' lang='lat' dir='ltr'><strong>ad</strong></span> <span class='ocrx_word' id='word_1_456' title='bbox 1863 2658 1924 2703; x_wconf 87' lang='lat' dir='ltr'><strong>eos</strong></span> <span class='ocrx_word' id='word_1_457' title='bbox 1940 2640 2118 2727; x_wconf 73' lang='lat' dir='ltr'><strong>pertinen·</strong></span> <span class='ocrx_word' id='word_1_458' title='bbox 2153 2642 2247 2717; x_wconf 87' lang='lat' dir='ltr'><strong>Sunt</strong></span> <span class='ocrx_word' id='word_1_459' title='bbox 2270 2647 2383 2739; x_wconf 79' lang='lat' dir='ltr'><strong>igitur</strong></span> <span class='ocrx_word' id='word_1_460' title='bbox 2400 2651 2540 2742; x_wconf 93' lang='lat' dir='ltr'><strong>populus</strong></span> <span class='ocrx_word' id='word_1_461' title='bbox 2552 2650 2600 2722; x_wconf 81' lang='lat' dir='ltr'><strong>ttei</strong></span> 
     </span>
     <span class='ocr_line' id='line_1_70' title="bbox 1642 2736 2599 2843; baseline 0.023 -43"><span class='ocrx_word' id='word_1_462' title='bbox 1642 2736 2088 2827; x_wconf 84' lang='lat' dir='ltr'><strong>propterprornissioneru,</strong></span> <span class='ocrx_word' id='word_1_463' title='bbox 2113 2756 2147 2817; x_wconf 85' lang='lat' dir='ltr'><strong>et</strong></span> <span class='ocrx_word' id='word_1_464' title='bbox 2163 2770 2238 2815; x_wconf 93' lang='lat' dir='ltr'><strong>nnn</strong></span> <span class='ocrx_word' id='word_1_465' title='bbox 2253 2764 2402 2843; x_wconf 85' lang='lat' dir='ltr'><strong>propter</strong></span> <span class='ocrx_word' id='word_1_466' title='bbox 2423 2754 2536 2843; x_wconf 83' lang='lat' dir='ltr'><strong>legem.</strong></span> <span class='ocrx_word' id='word_1_467' title='bbox 2560 2749 2599 2822; x_wconf 80' lang='lat' dir='ltr'><strong>le</strong></span> 
     </span>
     <span class='ocr_line' id='line_1_71' title="bbox 1642 2836 2628 2942; baseline 0.025 -39"><span class='ocrx_word' id='word_1_468' title='bbox 1642 2836 1871 2928; x_wconf 89' lang='lat' dir='ltr'><strong>praecipuum</strong></span> <span class='ocrx_word' id='word_1_469' title='bbox 1899 2839 2108 2914; x_wconf 86' lang='lat' dir='ltr'><strong>beneficium</strong></span> <span class='ocrx_word' id='word_1_470' title='bbox 2142 2862 2218 2928; x_wconf 80' lang='lat' dir='ltr'><strong>est,·</strong></span> <span class='ocrx_word' id='word_1_471' title='bbox 2256 2854 2448 2942; x_wconf 86' lang='lat' dir='ltr'><strong>promissio</strong></span> <span class='ocrx_word' id='word_1_472' title='bbox 2469 2853 2628 2933; x_wconf 74' lang='lat' dir='ltr'><strong>Messiaal</strong></span> 
     </span>
     <span class='ocr_line' id='line_1_72' title="bbox 1642 2938 2628 3041; baseline 0.021 -37"><span class='ocrx_word' id='word_1_473' title='bbox 1642 2961 1715 3006; x_wconf 93' lang='lat' dir='ltr'><strong>non</strong></span> <span class='ocrx_word' id='word_1_474' title='bbox 1734 2938 1856 3029; x_wconf 90' lang='lat' dir='ltr'><strong>politia</strong></span> <span class='ocrx_word' id='word_1_475' title='bbox 1880 2963 1943 3011; x_wconf 89' lang='lat' dir='ltr'><strong>seu</strong></span> <span class='ocrx_word' id='word_1_476' title='bbox 1957 2944 2042 3035; x_wconf 80' lang='lat' dir='ltr'><strong>legis</strong></span> <span class='ocrx_word' id='word_1_477' title='bbox 2058 2950 2308 3041; x_wconf 80' lang='lat' dir='ltr'><strong>promulgatio.</strong></span> <span class='ocrx_word' id='word_1_478' title='bbox 2363 2954 2434 3029; x_wconf 90' lang='lat' dir='ltr'><strong>Sed</strong></span> <span class='ocrx_word' id='word_1_479' title='bbox 2459 2970 2561 3027; x_wconf 89' lang='lat' dir='ltr'><strong>tamen</strong></span> <span class='ocrx_word' id='word_1_480' title='bbox 2578 2968 2601 3024; x_wconf 91' lang='lat' dir='ltr'><strong>et</strong></span> <span class='ocrx_word' id='word_1_481' title='bbox 2627 2951 2628 2976; x_wconf 70' lang='lat'>³</span> 
     </span>
     <span class='ocr_line' id='line_1_73' title="bbox 1643 3042 2628 3149; baseline 0.025 -43"><span class='ocrx_word' id='word_1_482' title='bbox 1643 3054 1762 3129; x_wconf 87' lang='lat' dir='ltr'><strong>postea</strong></span> <span class='ocrx_word' id='word_1_483' title='bbox 1778 3042 1903 3131; x_wconf 78' lang='lat' dir='ltr'><strong>ingens</strong></span> <span class='ocrx_word' id='word_1_484' title='bbox 1925 3046 2135 3119; x_wconf 86' lang='lat' dir='ltr'><strong>beneficium</strong></span> <span class='ocrx_word' id='word_1_485' title='bbox 2152 3052 2220 3126; x_wconf 91' lang='lat' dir='ltr'><strong>fuit</strong></span> <span class='ocrx_word' id='word_1_486' title='bbox 2233 3056 2310 3148; x_wconf 85' lang='lat' dir='ltr'><strong>ipsa</strong></span> <span class='ocrx_word' id='word_1_487' title='bbox 2330 3058 2473 3149; x_wconf 85' lang='lat' dir='ltr'><strong>politiae</strong></span> <span class='ocrx_word' id='word_1_488' title='bbox 2496 3056 2599 3129; x_wconf 85' lang='lat' dir='ltr'><strong>consti·</strong></span> <span class='ocrx_word' id='word_1_489' title='bbox 2627 3083 2628 3086; x_wconf 72' lang='grc'>’</span> 
     </span>
     <span class='ocr_line' id='line_1_74' title="bbox 1644 3141 2629 3255; baseline 0.021 -46"><span class='ocrx_word' id='word_1_490' title='bbox 1644 3141 1744 3226; x_wconf 90' lang='lat' dir='ltr'><strong>tutio,</strong></span> <span class='ocrx_word' id='word_1_491' title='bbox 1771 3165 1862 3235; x_wconf 90' lang='lat' dir='ltr'><strong>quae</strong></span> <span class='ocrx_word' id='word_1_492' title='bbox 1877 3148 2023 3221; x_wconf 81' lang='lat' dir='ltr'><strong>servivit</strong></span> <span class='ocrx_word' id='word_1_493' title='bbox 2038 3151 2277 3243; x_wconf 90' lang='lat' dir='ltr'><strong>promissioni,</strong></span> <span class='ocrx_word' id='word_1_494' title='bbox 2302 3161 2389 3255; x_wconf 86' lang='lat' dir='ltr'><strong>quia</strong></span> <span class='ocrx_word' id='word_1_495' title='bbox 2407 3162 2514 3233; x_wconf 90' lang='lat' dir='ltr'><strong>voluit</strong></span> <span class='ocrx_word' id='word_1_496' title='bbox 2528 3160 2599 3230; x_wconf 82' lang='lat' dir='ltr'><strong>Deus</strong></span> <span class='ocrx_word' id='word_1_497' title='bbox 2627 3153 2629 3190; x_wconf 73' lang='lat'>³</span> 
     </span>
     <span class='ocr_line' id='line_1_75' title="bbox 1643 3244 2628 3344; baseline 0.019 -33"><span class='ocrx_word' id='word_1_498' title='bbox 1643 3258 1775 3312; x_wconf 89' lang='lat' dir='ltr'><strong>certum</strong></span> <span class='ocrx_word' id='word_1_499' title='bbox 1792 3244 1928 3344; x_wconf 84' lang='lat' dir='ltr'><strong>locum,</strong></span> <span class='ocrx_word' id='word_1_500' title='bbox 1955 3265 2085 3322; x_wconf 89' lang='lat' dir='ltr'><strong>certam</strong></span> <span class='ocrx_word' id='word_1_501' title='bbox 2102 3258 2281 3331; x_wconf 88' lang='lat' dir='ltr'><strong>nationem</strong></span> <span class='ocrx_word' id='word_1_502' title='bbox 2300 3278 2335 3333; x_wconf 91' lang='lat' dir='ltr'><strong>et</strong></span> <span class='ocrx_word' id='word_1_503' title='bbox 2354 3262 2518 3333; x_wconf 87' lang='lat' dir='ltr'><strong>familiam</strong></span> <span class='ocrx_word' id='word_1_504' title='bbox 2539 3284 2600 3343; x_wconf 85' lang='lat' dir='ltr'><strong>esse,</strong></span> <span class='ocrx_word' id='word_1_505' title='bbox 2627 3267 2628 3290; x_wconf 63' lang='lat'><em>*</em></span> 
     </span>
     <span class='ocr_line' id='line_1_76' title="bbox 1642 3346 2628 3452; baseline 0.02 -41"><span class='ocrx_word' id='word_1_506' title='bbox 1642 3346 1681 3412; x_wconf 88' lang='lat' dir='ltr'><strong>in</strong></span> <span class='ocrx_word' id='word_1_507' title='bbox 1707 3370 1775 3438; x_wconf 89' lang='lat' dir='ltr'><strong>qua</strong></span> <span class='ocrx_word' id='word_1_508' title='bbox 1798 3370 1835 3417; x_wconf 87' lang='lat' dir='ltr'><strong>se</strong></span> <span class='ocrx_word' id='word_1_509' title='bbox 1856 3353 2081 3440; x_wconf 83' lang='lat' dir='ltr'><strong>patefaceret,</strong></span> <span class='ocrx_word' id='word_1_510' title='bbox 2104 3358 2166 3428; x_wconf 92' lang='lat' dir='ltr'><strong>ubi</strong></span> <span class='ocrx_word' id='word_1_511' title='bbox 2189 3362 2444 3452; x_wconf 85' lang='lat' dir='ltr'><strong>promissiones</strong></span> <span class='ocrx_word' id='word_1_512' title='bbox 2461 3368 2563 3434; x_wconf 88' lang='lat' dir='ltr'><strong>ederet</strong></span> <span class='ocrx_word' id='word_1_513' title='bbox 2576 3376 2600 3430; x_wconf 91' lang='lat' dir='ltr'><strong>et</strong></span> <span class='ocrx_word' id='word_1_514' title='bbox 2627 3361 2628 3382; x_wconf 68' lang='lat'>¹</span> 
     </span>
     <span class='ocr_line' id='line_1_77' title="bbox 1644 3457 2628 3551; baseline 0.017 -35"><span class='ocrx_word' id='word_1_515' title='bbox 1644 3462 1834 3538; x_wconf 90' lang='lat' dir='ltr'><strong>repeteret,</strong></span> <span class='ocrx_word' id='word_1_516' title='bbox 1862 3465 1897 3522; x_wconf 89' lang='lat' dir='ltr'><strong>et</strong></span> <span class='ocrx_word' id='word_1_517' title='bbox 1918 3458 2119 3550; x_wconf 87' lang='lat' dir='ltr'><strong>ostenderet</strong></span> <span class='ocrx_word' id='word_1_518' title='bbox 2144 3464 2395 3551; x_wconf 86' lang='lat' dir='ltr'><strong>promissionis</strong></span> <span class='ocrx_word' id='word_1_519' title='bbox 2418 3465 2598 3548; x_wconf 88' lang='lat' dir='ltr'><strong>testimonia,</strong></span> <span class='ocrx_word' id='word_1_520' title='bbox 2627 3457 2628 3483; x_wconf 69' lang='lat'>³</span> 
     </span>
     <span class='ocr_line' id='line_1_78' title="bbox 1644 3551 2628 3651; baseline 0.014 -32"><span class='ocrx_word' id='word_1_521' title='bbox 1644 3551 1705 3619; x_wconf 90' lang='lat' dir='ltr'><strong>ubi</strong></span> <span class='ocrx_word' id='word_1_522' title='bbox 1731 3552 1895 3640; x_wconf 90' lang='lat' dir='ltr'><strong>publicus</strong></span> <span class='ocrx_word' id='word_1_523' title='bbox 1916 3557 2045 3651; x_wconf 89' lang='lat' dir='ltr'><strong>aliquis</strong></span> <span class='ocrx_word' id='word_1_524' title='bbox 2068 3575 2188 3634; x_wconf 88' lang='lat' dir='ltr'><strong>coctus</strong></span> <span class='ocrx_word' id='word_1_525' title='bbox 2211 3583 2299 3638; x_wconf 85' lang='lat' dir='ltr'><strong>esset</strong></span> <span class='ocrx_word' id='word_1_526' title='bbox 2322 3570 2597 3640; x_wconf 70' lang='lat' dir='ltr'><strong>invocans‘veruu</strong></span> <span class='ocrx_word' id='word_1_527' title='bbox 2627 3578 2628 3597; x_wconf 66' lang='lat'>¹</span> 
     </span>
     <span class='ocr_line' id='line_1_79' title="bbox 1643 3649 2598 3751; baseline 0.015 -31"><span class='ocrx_word' id='word_1_528' title='bbox 1643 3649 1778 3738; x_wconf 89' lang='lat' dir='ltr'><strong>Deum,</strong></span> <span class='ocrx_word' id='word_1_529' title='bbox 1812 3669 1846 3725; x_wconf 92' lang='lat' dir='ltr'><strong>et</strong></span> <span class='ocrx_word' id='word_1_530' title='bbox 1869 3659 2059 3730; x_wconf 86' lang='lat' dir='ltr'><strong>testificans</strong></span> <span class='ocrx_word' id='word_1_531' title='bbox 2081 3663 2125 3734; x_wconf 89' lang='lat' dir='ltr'><strong>de</strong></span> <span class='ocrx_word' id='word_1_532' title='bbox 2147 3690 2231 3738; x_wconf 91' lang='lat' dir='ltr'><strong>vero</strong></span> <span class='ocrx_word' id='word_1_533' title='bbox 2256 3668 2357 3751; x_wconf 88' lang='lat' dir='ltr'><strong>Deo,</strong></span> <span class='ocrx_word' id='word_1_534' title='bbox 2390 3674 2453 3743; x_wconf 88' lang='lat' dir='ltr'><strong>ubi</strong></span> <span class='ocrx_word' id='word_1_535' title='bbox 2479 3667 2598 3741; x_wconf 86' lang='lat' dir='ltr'><strong>Messias</strong></span> 
     </span>
     <span class='ocr_line' id='line_1_80' title="bbox 1642 3762 2628 3860; baseline 0.017 -39"><span class='ocrx_word' id='word_1_536' title='bbox 1642 3769 1864 3844; x_wconf 87' lang='lat' dir='ltr'><strong>nasceretur,</strong></span> <span class='ocrx_word' id='word_1_537' title='bbox 1889 3762 2169 3854; x_wconf 86' lang='lat' dir='ltr'><strong>conspiceretur,</strong></span> <span class='ocrx_word' id='word_1_538' title='bbox 2198 3771 2362 3860; x_wconf 89' lang='lat' dir='ltr'><strong>doceret,</strong></span> <span class='ocrx_word' id='word_1_539' title='bbox 2391 3775 2503 3844; x_wconf 81' lang='lat' dir='ltr'><strong>ederet</strong></span> <span class='ocrx_word' id='word_1_540' title='bbox 2524 3769 2597 3842; x_wconf 86' lang='lat' dir='ltr'><strong>testi·</strong></span> <span class='ocrx_word' id='word_1_541' title='bbox 2627 3772 2628 3817; x_wconf 62' lang='lat'><em>³</em></span> 
     </span>
     <span class='ocr_line' id='line_1_81' title="bbox 1645 3858 2628 3960; baseline 0.014 -36"><span class='ocrx_word' id='word_1_542' title='bbox 1645 3858 1764 3925; x_wconf 87' lang='lat' dir='ltr'><strong>monia</strong></span> <span class='ocrx_word' id='word_1_543' title='bbox 1799 3862 2002 3949; x_wconf 91' lang='lat' dir='ltr'><strong>doctrinae,</strong></span> <span class='ocrx_word' id='word_1_544' title='bbox 2033 3868 2130 3937; x_wconf 87' lang='lat' dir='ltr'><strong>lieret</strong></span> <span class='ocrx_word' id='word_1_545' title='bbox 2163 3871 2328 3960; x_wconf 89' lang='lat' dir='ltr'><strong>victima,</strong></span> <span class='ocrx_word' id='word_1_546' title='bbox 2366 3875 2599 3946; x_wconf 85' lang='lat' dir='ltr'><strong>resuscitaretur</strong></span> <span class='ocrx_word' id='word_1_547' title='bbox 2627 3870 2628 3957; x_wconf 66' lang='lat' dir='ltr'><strong>l</strong></span> 
     </span>
     <span class='ocr_line' id='line_1_82' title="bbox 1642 3966 2628 4061; baseline 0.015 -35"><span class='ocrx_word' id='word_1_548' title='bbox 1642 3983 1684 4029; x_wconf 81' lang='lat' dir='ltr'><strong>er</strong></span> <span class='ocrx_word' id='word_1_549' title='bbox 1702 3966 1869 4050; x_wconf 87' lang='lat' dir='ltr'><strong>mortuis,</strong></span> <span class='ocrx_word' id='word_1_550' title='bbox 1894 3966 1957 4033; x_wconf 90' lang='lat' dir='ltr'><strong>ubi</strong></span> <span class='ocrx_word' id='word_1_551' title='bbox 1979 3969 2267 4061; x_wconf 90' lang='lat' dir='ltr'><strong>conspicerentur</strong></span> <span class='ocrx_word' id='word_1_552' title='bbox 2289 3977 2489 4047; x_wconf 89' lang='lat' dir='ltr'><strong>testimonia</strong></span> <span class='ocrx_word' id='word_1_553' title='bbox 2507 3998 2597 4045; x_wconf 88' lang='lat' dir='ltr'><strong>resur·</strong></span> <span class='ocrx_word' id='word_1_554' title='bbox 2627 3968 2628 4035; x_wconf 75' lang='lat' dir='ltr'><strong>l</strong></span> 
     </span>
     <span class='ocr_line' id='line_1_83' title="bbox 1642 4052 2628 4150; baseline 0.013 -20"><span class='ocrx_word' id='word_1_555' title='bbox 1642 4060 1820 4134; x_wconf 87' lang='lat' dir='ltr'><strong>rectionis.</strong></span> <span class='ocrx_word' id='word_1_556' title='bbox 1878 4063 2014 4137; x_wconf 84' lang='lat' dir='ltr'><strong>Harum</strong></span> <span class='ocrx_word' id='word_1_557' title='bbox 2038 4071 2272 4146; x_wconf 80' lang='lat' dir='ltr'><strong>maximarum</strong></span> <span class='ocrx_word' id='word_1_558' title='bbox 2295 4103 2416 4150; x_wconf 88' lang='lat' dir='ltr'><strong>rerum</strong></span> <span class='ocrx_word' id='word_1_559' title='bbox 2441 4079 2527 4150; x_wconf 86' lang='lat' dir='ltr'><strong>Deus</strong></span> <span class='ocrx_word' id='word_1_560' title='bbox 2543 4097 2599 4144; x_wconf 91' lang='lat' dir='ltr'><strong>cer·</strong></span> <span class='ocrx_word' id='word_1_561' title='bbox 2627 4052 2628 4137; x_wconf 86' lang='lat' dir='ltr'><strong>l</strong></span> 
     </span>
    </p>
   </div>
   <div class='ocr_carea' id='block_1_13' title="bbox 1642 4169 2597 4340">
    <p class='ocr_par' dir='ltr' id='par_1_13' title="bbox 1642 4169 2628 4340">
     <span class='ocr_line' id='line_1_84' title="bbox 1642 4169 2597 4336; baseline 0.014 -104"><span class='ocrx_word' id='word_1_562' title='bbox 1642 4179 1714 4336; x_wconf 82' lang='lat' dir='ltr'><strong>terp</strong></span> <span class='ocrx_word' id='word_1_563' title='bbox 1731 4169 1880 4285; x_wconf 67' lang='lat' dir='ltr'><strong>pedem,</strong></span> <span class='ocrx_word' id='word_1_564' title='bbox 1912 4183 1946 4240; x_wconf 92' lang='lat' dir='ltr'><strong>et</strong></span> <span class='ocrx_word' id='word_1_565' title='bbox 1968 4186 2072 4244; x_wconf 88' lang='lat' dir='ltr'><strong>notos</strong></span> <span class='ocrx_word' id='word_1_566' title='bbox 2097 4197 2137 4242; x_wconf 90' lang='lat' dir='ltr'><strong>ac</strong></span> <span class='ocrx_word' id='word_1_567' title='bbox 2170 4178 2239 4246; x_wconf 89' lang='lat' dir='ltr'><strong>lide</strong></span> <span class='ocrx_word' id='word_1_568' title='bbox 2265 4180 2394 4272; x_wconf 81' lang='lat' dir='ltr'><strong>dignos</strong></span> <span class='ocrx_word' id='word_1_569' title='bbox 2425 4195 2520 4252; x_wconf 87' lang='lat' dir='ltr'><strong>testes</strong></span> <span class='ocrx_word' id='word_1_570' title='bbox 2543 4198 2597 4246; x_wconf 86' lang='lat' dir='ltr'><strong>esse</strong></span> 
     </span>
     <span class='ocr_line' id='line_1_85' title="bbox 1642 4283 1769 4340; baseline 0.039 -6"><span class='ocrx_word' id='word_1_571' title='bbox 1642 4291 1686 4336; x_wconf 91' lang='lat' dir='ltr'><strong>vo</strong></span> <span class='ocrx_word' id='word_1_572' title='bbox 1705 4283 1769 4340; x_wconf 86' lang='lat' dir='ltr'><strong>nrt.</strong></span> 
     </span>
    </p>
   </div>
   <div class='ocr_carea' id='block_1_14' title="bbox 1639 4400 2629 5707">
    <p class='ocr_par' dir='ltr' id='par_1_14' title="bbox 1639 4400 2629 5707">
     <span class='ocr_line' id='line_1_86' title="bbox 1744 4400 2595 4507; baseline 0.007 -35"><span class='ocrx_word' id='word_1_573' title='bbox 1744 4400 1842 4476; x_wconf 87' lang='lat' dir='ltr'><strong>Haec</strong></span> <span class='ocrx_word' id='word_1_574' title='bbox 1864 4417 1916 4478; x_wconf 89' lang='lat' dir='ltr'><strong>est</strong></span> <span class='ocrx_word' id='word_1_575' title='bbox 1941 4408 2153 4500; x_wconf 71' lang='lat' dir='ltr'><strong>principalis,</strong></span> <span class='ocrx_word' id='word_1_576' title='bbox 2168 4435 2294 4498; x_wconf 86' lang='lat' dir='ltr'><strong>causa,</strong></span> <span class='ocrx_word' id='word_1_577' title='bbox 2326 4439 2391 4488; x_wconf 86' lang='lat' dir='ltr'><strong>cur</strong></span> <span class='ocrx_word' id='word_1_578' title='bbox 2416 4416 2529 4507; x_wconf 88' lang='lat' dir='ltr'><strong>politia</strong></span> <span class='ocrx_word' id='word_1_579' title='bbox 2549 4411 2595 4482; x_wconf 89' lang='lat' dir='ltr'><strong>illa</strong></span> 
     </span>
     <span class='ocr_line' id='line_1_87' title="bbox 1642 4506 2628 4601; baseline 0.013 -25"><span class='ocrx_word' id='word_1_580' title='bbox 1642 4506 1837 4592; x_wconf 71' lang='lat' dir='ltr'><strong>constituta.</strong></span> <span class='ocrx_word' id='word_1_581' title='bbox 1849 4509 1914 4590; x_wconf 86' lang='lat' dir='ltr'><strong>sit,</strong></span> <span class='ocrx_word' id='word_1_582' title='bbox 1938 4525 1975 4582; x_wconf 91' lang='lat' dir='ltr'><strong>et</strong></span> <span class='ocrx_word' id='word_1_583' title='bbox 1988 4513 2099 4587; x_wconf 84' lang='lat' dir='ltr'><strong>multa</strong></span> <span class='ocrx_word' id='word_1_584' title='bbox 2114 4515 2284 4588; x_wconf 81' lang='lat' dir='ltr'><strong>beneficia</strong></span> <span class='ocrx_word' id='word_1_585' title='bbox 2300 4529 2522 4601; x_wconf 84' lang='lat' dir='ltr'><strong>concurrunt.</strong></span> <span class='ocrx_word' id='word_1_586' title='bbox 2553 4509 2596 4582; x_wconf 89' lang='lat' dir='ltr'><strong>lbi</strong></span> <span class='ocrx_word' id='word_1_587' title='bbox 2627 4580 2628 4589; x_wconf 73' lang='grc'>,</span> 
     </span>
     <span class='ocr_line' id='line_1_88' title="bbox 1641 4609 2629 4704; baseline 0.017 -26"><span class='ocrx_word' id='word_1_588' title='bbox 1641 4609 1799 4698; x_wconf 81' lang='lat' dir='ltr'><strong>exempla</strong></span> <span class='ocrx_word' id='word_1_589' title='bbox 1821 4611 1973 4701; x_wconf 81' lang='lat' dir='ltr'><strong>plurima</strong></span> <span class='ocrx_word' id='word_1_590' title='bbox 1992 4617 2209 4704; x_wconf 86' lang='lat' dir='ltr'><strong>praesentiae</strong></span> <span class='ocrx_word' id='word_1_591' title='bbox 2222 4616 2311 4703; x_wconf 86' lang='lat' dir='ltr'><strong>Dei,</strong></span> <span class='ocrx_word' id='word_1_592' title='bbox 2337 4620 2414 4690; x_wconf 80' lang='lat' dir='ltr'><strong>irae</strong></span> <span class='ocrx_word' id='word_1_593' title='bbox 2430 4633 2463 4689; x_wconf 91' lang='lat' dir='ltr'><strong>et</strong></span> <span class='ocrx_word' id='word_1_594' title='bbox 2483 4615 2595 4687; x_wconf 72' lang='lat' dir='ltr'><strong>raised·</strong></span> <span class='ocrx_word' id='word_1_595' title='bbox 2627 4612 2629 4695; x_wconf 83' lang='lat' dir='ltr'><strong>l</strong></span> 
     </span>
     <span class='ocr_line' id='line_1_89' title="bbox 1642 4712 2628 4807; baseline 0.005 -27"><span class='ocrx_word' id='word_1_596' title='bbox 1642 4712 1784 4782; x_wconf 90' lang='lat' dir='ltr'><strong>cordiae</strong></span> <span class='ocrx_word' id='word_1_597' title='bbox 1798 4729 1981 4804; x_wconf 89' lang='lat' dir='ltr'><strong>conspecta</strong></span> <span class='ocrx_word' id='word_1_598' title='bbox 1996 4730 2091 4787; x_wconf 88' lang='lat' dir='ltr'><strong>sunt.</strong></span> <span class='ocrx_word' id='word_1_599' title='bbox 2141 4716 2196 4788; x_wconf 89' lang='lat' dir='ltr'><strong>lbi</strong></span> <span class='ocrx_word' id='word_1_600' title='bbox 2215 4721 2349 4792; x_wconf 84' lang='lat' dir='ltr'><strong>multae</strong></span> <span class='ocrx_word' id='word_1_601' title='bbox 2359 4722 2531 4792; x_wconf 80' lang='lat' dir='ltr'><strong>mirandae</strong></span> <span class='ocrx_word' id='word_1_602' title='bbox 2548 4719 2594 4786; x_wconf 90' lang='lat' dir='ltr'><strong>de·</strong></span> <span class='ocrx_word' id='word_1_603' title='bbox 2627 4732 2628 4807; x_wconf 61' lang='lat' dir='ltr'><strong>t</strong></span> 
     </span>
     <span class='ocr_line' id='line_1_90' title="bbox 1641 4813 2628 4911; baseline 0.018 -30"><span class='ocrx_word' id='word_1_604' title='bbox 1641 4813 1821 4884; x_wconf 83' lang='lat' dir='ltr'><strong>sensiones</strong></span> <span class='ocrx_word' id='word_1_605' title='bbox 1840 4829 1875 4885; x_wconf 90' lang='lat' dir='ltr'><strong>et</strong></span> <span class='ocrx_word' id='word_1_606' title='bbox 1890 4816 2127 4889; x_wconf 84' lang='lat' dir='ltr'><strong>liberationes.</strong></span> <span class='ocrx_word' id='word_1_607' title='bbox 2138 4821 2249 4892; x_wconf 88' lang='lat' dir='ltr'><strong>factae</strong></span> <span class='ocrx_word' id='word_1_608' title='bbox 2263 4837 2358 4895; x_wconf 82' lang='lat' dir='ltr'><strong>sunt.</strong></span> <span class='ocrx_word' id='word_1_609' title='bbox 2409 4821 2518 4911; x_wconf 86' lang='lat' dir='ltr'><strong>Quam</strong></span> <span class='ocrx_word' id='word_1_610' title='bbox 2533 4817 2592 4909; x_wconf 70' lang='lat' dir='ltr'><strong>glo·</strong></span> <span class='ocrx_word' id='word_1_611' title='bbox 2627 4822 2628 4899; x_wconf 65' lang='grc' dir='ltr'><strong>ἶ</strong></span> 
     </span>
     <span class='ocr_line' id='line_1_91' title="bbox 1642 4915 2628 5031; baseline 0.008 -48"><span class='ocrx_word' id='word_1_612' title='bbox 1642 4915 1735 4983; x_wconf 88' lang='lat' dir='ltr'><strong>riosa</strong></span> <span class='ocrx_word' id='word_1_613' title='bbox 1759 4917 1828 4986; x_wconf 91' lang='lat' dir='ltr'><strong>fuit</strong></span> <span class='ocrx_word' id='word_1_614' title='bbox 1845 4919 2026 5000; x_wconf 56' lang='lat' dir='ltr'><strong>⁴continua</strong></span> <span class='ocrx_word' id='word_1_615' title='bbox 2047 4917 2308 5012; x_wconf 86' lang='lat' dir='ltr'><strong>Prophetarum</strong></span> <span class='ocrx_word' id='word_1_616' title='bbox 2331 4925 2516 5005; x_wconf 72' lang='lat' dir='ltr'><strong>neccessio,</strong></span> <span class='ocrx_word' id='word_1_617' title='bbox 2543 4919 2593 4990; x_wconf 86' lang='lat' dir='ltr'><strong>St·</strong></span> <span class='ocrx_word' id='word_1_618' title='bbox 2627 4964 2628 5031; x_wconf 47' lang='lat' dir='ltr'><strong>t</strong></span> 
     </span>
     <span class='ocr_line' id='line_1_92' title="bbox 1641 5015 2628 5111; baseline 0.008 -28"><span class='ocrx_word' id='word_1_619' title='bbox 1641 5016 1789 5102; x_wconf 77' lang='lat' dir='ltr'><strong>conclis,</strong></span> <span class='ocrx_word' id='word_1_620' title='bbox 1821 5015 1987 5101; x_wconf 88' lang='lat' dir='ltr'><strong>Davidis,</strong></span> <span class='ocrx_word' id='word_1_621' title='bbox 2018 5017 2142 5108; x_wconf 79' lang='lat' dir='ltr'><strong>Elias,</strong></span> <span class='ocrx_word' id='word_1_622' title='bbox 2166 5021 2319 5111; x_wconf 86' lang='lat' dir='ltr'><strong>Elisaei,</strong></span> <span class='ocrx_word' id='word_1_623' title='bbox 2347 5023 2488 5108; x_wconf 70' lang='lat' dir='ltr'><strong>llsaiae,</strong></span> <span class='ocrx_word' id='word_1_624' title='bbox 2518 5021 2591 5092; x_wconf 87' lang='lat' dir='ltr'><strong>lere·</strong></span> <span class='ocrx_word' id='word_1_625' title='bbox 2627 5048 2628 5107; x_wconf 70' lang='lat'>3</span> 
     </span>
     <span class='ocr_line' id='line_1_93' title="bbox 1642 5116 2592 5216; baseline 0.003 -31"><span class='ocrx_word' id='word_1_626' title='bbox 1642 5116 1750 5202; x_wconf 89' lang='lat' dir='ltr'><strong>miae,</strong></span> <span class='ocrx_word' id='word_1_627' title='bbox 1790 5118 1950 5192; x_wconf 89' lang='lat' dir='ltr'><strong>Danielis</strong></span> <span class='ocrx_word' id='word_1_628' title='bbox 1966 5137 2005 5193; x_wconf 80' lang='lat' dir='ltr'><strong>‚et</strong></span> <span class='ocrx_word' id='word_1_629' title='bbox 2027 5119 2274 5216; x_wconf 84' lang='lat' dir='ltr'><strong>sequentinm?</strong></span> <span class='ocrx_word' id='word_1_630' title='bbox 2316 5127 2592 5200; x_wconf 80' lang='lat' dir='ltr'><strong>Gratissimumet</strong></span> 
     </span>
     <span class='ocr_line' id='line_1_94' title="bbox 1641 5213 2591 5312; baseline 0.001 -25"><span class='ocrx_word' id='word_1_631' title='bbox 1641 5213 1710 5288; x_wconf 89' lang='lat' dir='ltr'><strong>hoc</strong></span> <span class='ocrx_word' id='word_1_632' title='bbox 1732 5219 1798 5290; x_wconf 90' lang='lat' dir='ltr'><strong>fuit</strong></span> <span class='ocrx_word' id='word_1_633' title='bbox 1829 5223 1933 5293; x_wconf 90' lang='lat' dir='ltr'><strong>bonis</strong></span> <span class='ocrx_word' id='word_1_634' title='bbox 1961 5225 2160 5312; x_wconf 83' lang='lat' dir='ltr'><strong>mentibus,</strong></span> <span class='ocrx_word' id='word_1_635' title='bbox 2195 5244 2326 5302; x_wconf 75' lang='lat' dir='ltr'><strong>certans</strong></span> <span class='ocrx_word' id='word_1_636' title='bbox 2351 5250 2423 5299; x_wconf 86' lang='lat' dir='ltr'><strong>esse</strong></span> <span class='ocrx_word' id='word_1_637' title='bbox 2443 5223 2591 5298; x_wconf 80' lang='lat' dir='ltr'><strong>Ecclesiae</strong></span> 
     </span>
     <span class='ocr_line' id='line_1_95' title="bbox 1640 5324 2590 5416; baseline 0.013 -29"><span class='ocrx_word' id='word_1_638' title='bbox 1640 5324 1778 5405; x_wconf 88' lang='lat' dir='ltr'><strong>sedern,</strong></span> <span class='ocrx_word' id='word_1_639' title='bbox 1811 5337 1942 5396; x_wconf 87' lang='lat' dir='ltr'><strong>certam</strong></span> <span class='ocrx_word' id='word_1_640' title='bbox 1964 5341 1999 5398; x_wconf 92' lang='lat' dir='ltr'><strong>et</strong></span> <span class='ocrx_word' id='word_1_641' title='bbox 2020 5343 2224 5416; x_wconf 85' lang='lat' dir='ltr'><strong>perpetuam</strong></span> <span class='ocrx_word' id='word_1_642' title='bbox 2245 5328 2399 5404; x_wconf 83' lang='lat' dir='ltr'><strong>scholam</strong></span> <span class='ocrx_word' id='word_1_643' title='bbox 2424 5351 2516 5400; x_wconf 84' lang='lat' dir='ltr'><strong>verae</strong></span> <span class='ocrx_word' id='word_1_644' title='bbox 2540 5325 2590 5392; x_wconf 77' lang='lat' dir='ltr'><strong>dv·</strong></span> 
     </span>
     <span class='ocr_line' id='line_1_96' title="bbox 1640 5423 2588 5518; baseline 0.004 -28"><span class='ocrx_word' id='word_1_645' title='bbox 1640 5423 1787 5497; x_wconf 88' lang='lat' dir='ltr'><strong>ctrinae.</strong></span> <span class='ocrx_word' id='word_1_646' title='bbox 1863 5425 1978 5515; x_wconf 86' lang='lat' dir='ltr'><strong>Quam</strong></span> <span class='ocrx_word' id='word_1_647' title='bbox 2004 5431 2153 5518; x_wconf 76' lang='lat' dir='ltr'><strong>gradum</strong></span> <span class='ocrx_word' id='word_1_648' title='bbox 2183 5456 2279 5504; x_wconf 89' lang='lat' dir='ltr'><strong>nunc</strong></span> <span class='ocrx_word' id='word_1_649' title='bbox 2300 5437 2411 5502; x_wconf 89' lang='lat' dir='ltr'><strong>bonos</strong></span> <span class='ocrx_word' id='word_1_650' title='bbox 2439 5425 2588 5498; x_wconf 79' lang='lat' dir='ltr'><strong>mentibus</strong></span> 
     </span>
     <span class='ocr_line' id='line_1_97' title="bbox 1640 5525 2628 5625; baseline 0.003 -34"><span class='ocrx_word' id='word_1_651' title='bbox 1640 5540 1746 5608; x_wconf 87' lang='lat' dir='ltr'><strong>esset,</strong></span> <span class='ocrx_word' id='word_1_652' title='bbox 1770 5525 1861 5596; x_wconf 90' lang='lat' dir='ltr'><strong>scire</strong></span> <span class='ocrx_word' id='word_1_653' title='bbox 1877 5532 1921 5597; x_wconf 89' lang='lat' dir='ltr'><strong>ad</strong></span> <span class='ocrx_word' id='word_1_654' title='bbox 1941 5545 2098 5618; x_wconf 89' lang='lat' dir='ltr'><strong>posteros</strong></span> <span class='ocrx_word' id='word_1_655' title='bbox 2112 5532 2174 5603; x_wconf 91' lang='lat' dir='ltr'><strong>diu</strong></span> <span class='ocrx_word' id='word_1_656' title='bbox 2196 5529 2282 5605; x_wconf 81' lang='lat' dir='ltr'><strong>haec</strong></span> <span class='ocrx_word' id='word_1_657' title='bbox 2304 5534 2429 5625; x_wconf 83' lang='lat' dir='ltr'><strong>oppida</strong></span> <span class='ocrx_word' id='word_1_658' title='bbox 2449 5545 2586 5608; x_wconf 82' lang='lat' dir='ltr'><strong>massora</strong></span> <span class='ocrx_word' id='word_1_659' title='bbox 2627 5548 2628 5557; x_wconf 56' lang='lat'>¹</span> 
     </span>
     <span class='ocr_line' id='line_1_98' title="bbox 1639 5624 2587 5707; baseline 0.006 -13"><span class='ocrx_word' id='word_1_660' title='bbox 1639 5647 1732 5705; x_wconf 87' lang='lat' dir='ltr'><strong>esse,</strong></span> <span class='ocrx_word' id='word_1_661' title='bbox 1758 5642 1792 5699; x_wconf 92' lang='lat' dir='ltr'><strong>et</strong></span> <span class='ocrx_word' id='word_1_662' title='bbox 1808 5624 1865 5697; x_wconf 87' lang='lat' dir='ltr'><strong>bic</strong></span> <span class='ocrx_word' id='word_1_663' title='bbox 1881 5625 2058 5704; x_wconf 86' lang='lat' dir='ltr'><strong>Ecclesiae</strong></span> <span class='ocrx_word' id='word_1_664' title='bbox 2080 5646 2116 5704; x_wconf 89' lang='lat' dir='ltr'><strong>et</strong></span> <span class='ocrx_word' id='word_1_665' title='bbox 2133 5636 2316 5707; x_wconf 87' lang='lat' dir='ltr'><strong>doctrinae</strong></span> <span class='ocrx_word' id='word_1_666' title='bbox 2335 5627 2448 5707; x_wconf 81' lang='lat' dir='ltr'><strong>sedem</strong></span> <span class='ocrx_word' id='word_1_667' title='bbox 2468 5648 2587 5700; x_wconf 74' lang='lat' dir='ltr'><strong>mansu·</strong></span> 
     </span>
    </p>
   </div>
   <div class='ocr_carea' id='block_1_15' title="bbox 1639 5727 2585 5918">
    <p class='ocr_par' dir='ltr' id='par_1_15' title="bbox 1639 5727 2585 5918">
     <span class='ocr_line' id='line_1_99' title="bbox 1641 5727 2585 5896; baseline -0.004 -100"><span class='ocrx_word' id='word_1_668' title='bbox 1641 5749 1714 5896; x_wconf 64' lang='lat' dir='ltr'><strong>capp</strong></span> <span class='ocrx_word' id='word_1_669' title='bbox 1731 5730 1833 5798; x_wconf 84' lang='lat' dir='ltr'><strong>esse?</strong></span> <span class='ocrx_word' id='word_1_670' title='bbox 1858 5731 1937 5802; x_wconf 89' lang='lat' dir='ltr'><strong>Has</strong></span> <span class='ocrx_word' id='word_1_671' title='bbox 1959 5755 2015 5808; x_wconf 88' lang='lat' dir='ltr'><strong>res</strong></span> <span class='ocrx_word' id='word_1_672' title='bbox 2037 5756 2112 5808; x_wconf 83' lang='lat' dir='ltr'><strong>erse</strong></span> <span class='ocrx_word' id='word_1_673' title='bbox 2132 5737 2302 5811; x_wconf 79' lang='lat' dir='ltr'><strong>maximas</strong></span> <span class='ocrx_word' id='word_1_674' title='bbox 2322 5757 2440 5810; x_wconf 84' lang='lat' dir='ltr'><strong>ornnes</strong></span> <span class='ocrx_word' id='word_1_675' title='bbox 2461 5730 2528 5802; x_wconf 87' lang='lat' dir='ltr'><strong>sani</strong></span> <span class='ocrx_word' id='word_1_676' title='bbox 2542 5727 2585 5794; x_wconf 90' lang='lat' dir='ltr'><strong>in·</strong></span> 
     </span>
     <span class='ocr_line' id='line_1_100' title="bbox 1639 5828 1814 5918; baseline 0.023 -22"><span class='ocrx_word' id='word_1_677' title='bbox 1639 5838 1673 5897; x_wconf 92' lang='lat' dir='ltr'><strong>te</strong></span> <span class='ocrx_word' id='word_1_678' title='bbox 1703 5828 1814 5918; x_wconf 74' lang='lat' dir='ltr'><strong>igunt.</strong></span> 
     </span>
    </p>
   </div>
   <div class='ocr_carea' id='block_1_16' title="bbox 0 0 2925 6948">
    <p class='ocr_par' dir='ltr' id='par_1_16' title="bbox 0 0 2925 6948">
     <span class='ocr_line' id='line_1_101' title="bbox 0 0 2925 6948; baseline 0 0"><span class='ocrx_word' id='word_1_679' title='bbox 0 0 2925 6948; x_wconf 95' lang='lat' dir='ltr'><strong> </strong></span> 
     </span>
    </p>
   </div>
  </div>
 </body>
</html>
