5825 6950
295 668 374 743 893
567 671 670 749 Xlll.
723 677 759 753 8.
792 669 1092 753 unanna'rto
1118 672 1448 757 ensuerunt
1474 669 1542 751 ΑΙ)
1567 669 1833 753 ROMANOS.
1882 672 1990 753 CAP.
2016 676 2080 751 IV.
2261 680 2337 755 894

303 842 414 913 mines
439 842 548 935 gratis
570 864 714 940 propter
737 850 970 925 mediatorem
1003 848 1139 927 bebere
1163 852 1289 925 remis-
1341 850 1456 923 reiicit
1474 850 1657 935 debitum,
1674 848 1722 921 ita
1737 848 1889 923 sciamus
1905 848 2006 921 reiici
2020 850 2188 924 meritum
2204 854 2331 925 remis·

303 946 458 1033 sionem,
485 960 520 1019 et
535 972 609 1021 esse
632 967 791 1044 acceptos
807 950 904 1035 Deo,
930 978 1004 1027 non
1020 970 1165 1050 propter
1179 955 1289 1027 ullius
1339 954 1451 1025 sionis
1468 965 1690 1046 peccatorum
1705 965 1739 1023 et
1755 952 1849 1025 ritae
1865 964 2041 1029 aeternae.
2252 1043 2255 1047 A

302 1051 417 1139 aperis
440 1048 647 1140 dignitatem
674 1056 712 1125 iu
737 1056 860 1141 nobis,
885 1057 960 1129 sive
976 1058 1038 1135 fiat
1054 1056 1186 1131 uost'ris
1200 1058 1288 1128 viri·
1438 1054 1640 1127 Consilium
1666 1053 1771 1127 Pauli
1800 1054 1991 1143 diligenter
2025 1054 2327 1127 considerandum

300 1148 569 1235 bus,sire1leu
584 1171 750 1229 movente
765 1161 883 1233 corda.
919 1161 1012 1234 Sunt
1026 1176 1061 1233 et
1075 1157 1162 1233 haec
1179 1182 1286 1252 opera
1340 1172 1401 1239 est.
1438 1156 1769 1231 ldcocitatdictum
1783 1157 1822 1226 in
1842 1153 1976 1228 Genesi
1996 1158 2145 1239 deiide,
2170 1156 2253 1253 quia
2272 1160 2325 1229 ibi
2463 1243 2468 1249 η

302 1248 412 1323 rDeo
433 1254 473 1324 iu
493 1258 600 1329 uobis
625 1282 790 1348 accensa,
820 1262 964 1336 dilectio
985 1260 1073 1346 Dei,
1106 1262 1287 1355 patientia,
1337 1284 1497 1351 expresse
1516 1275 1553 1333 et
1566 1261 1644 1330 sine
1662 1259 1869 1335 conditione
1889 1260 1928 1331 lit
1953 1260 2183 1341 asseveratio,
2209 1277 2244 1333 et
2265 1284 2323 1330 re-

303 1355 452 1431 ·astitas,
502 1356 605 1431 Sicut
618 1375 736 1434 autem
754 1386 829 1433 uon
845 1360 1018 1437 babemus
1039 1367 1285 1437 remissionem
1337 1365 1477 1437 velatur
1491 1384 1654 1456 expresso
1672 1363 1896 1449 testimonio,
1921 1364 2016 1457 qu0d
2033 1364 2181 1433 credens
2196 1364 2242 1435 sit
2263 1362 2322 1433 iu-

303 1473 442 1549 aropter
458 1453 546 1532 hacc
567 1485 693 1556 opera,
719 1464 767 1535 ita
793 1489 860 1537 uec
881 1482 1029 1561 propter
1050 1468 1173 1553 fidem,
1196 1492 1285 1563 qna·
1336 1484 1419 1537 stus.
1479 1464 1559 1537 Hoc
1580 1465 1733 1558 opponit
1752 1464 1841 1557 legi,
1867 1464 1978 1560 quasi,
1997 1464 2107 1535 dicat:
2134 1462 2322 1560 Nusquam

302 1580 401 1629 ‚enus
427 1574 480 1633 eat
502 1565 677 1657 qualitas,
710 1588 772 1639 seu
794 1590 885 1661 opus
905 1572 944 1640 iu
966 1569 1088 1656 uobis,
1119 1575 1179 1641 scd
1200 1569 1284 1665 quia
1336 1570 1484 1659 legimus
1499 1566 1729 1661 pronunciari
1746 1567 1901 1663 aliquem
1924 1566 2078 1649 iustum,
2103 1566 2186 1660 quia
2210 1569 2324 1657 legem

302 1660 364 1731 ide
379 1666 605 1753 agnoscimur
621 1669 870 1756 mediatorem,
890 1686 926 1744 et
945 1673 1112 1746 beneficia
1129 1674 1205 1745 eius
1219 1676 1283 1744 ad·
1334 1671 1516 1766 isupleait,
1541 1672 1603 1741 sed
1618 1670 1674 1739 lex
1698 1692 1838 1762 semper
1856 1683 1996 1741 accusat
2017 1665 2201 1753 homines,
2224 1668 2322 1757 Ergo

303 1762 422 1837 tlicari
436 1766 543 1838 uobis
563 1784 703 1863 oportet
728 1772 815 1857 lide,
840 1774 991 1867 cogitata
1012 1798 1100 1847 voce
1117 1771 1283 1866 Evange·
1334 1798 1407 1843 uou
1422 1797 1545 1844 sumus
1560 1773 1635 1863 lege
1658 1772 1752 1843 iusti.
1803 1770 2006 1847 Retinenda
2030 1785 2082 1841 est
2102 1771 2211 1861 igitur
2235 1765 2321 1843 baec

310 1864 347 1939 ii.
400 1864 614 1962 Respondeo
633 1872 742 1963 igitur
762 1876 810 1945 ad
827 1878 1017 1965 maiorem,
1041 1878 1134 1951 sicut
1156 1878 1283 1950 usitate
1333 1876 1530 1949 consolatio
1545 1869 1713 1947 Abrahae
1728 1875 1842 1962 dicta,
1869 1876 1964 1968 quud
1981 1874 2028 1943 sit
2045 1875 2159 1945 iustus
2174 1874 2253 1947 lide.

305 1966 463 2041 licimus:
483 1972 830 2054 Fideiustilicamur.
1434 1976 1686 2050 &maturatur
1710 1988 1828 2048 autem
1854 1975 1989 2047 Paulus
2018 1976 2058 2047 iu
2081 1973 2320 2050 declaratione

389 2072 493 2145 Haec
518 2078 715 2169 propositio
731 2079 941 2154 correlative
965 2081 1280 2175 intelligendam,
1332 2081 1596 2173 imputationis,
1620 2094 1661 2151 ut
1683 2081 1845 2151 ostendat
1868 2078 2055 2171 gratuitam
2078 2100 2172 2164 esse,
2196 2092 2231 2150 et
2245 2104 2321 2150 esse

289 2173 391 2265 ,ossi
409 2176 569 2263 dicatur,
593 2177 664 2251 Per
681 2181 963 2254 misericordiam
987 2200 1130 2279 propter
1147 2186 1280 2257 media·
1332 2208 1409 2253 eam
1433 2183 1678 2255 remissionem
1711 2196 1955 2273 peccatorum,
1995 2192 2030 2251 et
2057 2181 2320 2251 reconciliatio·

285 2300 404 2347 orem
431 2278 680 2367 instillemus,
713 2308 819 2377 quem
846 2301 965 2359 tamen
988 2288 1057 2358 lide
1081 2289 1222 2377 agnosci
1246 2301 1280 2359 et
1332 2310 1433 2367 nem,
1480 2309 1543 2357 seu
1579 2284 1855 2376 acceptationem
1896 2296 2040 2373 propter
2074 2282 2319 2357 mediatorem.

285 2377 462 2469 adplicari
486 2383 592 2454 nubis
616 2385 692 2455 eius
724 2389 892 2459 beneficia
915 2388 985 2459 lide
1008 2405 1157 2479 oportet.
1215 2388 1280 2462 Eat
1330 2387 1505 2479 Adiungit
1525 2386 1637 2476 igitur
1662 2387 1756 2458 dicta
1771 2383 1924 2458 Psalmi:
1955 2383 2057 2457 Beati
2082 2406 2235 2479 quorum
2262 2410 2321 2457 re-

285 2504 371 2569 :rgo
386 2486 563 2558 sententia
586 2487 626 2555 in
654 2489 804 2561 maiore:
832 2488 984 2583 Propter
1003 2488 1185 2565 Christum
1212 2488 1278 2562 ba·
1331 2492 1457 2561 missae
1480 2503 1566 2561 sunt
1589 2489 1795 2582 iniquitates
1809 2500 1874 2559 etc.
1925 2484 2057 2560 Beatus
2072 2487 2145 2574 vir,
2169 2488 2320 2559 coinon

285 2606 413 2655 >emm
433 2586 679 2661 remissionem
700 2606 735 2662 et
751 2615 875 2665 sumus
900 2594 1005 2681 iusti,
1028 2595 1066 2665 id
1081 2610 1153 2681 est,
1179 2616 1278 2667 acce·
1330 2594 1521 2685 imputavit
1535 2588 1715 2664 Dominus
1731 2604 1911 2683 peccatum
1926 2606 1992 2665 etc.
2216 2598 2220 2607 '

285 2686 345 2757 sti.
399 2686 482 2759 Non
506 2688 620 2782 igitur
637 2694 799 2786 sequitur
821 2696 1021 2780 conclusio,
1062 2699 1160 2792 quod
1194 2720 1277 2787 pro·
1431 2694 1575 2769 Recitat
1595 2692 1730 2764 Paulus
1750 2696 1981 2774 antecedens,
2008 2694 2069 2763 sed
2094 2693 2153 2765 liet
2176 2717 2319 2765 accum-

285 2802 360 2857 uer
375 2812 484 2880 opera
500 2794 611 2864 simus
627 2795 726 2867 iusti.
777 2795 838 2870 Sic
855 2820 936 2868 cum
952 2800 992 2867 iu
1004 2796 1109 2871 Bsaia
1125 2800 1275 2871 dicitur:
1330 2798 1487 2869 modatio
1504 2796 1615 2887 magis
1631 2797 1836 2891 perspicua,
1861 2820 1943 2867 cum
1961 2818 2180 2891 consequens
2192 2798 2320 2869 attexi-

285 2892 425 2962 soticia
449 2896 543 2965 servi
562 2896 632 2967 mei
657 2898 767 2985 iusti,
790 2899 994 2971 iustificabit
1018 2902 1167 2973 multos:
1201 2926 1274 2973 uon
1328 2914 1407 2987 tur,
1438 2900 1620 2969 videlicet:
1654 2897 1746 2970 (ium
1767 2920 1873 2968 nemo
1894 2898 1997 2968 aliter
2018 2898 2066 2969 sit
2098 2900 2241 2983 beatus,
2277 2900 2319 2967 id

300 2993 521 3083 utelligatur‚
556 3002 741 3073 credentes
773 3017 919 3093 propter
955 3003 1163 3093 dignitatem
1193 3004 1274 3074 lidei
1328 3017 1398 3089 est,
1423 3003 1538 3074 iustus
1561 3023 1624 3073 seu
1639 3014 1802 3092 acceptus
1817 2998 1911 3084 Deo,
1936 2999 2008 3069 uisi
2031 3014 2170 3093 peccata
2192 3003 2319 3072 remit-

307 3096 440 3181 ·lacere,
472 3102 532 3169 sed
564 3102 646 3172 ideo
676 3102 726 3173 sis
758 3104 919 3198 loquitur
951 3101 1148 3199 Propheta,
1192 3106 1275 3199 quia
1327 3120 1471 3189 tantur,
1504 3116 1666 3195 tegantur
1694 3115 1729 3172 et
1752 3125 1827 3172 non
1857 3102 2097 3193 imputentur,
2131 3104 2318 3176 manifeste

306 3199 427 3283 gnossi
445 3203 680 3275 mediatorem
703 3218 738 3275 et
758 3204 827 3277 lide
849 3206 1021 3297 adplicari
1043 3208 1118 3279 eiua
1141 3208 1275 3279 beneti-
1327 3208 1508 3300 sequitur,
1533 3206 1715 3276 nemiuem
1736 3204 1776 3273 in
1801 3198 1868 3273 isac
1895 3204 2085 3296 depravata
2109 3218 2237 3277 natura
2258 3229 2318 3275 sa·

306 3300 517 3392 iaoportet.
574 3308 691 3379 Antea
713 3310 809 3379 enim
844 3308 998 3382 dixerat:
1040 3308 1170 3381 Livore
1198 3310 1275 3383 eius
1327 3309 1488 3380 tislacere
1513 3308 1602 3399 legi,
1634 3309 1815 3377 neminem
1837 3304 1912 3397 lege
1932 3307 2068 3379 iustum
2091 3329 2185 3390 esse,
2215 3323 2250 3379 et
2278 3308 2318 3379 iu

305 3402 394 3474 anati
418 3426 553 3482 sumus.
1325 3411 1497 3483 omnibus
1519 3406 1665 3482 haerere
1684 3422 1845 3503 peccata,
1876 3409 1960 3504 quia
1983 3423 2127 3500 propter
2142 3408 2316 3482 mediato·

383 3503 481 3580 Haec
497 3511 655 3584 breviter
674 3513 883 3602 dictasunt,
909 3527 949 3585 ut
971 3513 1182 3586 vocabulum
1212 3512 1274 3586 Fi-
1326 3537 1400 3584 rem
1429 3515 1664 3584 remittuntur
1691 3511 1861 3583 credenti.
1928 3510 1986 3584 Sit
2013 3525 2130 3584 autem
2155 3511 2318 3585 Psalmus

304 3629 362 3690 es,
385 3629 446 3678 seu
462 3614 630 3696 credidit,
652 3617 698 3685 sit
715 3617 951 3714 perspicuum.
993 3615 1272 3712 Nuncsequun·
1327 3615 1499 3688 illetotus
1516 3615 1741 3699 notissimus,
1765 3615 1850 3707 quia
1866 3614 2065 3686 doctrinam
2084 3617 2318 3687 necessariam

306 3731 342 3776 ur
356 3725 489 3784 caetera
505 3718 694 3802 vocabula,
723 3714 897 3811 imputata
917 3732 968 3790 est
986 3719 1017 3787 ei
1037 3718 1191 3790 iusticia:
1222 3720 1272 3790 sie
1325 3733 1360 3789 ct
1389 3719 1632 3789 dulcissimam
1666 3716 1945 3788 consolationem
1974 3717 2146 3791 continet.
2223 3717 2315 3790 Cum

304 3811 375 3878 uim
393 3811 546 3887 Hebraei
564 3819 705 3908 legunt,
732 3821 768 3891 id
786 3841 855 3904 est,
877 3818 1039 3910 Cogitata
1056 3845 1117 3893 seu
1134 3823 1271 3892 decreta
1325 3821 1420 3891 enim
1435 3820 1627 3891 didicimus
1651 3835 1686 3891 ct
1710 3843 1752 3889 ex
1771 3841 1813 3888 eo
1831 3817 1992 3905 Psalmo,
2017 3833 2052 3890 et
2067 3843 2109 3889 er
2131 3815 2198 3890 bac
2221 3821 2316 3892 iute-

303 3909 449 4000 stbuic,
479 3919 543 4013 qui
572 3935 674 3993 autea
705 3947 786 3994 reus
825 3939 921 4010 erat,
955 3923 1112 4008 iusticia,
1146 3925 1273 4011 idest,
1324 3945 1385 4012 gra
1408 3920 1512 3992 Pauli
1533 3921 1714 4007 doctrina,
1745 3922 1844 4016 quod
1871 3917 1940 3992 hoc
1969 3923 2077 3992 modo
2100 3935 2238 3992 tantum
2278 3939 2316 3995 et

304 4019 443 4088 emissio
457 4037 702 4112 peccatorum,
727 4039 762 4096 et
777 4025 969 4114 acceptatio
986 4027 1108 4094 divina
1136 4039 1169 4096 et
1187 4021 1272 4098 bae·
1324 4049 1399 4095 stou
1413 4023 1517 4096 aliter
1536 4020 1644 4094 bomo
1660 4021 1723 4096 fiat
1741 4023 1872 4110 iustus,
1898 4025 2024 4110 idest,
2046 4038 2207 4116 acceptus
2222 4022 2314 4110 Deo,

302 4121 409 4187 editas
427 4135 590 4196 aeternae
606 4127 698 4197 vitae
712 4141 745 4200 et
759 4127 939 4212 iusticias,
960 4149 1041 4199 cum
1058 4129 1170 4198 credit
1188 4152 1272 4218 pru-
1323 4151 1418 4198 cum·
1429 4127 1542 4198 credit
1556 4127 1625 4197 sibi
1648 4126 1780 4198 remitti
1813 4142 1951 4218 perena
1973 4142 2117 4217 propter
2140 4129 2315 4200 mediato-

302 4219 454 4296 sissioni.
506 4222 560 4295 Ac
577 4228 663 4300 citat
678 4227 810 4302 Paulus
827 4226 895 4299 boc
912 4229 1071 4309 dictum,
1097 4231 1180 4324 quia
1197 4231 1271 4321 pri·
1323 4253 1415 4312 mm,
1440 4231 1569 4319 gratia,
1594 4244 1630 4298 et
1652 4230 1746 4321 quod
1771 4225 2073 4301 velitDeushauc
2089 4253 2188 4300 suam
2207 4231 2315 4301 mise-

301 4343 374 4388 sum
400 4347 564 4416 expresse
586 4331 694 4412 dicit,
725 4329 919 4420 Quomodo
941 4327 1081 4402 bomini
1101 4333 1271 4402 decerna·
1322 4333 1516 4402 ricordiam
1533 4332 1695 4423 agnosci,
1720 4345 1756 4403 et
1776 4331 1935 4421 conspici
1959 4331 2129 4402 beneficia
2154 4332 2238 4418 lilii,
2264 4336 2315 4404 si-

299 4423 580 4502 .1riusticissiue
596 4434 813 4505 conditione.
869 4431 911 4502 lu
927 4435 1003 4524 lege
1019 4434 1115 4503 enim
1131 4448 1269 4506 tautum
1322 4447 1382 4504 cut
1395 4433 1543 4518 clamat,
1563 4429 1789 4504 Osculamini
1813 4432 1947 4518 filium,
1979 4431 2080 4503 Beati
2102 4457 2227 4504 omnes
2250 4436 2314 4528 qui

298 4525 536 4601 anditioualca
554 4536 814 4626 propositiones
838 4550 938 4606 suut:
973 4533 1187 4607 Maledictus
1205 4535 1268 4631 qui
1322 4537 1508 4606 conliduut
1521 4537 1562 4604 in
1579 4559 1638 4608 eo:
1661 4534 1881 4626 amplissima
1896 4535 2092 4604 consolatio
2108 4535 2213 4606 uobis
2229 4562 2314 4628 pro-

299 4649 346 4693 un
365 4644 490 4702 menet
510 4634 549 4704 in
573 4638 742 4706 omnibus
765 4650 830 4707 etc.
890 4635 1005 4709 Addit
1026 4637 1136 4728 igitur
1150 4639 1269 4708 decla·
1322 4637 1488 4728 punitur,
1521 4661 1613 4731 quae
1633 4649 1805 4707 sustentat
1830 4659 1896 4706 nos
1921 4638 1958 4706 iu
1982 4636 2232 4723 conversione,
2268 4663 2340 4708 ne·

297 4729 472 4817 ationem,
505 4742 600 4828 quod
625 4738 813 4830 imputatio
836 4739 883 4810 sit
906 4739 1077 4828 gratuita,
1104 4739 1269 4810 videlicet
1321 4761 1522 4828 mergamur
1538 4741 1576 4806 in
1593 4739 1875 4830 desperationem
1893 4754 1928 4809 et
1942 4738 2108 4826 esitium,
2133 4739 2195 4810 sed
2213 4763 2313 4811 acce·

298 4835 368 4900 uod
392 4829 493 4904 Deus
515 4831 612 4910 bunc
636 4843 839 4911 credentem
860 4843 990 4930 cogitet
1012 4863 1074 4911 seu
1100 4845 1267 4913 decernat
1319 4841 1446 4910 damus
1462 4843 1506 4910 ad
1525 4839 1641 4910 Deum
1661 4835 1727 4910 bac
1744 4840 1825 4909 bdc.

297 4955 342 5001 sse
358 4935 497 5006 iustum
514 4959 577 5010 sua
600 4943 866 5033 misericordia,
894 4940 1032 5036 etiamsi
1056 4965 1131 5013 nou
1157 4958 1207 5013 est
1227 4943 1266 5012 in
1424 4941 1605 5013 Vocabula
1629 4941 1669 5012 in
1702 4939 1845 5012 Psalmo
1874 4956 1957 5013 suut
1984 4941 2180 5033 perspicua.
2229 4943 2313 5019 Pri·

296 5037 502 5128 oimpletio
525 5041 631 5132 legis,
654 5067 762 5139 quam
788 5041 885 5116 Deus
905 5045 1119 5134 adprobaret
1141 5067 1179 5114 er
1201 5047 1266 5115 de·
1319 5067 1416 5114 mum
1442 5045 1650 5115 nominatur
1673 5042 1835 5115 remissio
1858 5059 2102 5135 peccaturum,
2145 5065 2310 5136 quaeest

298 5135 367 5216 ito,
396 5140 429 5208 si
454 5143 608 5230 adesset,
633 5145 754 5238 inquit
778 5146 902 5236 igittm:
936 5144 1077 5216 Merces
1096 5147 1203 5217 datur
1223 5171 1265 5217 er
1317 5146 1480 5217 desinere
1507 5147 1612 5217 irasci
1632 5145 1802 5239 peccatis,
1832 5169 1893 5215 seu
1917 5146 2116 5236 praeteritis
2130 5171 2193 5219 seu
2207 5173 2310 5242 prae-

297 5239 415 5326 ebito,
458 5243 590 5328 idest,
630 5243 704 5320 Ubi
742 5262 795 5318 est
826 5247 942 5340 reipsa
977 5247 1066 5339 legis
1090 5247 1265 5339 impletio,
1316 5249 1488 5320 sentibus.
1525 5246 1663 5320 Deinde
1675 5247 1746 5336 tegi
1762 5262 1901 5339 peccata
1918 5262 1971 5319 est
1986 5247 2220 5320 mediatorem
2234 5279 2311 5326 esse

297 5343 385 5421 leus,
408 5347 474 5438 qui
489 5361 540 5420 est
555 5349 653 5433 talis,
678 5351 852 5442 approbat
874 5374 951 5420 eam
975 5373 1095 5422 meua
1113 5350 1263 5424 iusticia.
1315 5351 1583 5436 umbraculum,
1609 5373 1656 5420 ne
1679 5349 1885 5420 effundatur
1907 5349 1944 5418 iu
1970 5373 2037 5419 nos
2059 5350 2111 5419 ira
2129 5347 2206 5427 Dei.
2258 5353 2307 5428 Et

371 5443 446 5516 Hic
466 5449 606 5524 discant
629 5453 789 5522 iuniores
804 5450 975 5524 voeabula
992 5448 1115 5524 Debiti
1129 5468 1165 5524 et
1181 5449 1262 5524 Me·
1315 5454 1459 5543 proprie
1474 5453 1624 5526 dicitur:
1649 5451 1739 5543 Tegi
1756 5465 1961 5544 peccatum,
1986 5453 2085 5545 quod
2106 5447 2225 5525 adhuc
2240 5461 2307 5528 ad-

299 5539 328 5614 li
354 5547 567 5624 correlativa
605 5575 690 5627 esse.
763 5549 852 5627 Cum
882 5547 1048 5626 monachi
1075 5556 1260 5627 dixerunt:
1313 5567 1365 5626 est
1388 5555 1428 5624 iu
1452 5556 1597 5626 renatis.
1656 5549 1735 5624 Btsi
1757 5555 1854 5622 enim
1876 5567 1927 5624 est
1951 5567 2153 5645 peccatum,
2193 5571 2227 5626 et
2249 5559 2306 5626 di-

299 5651 457 5720 outritus
472 5646 579 5726 babet
603 5657 729 5727 merita
750 5657 794 5726 de
817 5658 1018 5746 condigno,
1045 5650 1113 5728 bor
1136 5653 1259 5728 voluc-
1310 5679 1420 5742 gnum
1446 5670 1587 5728 aeterua
1613 5677 1745 5748 poena,
1778 5668 1897 5725 tamen
1925 5655 2079 5746 tegimur
2100 5679 2164 5746 per
2187 5657 2302 5730 tilium

301 5768 370 5836 tut,
399 5748 493 5823 banc
509 5758 750 5828 obedientiam
764 5781 839 5828 esse
859 5759 1054 5836 iusticiam,
1081 5776 1187 5852 quam
1202 5781 1259 5828 re-
1312 5757 1405 5842 Dei,
1429 5757 1525 5833 sieut
1545 5759 1694 5830 dicitur:
1720 5753 1803 5828 Nun
1829 5758 1913 5828 estis
1934 5760 2002 5827 sub
2025 5756 2122 5845 tege,
2149 5761 2209 5828 secl
2233 5767 2301 5834 sub

300 5849 372 5940 ipiat
395 5853 494 5927 Deus
514 5881 556 5932 cs
578 5861 699 5934 debito
721 5875 789 5936 etc.
842 5857 891 5934 Ut
914 5859 1023 5954 igitur
1044 5853 1102 5932 bic
1125 5857 1259 5934 Paulus
1310 5861 1434 5954 gratia.
1485 5855 1534 5934 Bt
1548 5883 1754 5958 quanquam
1776 5859 1946 5952 iutelligit
1961 5857 2125 5930 Psalmus
2138 5861 2209 5954 tegi
2226 5888 2307 5956 per.
