5825 6950
584 698 681 775 1337
1176 681 1305 756 eittu.
1331 678 1452 759 MEL.
1479 682 1690 763 SCRIPTA
1717 681 2020 763 extentius.
2266 736 2271 751 ,
2502 700 2572 779 1333

587 865 801 943 naturaliter
815 856 939 933 haeret
955 856 993 927 iu
1009 851 1219 927 horninibus
1235 856 1435 943 dnbitaiio,
1465 871 1587 931 tinen
1640 864 1768 937 verbo:
1810 854 1990 933 Retinens
2016 855 2189 961 sormam
2221 880 2399 929 sonorum
2422 863 2579 963 siriciani,

591 971 785 1046 certissima
808 963 970 1036 doctrina
993 973 1070 1046 est,
1097 974 1131 1029 et
1156 984 1224 1029 vox
1236 957 1426 1051 Evangelii
1447 964 1587 1057 perspi·
1640 967 1678 1038 id
1696 980 1763 1051 est,
1791 988 1881 1058 quae
1895 963 1963 1034 tibi
1977 976 2080 1035 antea
2094 962 2269 1033 delineata
2285 975 2347 1032 est.
2400 961 2476 1037 vati
2494 984 2522 1041 it
2538 1001 2579 1047 rei

591 1101 676 1162 cua,
702 1080 891 1144 conversos
906 1076 1071 1156 oportere
1087 1062 1228 1131 vincere
1245 1064 1527 1152 dubitationem,
1553 1080 1586 1137 et
1639 1070 1734 1161 ipsas
1749 1066 1916 1151 retineri,
1942 1077 1977 1136 et
1996 1066 2122 1160 modos
2146 1064 2327 1158 loquendi¹
2341 1065 2534 1156 perspicuos,
2555 1094 2579 1149 ct

592 1193 745 1251 statuere
761 1172 857 1267 quod
874 1166 1030 1239 habeant
1043 1164 1287 1236 remissionem
1302 1178 1539 1260 peecatorum,
1552 1182 1588 1241 et
1640 1172 1789 1243 usitatos
1831 1162 2020 1261 Prophetis
2061 1181 2094 1237 et
2140 1165 2336 1259 Apostolis.
2409 1167 2584 1267 Quanquam

592 1283 664 1354 sint
681 1280 719 1350 in
736 1276 858 1369 gratia.
1301 1264 1305 1273 ¹
1543 1284 1546 1293 “
1640 1273 1736 1344 enim
1766 1296 1841 1342 non
1869 1270 2112 1365 superstitiose
2147 1270 2304 1367 postulat
2337 1269 2462 1365 ubique
2491 1280 2583 1349 eaden

696 1396 781 1469 ldeo
810 1384 906 1465 enim
936 1386 1191 1481 promissiones
1225 1385 1401 1459 divinitus
1434 1386 1586 1460 traditae
1640 1376 1744 1446 verba
1763 1374 1921 1445 recitari:
1958 1388 2077 1445 tamen
2100 1374 2178 1443 vutt
2198 1370 2303 1441 vitari
2325 1372 2584 1465 ambiguititasct

468 1487 471 1493 ¹
594 1518 697 1587 sunt,
721 1514 762 1569 ut
778 1492 953 1566 naturalis
968 1489 1144 1560 dubitatio
1159 1488 1326 1571 tollatur,
1359 1505 1391 1563 et
1411 1515 1486 1564 non
1509 1514 1587 1561 ere·
1639 1472 1880 1579 λογομαχίας.

478 3905 486 3920 ·
600 3885 681 3965 pter
703 3865 945 3939 ministerium
968 3873 1002 3928 et
1026 3873 1169 3949 propter
1197 3858 1376 3927 auditores
1400 3860 1486 3950 ipsis
1510 3862 1591 3929 data

595 1604 694 1677 denti
712 1626 773 1673 seu
790 1594 949 1669 manenti
964 1594 1003 1662 in
1018 1590 1242 1661 dubitatione
1260 1592 1449 1685 promissio
1469 1594 1587 1663 inanis
1740 1592 1939 1686 Exaggerat
1952 1606 2069 1664 autem
2084 1607 2329 1687 praeceptum,
2352 1618 2429 1665 cuin
2445 1595 2530 1671 iubet
2542 1626 2585 1672 ru-

595 1709 733 1780 sonitus
748 1717 811 1775 est.
865 1696 949 1767 ideo
963 1693 1096 1765 Paulus
1113 1692 1233 1786 inquit
1256 1697 1299 1764 ad
1318 1692 1503 1767 Romanos
1528 1718 1587 1766 ca·
1640 1700 1766 1769 stodiri
1781 1698 1982 1769 doctrinam
1998 1708 2165 1789 tanquam
2183 1697 2403 1787 praeclarum
2417 1700 2586 1791 depositam.

595 1815 668 1904 pite
683 1819 827 1903 quarto:
855 1798 939 1871 ideo
956 1822 998 1867 ex
1013 1797 1083 1865 fide
1099 1792 1238 1882 Gratis,
1264 1798 1364 1868 utsii
1381 1801 1482 1869 firma
1499 1823 1582 1893 pro·
1640 1799 1788 1873 Constat
1804 1814 1920 1870 antem
1941 1799 1979 1867 iii
1996 1798 2228 1869 custodiendo
2239 1800 2400 1890 deposito
2409 1804 2588 1875 severissime

595 1912 729 1984 missio.
779 1904 878 1977 Haec
893 1899 980 1971 fides
996 1898 1157 1991 opposita
1172 1912 1224 1969 est
1239 1900 1587 1983 dubitationi‚iiixta
1641 1906 1812 1995 postulari
1845 1905 1975 1971 liouarn
2007 1900 2125 1973 fidem.
2185 1899 2258 1972 Nec
2281 1904 2415 1973 trustra
2434 1906 2534 1974 addit:
2561 1914 2587 1975 ni

596 2017 688 2086 iiiut
711 2012 754 2082 ad
777 2007 963 2082 Romanos
988 2001 1101 2093 capite
1125 2002 1268 2095 quinto:
1305 2000 1488 2089 iustificati
1518 2004 1587 2072 fide
1641 2000 1825 2076 custodiat
1847 1998 2312 2101 perSpi'ritom'snnctnm.
2365 2002 2450 2077 Vult
2470 2008 2589 2075 nonin,

596 2140 716 2213 pacem
749 2108 923 2181 habemus
946 2119 980 2177 et
1001 2127 1177 2174 aceessum
1201 2106 1247 2174 ad
1271 2099 1398 2175 Deum.
1460 2103 1588 2194 Quan-
1641 2110 1787 2198 dulgere
1815 2106 1995 2177 auditore,
2023 2105 2155 2175 rationi
2184 2106 2367 2200 quaerenti
2389 2108 2591 2179 mmmm

596 2243 703 2315 qoam
735 2231 852 2286 autem
886 2209 1039 2279 sentitur
1073 2206 1278 2297 trepidatio,
1320 2220 1441 2279 tamen
1478 2208 1589 2277 sciant
1641 2223 1874 2282 contrariete
1893 2207 2042 2291 tradita,
2070 2208 2146 2279 ruit
2169 2208 2397 2279 invocatione
2410 2208 2473 2279 Dei
2493 2213 2591 2281 conir-

507 2366 512 2371 ι
598 2312 925 2394 cordadictuiniu
950 2309 1076 2381 Marco
1098 2308 1212 2399 rapite
1231 2331 1347 2379 nono:
1382 2309 1497 2383 Credo
1513 2306 1588 2381 Do.
1641 2313 1874 2399 „mitonins
1901 2310 2592 2383 uggingfirmapnretinendisremm·

598 2427 719 2505 misse,
744 2410 1346 2507 ted⁰P⁰fflf⁸fd5sfidfflti³emeau
1402 2411 1463 2485 Sic
1487 2425 1588 2503 peta·
1641 2416 1738 2488 ditis.
1789 2412 1900 2484 Mutii
1917 2412 2141 2501 indulgentes
2159 2414 2232 2482 suis
2248 2414 2592 2506 speculationibiis,it

597 2538 725 2597 inussit
742 2544 807 2590 nos
826 2514 1050 2598 confirmari,
1085 2514 1181 2582 iuxta
1203 2514 1314 2584 illud:
1342 2512 1490 2604 Quanto
1514 2538 1589 2583 ma·
1641 2512 1812 2588 habentes
1832 2516 1992 2587 studium
2016 2516 2283 2585 contradicendi
2307 2517 2486 2587 excutiunt
2506 2514 2592 2605 Spiri-

599 2631 652 2723 gis
666 2626 767 2697 dabit
785 2634 883 2714 pater
900 2617 1060 2688 coelestis
1078 2614 1253 2707 Spiritum
1277 2630 1438 2687 sanctum
1466 2632 1590 2709 peten-
1642 2628 1717 2690 tum
1734 2630 1914 2701 sanctum,
1941 2616 2063 2709 quales
2081 2611 2139 2686 hic
2155 2620 2318 2688 nominat
2333 2620 2516 2712 quosdam,
2531 2614 2593 2687 Phi-

599 2733 706 2802 tihus.
755 2717 1006 2794 Ethaeciides
1030 2718 1214 2788 intueatur
1239 2719 1529 2809 promissionem,
1556 2732 1591 2788 et
1641 2722 1773 2811 gelloni
1806 2735 1840 2791 et
1864 2716 2125 2808 Hermogenem
2157 2731 2192 2788 et
2218 2722 2394 2815 reliquos.
2455 2718 2594 2811 Praecipit

600 2830 784 2904 “emim
810 2822 1048 2895 5¹¹V⁰⁰³fi⁰¹¹ffl
1098 2816 1179 2887 ΗΜ
1202 2844 1281 2890 ωῐῃ
1305 2821 1360 2906 fii,
1392 2822 1589 2891 (01180131ῑο
1643 2824 1753 2915 igitur
1780 2824 1823 2891 ad
1843 2814 2052 2891 Corinthios
2072 2822 2109 2892 2.
2125 2818 2291 2895 Corinth.
2309 2824 2370 2895 10.
2397 2821 2503 2913 redigi
2524 2844 2595 2889 inen-

599 2931 742 3029 ipsein
767 2927 872 2999 nobis
898 2939 950 2995 est
971 2921 1237 3007 testimonium,
1271 2947 1342 3016 qno
1366 2924 1590 3012 agnoscimus
1642 2926 1749 2999 tasin
1767 2923 2004 3017 captivitatem
2020 2916 2176 2996 Christo.
2455 2938 2458 2947 ⁴

599 3060 666 3107 iios
682 3030 829 3104 liberari
847 3052 887 3098 ex
905 3040 1019 3095 morte
1032 3038 1185 3103 aeterna,
1200 3026 1244 3092 de
1260 3050 1330 3119 qna
1347 3026 1591 3096 consolatione

599 3137 720 3233 inquit
742 3131 876 3203 Paulus
896 3128 941 3199 ad
963 3126 1147 3201 Romanos
1167 3126 1279 3218 capite
1303 3141 1444 3199 octavo:
1480 3126 1592 3198 Acce·
1867 3140 1945 3216 Da
1960 3139 2255 3217 m55„;cordiam
2270 3140 2410 3217 domm».

599 3242 702 3339 pistis
719 3235 893 3329 Spiritum
910 3230 1122 3300 clamantem
1139 3225 1243 3297 Abba
1257 3244 1368 3321 pater.
1421 3230 1494 3301 Hic
1517 3230 1591 3321 spi-

601 3347 691 3415 ritus
715 3342 777 3409 dat
798 3333 1038 3406 testimonium
1066 3330 1206 3421 spiritui
1232 3345 1372 3418 nostro,
1414 3334 1510 3425 quod
1541 3333 1570 3402 si

599 3470 680 3518 mus
703 3442 766 3514 biii
790 3438 871 3514 Dei.
921 3434 969 3506 Et
993 3434 1029 3502 in
1047 3428 1139 3502 hanc
1163 3434 1374 3505 sententiam
1398 3437 1448 3506 ait
1464 3429 1570 3527 Augu

602 3552 732 3621 stinus:
757 3541 916 3614 Credens
932 3539 998 3608 seit
1011 3561 1048 3606 se
1065 3538 1219 3609 credere.

1574 3375 1591 3386 ·
1747 3293 1829 3365 Non
1853 3296 2111 3388 praetereunda
2140 3308 2223 3367 sunt
2248 3292 2307 3367 hie
2328 3297 2505 3391 exempla,
2534 3320 2596 3392 qnae

1572 3474 1591 3488 ,
1644 3394 1703 3467 hie
1727 3413 1886 3469 recenset
1911 3397 2061 3484 Paulus,
2093 3422 2246 3492 quorum
2271 3400 2374 3491 prius
2397 3413 2449 3471 est
2471 3398 2595 3492 deApo·

1645 3503 1742 3574 statis
1757 3502 1813 3571 vel
1832 3501 2100 3593 corruptoribus
2116 3503 2319 3588 doctrinae,
2351 3507 2449 3597 qnod
2473 3529 2598 3573 comino·

1645 3605 1796 3674 nefariat
1812 3627 1878 3674 nos
1894 3604 1937 3672 de
1956 3603 2097 3673 insidiis
2121 3604 2277 3688 diaboli,
2302 3619 2338 3676 et
2362 3611 2410 3676 de
2432 3621 2539 3676 nostra
2558 3605 2596 3672 in-

1644 3686 1846 3779 firmitate.⁸
1873 3703 1965 3776 Cum
1986 3705 2080 3774 enirn
2098 3699 2136 3772 hi
2155 3707 2368 3794 defecerint,
2402 3711 2461 3802 qui
2477 3709 2598 3777 familii-

1645 3834 1700 3879 res
1717 3809 1861 3879 suerunt
1878 3808 2080 3899 Apostolis,
2113 3821 2147 3878 et
2162 3821 2378 3906 spectatores
2398 3815 2535 3882 inerunt
2549 3809 2598 3876 nii·

1646 3910 1867 3995 iaculorum,
1898 3911 1984 4002 quid
2001 3923 2121 4001 postea
2142 3911 2228 3981 ficit
2257 3907 2535 4004 Expavescimus
2554 3912 2598 4000 igi·

1645 4028 1705 4084 tur
1728 4027 1763 4082 et
1786 4035 1928 4082 oreinus
1952 4035 2018 4081 nos
2044 4013 2266 4100 confirmari,
2298 4040 2338 4084 ac
2364 4017 2596 4086 meminerimus

1645 4117 1705 4184 ilia
1723 4115 1815 4184 dieta
1833 4113 1947 4183 Lucae
1968 4115 2048 4188 12.=
2075 4111 2250 4185 Diabolus
2266 4119 2476 4210 depoposcit
2493 4143 2561 4202 vos,
2576 4129 2596 4182 nt

1644 4219 1817 4288 cribraret
1831 4241 1893 4286 vos
1910 4230 2082 4310 tanquam
2095 4217 2275 4304 triticum,
2308 4236 2539 4292 veruntamen
2557 4242 2597 4308 egi

704 4362 893 4484 Quaerunt
921 4382 1089 4458 monachi
1121 4380 1210 4454 hanc
1243 4384 1490 4454 certitudinem
1516 4408 1589 4454 uon
1643 4333 1913 4509 rogavfflmoe’
1938 4319 2315 4457 nedefimtfidmu?
2335 4321 2455 4414 pebfe·
2522 4443 2530 4460 ⁹

601 4499 641 4568 in
673 4494 949 4590 promissione‚·
981 4491 1043 4560 sed
1086 4488 1126 4555 iii
1158 4486 1386 4579 qualitatibus
1417 4488 1491 4556 siris
1525 4487 1590 4558 ubi
1810 4462 1907 4508 “⁰¹¹¹
1925 4439 2124 4530 “emplum
2142 4453 2194 4510 0⁵¹
2210 4435 2368 4512 h⁰¹⁰¹⁰¹⁸
2386 4444 2597 4528 besstfiffltttt

602 4625 682 4672 cum
715 4596 902 4666 inveniant
926 4589 1209 4672 immunditiem,
1242 4589 1366 4658 iubent
1387 4612 1530 4658 manere
1550 4590 1588 4658 in
1643 4539 1861 4630 Ecclemm’
1901 4543 1945 4610 de
1975 4565 2049 4660 Ῥω,
2080 4563 2207 4632 3⁰⁰²oe
2239 4542 2487 4667 ⁸¹⁰⁰¹¹¹⁰⁵y¹¹³f
2508 4551 2597 4616 ‘¹¹³⁰‘

1644 4657 1848 4736 praecepta,
1886 4667 2157 4735 promissiones,
2200 4651 2551 4719 commonefacironas
2575 4653 2597 4710 it

602 4701 839 4788 dubifflfiffl‘·
897 4691 1031 4765 cmm
1062 4714 1147 4760 ΜΟ
1171 4691 1353 4760 ³⁰i⁰¹¹d¹¹¹¹¹
1380 4708 1451 4776 ‘st'
1483 4693 1588 4762 fidem
1643 4747 1817 4838 exempla,
1853 4769 1943 4840 quae
1966 4745 2088 4814 omnia
2113 4757 2197 4816 nota
2221 4762 2317 4818 sunt.
2374 4747 2521 4821 Genesis
2542 4749 2596 4818 lb:

600 4802 734 4876 immi
769 4796 1063 4917 9²⁰I¹¹i⁸³i⁰¹¹⁶m
1113 4817 1188 4862 ¹¹⁰⁰
1220 4793 1590 4912 ‘bualhmswm'
1642 4845 1854 4918 Benedicam
1889 4847 2181 4918 benedicentibus
2215 4849 2281 4919 tibi
2351 4866 2388 4924 et
2423 4853 2597 4922 maledicam

600 4897 1079 4978 sicutrectedictumestab
1094 4896 1313 4984 Augustino:
1350 4895 1590 4966 Totiusfidu-
1644 4951 1938 5020 maledicentibus
1961 4951 2039 5022 tibi·
2090 4899 2414 5030 Etnemerznom·
2449 4953 2596 5043 trigesimi

601 5011 675 5080 riae
706 5005 880 5076 certitudo
912 5023 987 5072 esse
1017 4998 1125 5069 debet
1157 4999 1196 5066 iii
1223 4997 1379 5088 pretioso
1416 5001 1588 5090 sangnine
1642 5055 1763 5122 terum
1793 5043 1962 5123 Domina
1987 5065 2047 5120 ma
2072 5053 2324 5127 agimundo
2346 5071 2423 5133 tuo·
2476 5051 2596 5144 Quidp,

599 5107 749 5183 Chr¹⁵¹¹⁰
1643 5157 1690 5226 cit
1705 5155 1795 5246 patri
1812 5170 1848 5226 et
1865 5155 1967 5224 matri
1985 5155 2087 5224 uxori
2107 5168 2141 5225 et
2159 5155 2302 5242 liberis,
2336 5161 2457 5230 nescio
2479 5182 2550 5237 vos,
2570 5148 2595 5222 hi

1642 5271 1745 5327 erunt
1769 5259 1930 5328 custodes
1950 5256 2036 5344 tegis
2060 5279 2169 5327 meae.
2195 5255 2594 5333 Benedicamholocansto

1642 5373 1721 5442 tuo,
1748 5357 1819 5448 Qui
1834 5363 1986 5429 oderunt
2007 5383 2086 5426 enin
2097 5409 2109 5444 ,
2144 5384 2216 5430 nori
2235 5381 2465 5454 consurgent.
2515 5361 2594 5428 videi

702 5463 849 5556 Repetit
866 5474 1091 5554 praeceptum
1108 5461 1153 5529 de
1169 5462 1411 5529 conservanda
1436 5461 1589 5549 puritate
1642 5461 1742 5552 plura
1772 5464 1941 5531 membra.
2001 5458 2162 5530 Primum
2195 5462 2317 5553 alligat
2346 5469 2540 5536 sacerdotes
2563 5459 2590 5528 ad

599 5569 804 5650 doctrinae,
844 5563 940 5657 quod
964 5563 1165 5651 saepissime
1188 5562 1225 5630 iii
1248 5563 1382 5630 divinis
1406 5564 1589 5632 concioni·
1641 5577 1897 5654 centumgenus
1913 5561 2094 5632 doctrinae
2112 5565 2244 5633 divinis
2269 5569 2488 5638 testimoniis
2511 5565 2592 5637 tradi·

597 5670 863 5742 bnsrecitatur.
907 5661 955 5734 Et
970 5688 1107 5732 sumina
1125 5659 1377 5754 comprehensa
1395 5678 1444 5733 est
1466 5665 1502 5732 in
1521 5660 1588 5736 hoc
1640 5678 1714 5734 tum
1736 5689 1797 5756 per
1809 5659 2020 5756 Prophetas,
2045 5660 2226 5736 Christum
2248 5683 2282 5739 et
2297 5667 2500 5762 Apostotos.
2544 5665 2593 5734 io-

598 5775 712 5844 dicto:
745 5767 786 5840 si
809 5767 890 5862 quis
913 5765 1011 5834 alind
1035 5761 1269 5854 Evangetium
1291 5767 1468 5849 docuerit,
1502 5789 1588 5836 ana·
1642 5781 1712 5837 stea
1729 5769 1824 5839 addit
1843 5779 2085 5860 praeceptum,
2111 5769 2233 5861 quales
2248 5795 2322 5840 esse
2339 5774 2426 5844 velit
2451 5777 2591 5844 doctores

596 5873 717 5946 thema
741 5871 798 5941 sit.
849 5867 947 5940 Usus
971 5879 1021 5936 est
1044 5880 1160 5938 autern
1177 5866 1310 5938 Paulus
1335 5863 1393 5939 hic
1415 5869 1586 5960 singulari
1640 5869 2162 5960 vidilicet,taliroborebdei,
2195 5888 2236 5945 ut
2259 5873 2461 5949 anteferant
2483 5869 2591 5946 coniit-

704 3661 839 3731 Verum
871 3670 923 3726 est
945 3668 1086 3736 autem,
1119 3650 1316 3745 Prophetas
1337 3666 1371 3722 et
1396 3654 1592 3752 Apostolos

599 3765 766 3838 habuisse
783 3759 976 3852 singularia
993 3755 1213 3835 testimonia,
1241 3779 1331 3848 quae
1346 3756 1484 3825 etiamsi
1506 3781 1591 3848 pro·

602 3985 705 4055 sunt,
732 3984 851 4038 tamen
868 3965 973 4033 etiam
992 3961 1088 4051 ipsos
1110 3959 1278 4052 privatim
1299 3959 1533 4046 confirmant,
1558 3974 1592 4032 et

601 4089 721 4146 tamen
738 4070 896 4161 ipsorum
922 4066 1009 4132 fides
1032 4062 1216 4132 nitebatur
1237 4083 1311 4130 non
1336 4063 1409 4130 illis
1432 4065 1536 4134 donis
1558 4078 1591 4135 et

601 4172 802 4252 miraculis,
835 4170 897 4239 sed
921 4165 1168 4234 misericordia
1205 4176 1350 4256 propter
1378 4165 1492 4237 tilium
1524 4165 1590 4238 Dei

603 4277 789 4372 promissa.

714 5303 898 5380 Formam
915 5304 1067 5377 retineto
1079 5327 1257 5377 sonorum
1275 5301 1473 5380 verborum.
