5825 6950
577 606 712 724 two,
1219 627 1347 704 eutr.
1372 623 1728 704 uuuscuuuu
1754 575 2055 710 amoenet.
2259 693 2265 706 .
2492 665 2537 743 uu

617 816 850 902 beneficium,
874 811 973 907 quod
992 803 1195 879 obedientia
1214 803 1418 897 imperfecta
1434 798 1512 873 Deo
1527 801 1626 893 pla-'
1662 803 1775 877 tibus:
1802 803 1922 876 sedin
1945 802 2013 880 hec
2034 807 2109 880 vita
2132 804 2280 887 haerent
2300 813 2339 885 in
2360 820 2439 893 nobis
2452 832 2540 926 reliquo

619 938 685 997 cet.
731 918 806 991 Nec
828 916 925 988 enim
948 910 1111 984 concedit
1131 904 1367 997 Evangelium
1389 917 1607 976 contemtum
1658 905 1804 1000 peccati,
1830 931 1943 990 mort,
1969 923 2005 980 et
2021 912 2154 984 multae
2170 915 2389 994 calamitates
2412 923 2541 1010 Sicutirlo

620 1026 689 1098 Dei
703 1035 826 1094 contra
840 1013 1111 1097 conscientiam,
1135 1011 1217 1082 ideo
1239 1008 1389 1091 dicitur,
1413 1000 1606 1080 Marsua:
1660 1022 1806 1082 manent
1821 1033 1918 1081 mora
1942 1025 1976 1084 ct
1994 1011 2086 1086 aliae
2104 1039 2259 1106 poenae,
2286 1021 2334 1090 ita
2360 1043 2447 1098 manet
2464 989 2542 1130 lethu

621 1127 701 1200 Nisi
716 1122 856 1196 iusticia
871 1132 987 1190 vestra
1001 1115 1147 1188 excellet
1169 1135 1275 1206 supra
1290 1110 1464 1182 iusticiam
1479 1103 1608 1180 Phari·
1661 1115 1706 1182 ad
1726 1112 1895 1204 reliquias
1917 1116 2065 1206 pcccati:
2092 1141 2174 1188 nam
2200 1115 2287 1190 haec
2308 1127 2413 1198 omnia
2429 1135 2501 1205 simul
2516 1167 2543 1210 us

622 1250 813 1311 saeorum,
854 1245 929 1293 nou
958 1218 1138 1290 intrabitis
1165 1218 1205 1287 in
1236 1237 1385 1305 reguum
1415 1211 1609 1286 coelorum.
1663 1226 1851 1300 accusant,
1895 1215 1971 1302 lex,
2013 1242 2109 1290 mora
2143 1236 2180 1293 et
2211 1223 2302 1294 aliae
2334 1251 2449 1316 poenae.
2493 1239 2539 1310 pot,

625 1331 729 1404 item:
763 1327 845 1398 Non
861 1322 944 1394 reni
963 1322 1100 1394 solvere
1116 1320 1245 1409 legem,
1270 1317 1332 1387 sed
1351 1316 1511 1407 implere.
1561 1307 1610 1382 Et
1658 1314 1792 1388 Davidi
1808 1337 1871 1389 sua
1890 1318 2069 1394 calamitas
2087 1336 2138 1393 est
2154 1349 2221 1394 vor
2245 1326 2352 1416 legis,
2368 1335 2543 1410 sedital'ullu¹

624 1433 752 1526 implet
775 1429 870 1521 ipse,
894 1440 936 1497 ut
951 1423 1059 1495 simul
1075 1423 1114 1491 in
1135 1420 1241 1492 nobis
1264 1419 1446 1499 restituat,
1472 1429 1514 1488 ut
1531 1411 1610 1485 Ro-
1660 1443 1680 1490 a
1706 1418 1781 1508 lege
1801 1433 1835 1492 et
1859 1445 1878 1492 a
1897 1435 2030 1507 morte,
2056 1425 2143 1518 quia
2167 1425 2235 1497 lide
2251 1429 2420 1506 eluctatur.
2446 1437 2546 1515 Siciaiu

624 1559 693 1604 rna.
707 1525 903 1604 adiutor:
928 1525 985 1599 Dc
999 1539 1139 1616 peccato
1154 1522 1336 1595 damnavit
1353 1533 1554 1614 peccatum,
1571 1529 1611 1593 ut
1662 1523 1775 1602 iusto,
1803 1536 1977 1612 quatenus
2003 1539 2056 1596 est
2078 1526 2214 1613 iustus,
2240 1531 2276 1598 id
2298 1547 2367 1618 est,
2389 1516 2550 1626 quateuull

527 1674 534 1690 ³
626 1635 766 1707 iusticia
785 1632 873 1723 legis
895 1631 1086 1721 impleatur
1105 1627 1144 1698 in
1163 1625 1288 1708 nobis,
1318 1646 1392 1692 non
1415 1621 1610 1691 secundum
1662 1623 1792 1707 vincit,
1819 1649 1892 1694 non
1918 1639 1969 1698 est
1988 1628 2043 1698 lex
2062 1630 2193 1718 posita,
2225 1656 2299 1703 uon
2324 1639 2549 1714 condemnatum,

625 1760 767 1810 carnem
791 1732 1067 1804 ambulantibus.
1116 1727 1224 1811 ltem,
1250 1723 1378 1798 Roma.
1395 1723 1448 1796 aa
1480 1721 1610 1810 Legem
1663 1723 1765 1794 Hanc
1780 1727 1978 1796 doctrinam
1993 1731 2037 1799 de
2053 1731 2266 1802 liberatione
2282 1760 2301 1802 a
2320 1737 2404 1826 lege,
2416 1754 2441 1808 et
2454 1745 2554 1812 deuslu

626 1839 826 1910 stabilimus
847 1858 911 1926 pet·
932 1835 1060 1917 fidem,
1092 1830 1130 1901 id
1154 1844 1221 1909 ⁰³1,
1256 1829 1337 1895 ideo
1359 1825 1554 1919 recipimur
1577 1834 1613 1893 et
1662 1828 1747 1915 legit
1765 1829 1921 1899 breviter
1938 1824 1995 1902 hic
2011 1831 2212 1920 recitatam,
2238 1837 2326 1907 alibi
2349 1843 2485 1932 copiosius
2502 1872 2553 1935 etus

627 1962 862 2020 renovamur,
888 1951 928 2008 ut
950 1935 1023 2004 iam
1048 1933 1109 2003 bat
1128 1931 1185 2002 lex
1209 1943 1242 1999 et
1263 1929 1407 2020 placeat.
1661 1930 1770 2000 sitam
1801 1931 1957 2022 relegite.

716 2039 814 2110 llaec
829 2037 1002 2110 sententia
1017 2058 1120 2129 saepe
1137 2033 1283 2121 repetita
1300 2044 1351 2100 est
1369 2031 1448 2101 aliis
1464 2026 1611 2100 crassio-
2000 2092 2009 2113 ι
2074 2095 2082 2116 1
2369 2100 2375 2120 Ι

627 2144 728 2216 ribus
741 2142 864 2212 formis
878 2137 1071 2232 loquendi,
1096 2138 1131 2209 1.
1146 2127 1309 2204 Corinth.
1326 2132 1375 2207 6.:
1405 2131 1459 2202 Ne
1477 2128 1614 2213 erretis,
1927 2089 2034 2194 Qum
2064 2121 2277 2196 mmmm
2295 2101 2386 2200 sm·

628 2258 857 2323 scortatores,
899 2240 1091 2323 idolatrae,
1130 2235 1283 2306 adulteri
1307 2250 1372 2308 etc.
1406 2257 1482 2303 non
1503 2231 1615 2323 possi·
1764 2230 1944 2304 Discernit
1966 2251 2223 2327 persecutores,
2249 2255 2289 2313 ut
2314 2238 2431 2314 Roma.
2455 2245 2558 2315 ttutt

628 2349 767 2419 debunt
782 2367 929 2433 regnum
945 2338 1024 2413 Dei.
1075 2336 1124 2410 Et
1143 2337 1395 2414 1.loannis5.:
1421 2335 1533 2406 Nemo
1551 2335 1614 2403 de-
1665 2336 1778 2429 aliqui
1812 2351 2087 2424 convertuntur,
2128 2341 2241 2433 aliqui
2277 2365 2357 2416 nort«
2384 2364 2556 2414 couvertures

627 2449 735 2542 cipiet
755 2469 835 2528 vos,
875 2444 938 2538 qui
959 2442 1043 2514 facit
1070 2455 1266 2533 peccatum,
1306 2463 1348 2510 ex
1371 2438 1515 2508 diabolo
1550 2449 1614 2506 est·
1664 2438 1719 2511 De
1741 2437 1807 2508 hoc
1828 2439 2033 2510 discrimine
2054 2457 2089 2514 et
2114 2439 2286 2514 Matthaei
2316 2447 2374 2518 ts
2395 2449 2508 2516 dicitur·¹
2527 2449 2551 2534 t‘j„

627 2549 677 2623 Et
691 2547 806 2622 Roma
825 2547 877 2621 8.:
903 2544 1090 2615 Debitores
1105 2565 1246 2624 sumus,
1271 2555 1401 2611 utnon
1420 2539 1614 2608 secundum
1667 2540 1795 2612 dixerit
1811 2563 2011 2612 sermonem
2026 2559 2147 2614 contra
2166 2546 2279 2616 lilium
2301 2541 2464 2630 hominis,
2482 2555 2558 2616 rer&

628 2675 771 2724 caruem
791 2649 1025 2720 ambulemus.
1074 2645 1148 2716 Nec
1167 2645 1325 2714 debitum
1349 2639 1615 2732 significotvio·
1666 2657 1725 2714 tur
1751 2643 1805 2728 ei,
1839 2641 1912 2730 Qui
1937 2656 2056 2714 autem
2077 2649 2208 2718 dixerit
2232 2661 2360 2720 contra
2380 2651 2514 2739 Spiritum
2525 2675 2557 2716 u·

628 2753 796 2836 leutiarn,
830 2753 893 2822 sed
921 2749 1111 2817 immotum
1137 2746 1319 2826 ordinem,
1361 2769 1432 2837 quo
1456 2753 1616 2812 creatura
1668 2757 1782 2830 ctum,
1810 2767 1884 2813 non
1908 2747 2110 2818 remittetur
2129 2751 2181 2834 ei,
2207 2774 2325 2842 neque
2345 2753 2383 2822 in
2400 2750 2458 2822 hac
2473 2776 2553 2838 nuru*

630 2852 816 2925 rationalis
836 2849 985 2922 creatori
1008 2849 1165 2918 subiecta
1188 2861 1250 2919 cst.
1284 2843 1331 2917 Et
1347 2842 1415 2917 hoc
1430 2845 1547 2935 ipsum
1565 2854 1618 2911 est
1668 2849 1787 2918 lutura
1810 2847 1894 2917 vita.
1944 2845 2014 2919 Hic
2038 2850 2149 2922 multa
2173 2854 2406 2942 disputantur
2426 2859 2549 2922 delia*

629 2956 810 3036 debitum,
835 2967 876 3025 ut
888 2951 1091 3022 obedientia
1105 2951 1150 3021 sit
1166 2962 1372 3039 spontanea.
1423 2939 1615 3017 EtZacha.
1653 2951 1739 3020 ¹mia
1759 2972 1818 3018 seu
1837 2949 2041 3042 deprecato
2059 2951 2307 3026 irremissibili.
2343 2955 2552 3046 Nospriutuz·

630 3056 831 3130 ttdirimr:
858 3052 1054 3125 Veritatem
1077 3064 1112 3122 et
1140 3050 1314 3120 iudicium
1343 3048 1438 3140 pacis
1462 3048 1615 3118 iudicate
1668 3073 1747 3121 mus
1770 3047 1862 3120 hanc
1884 3053 2062 3140 regulam,
2106 3053 2323 3128 Mandatum
2358 3061 2403 3130 de
2432 3081 2560 3126 cousus·

628 3161 668 3232 io
682 3157 795 3250 portis
814 3155 959 3240 vestris,
990 3167 1025 3226 et
1047 3153 1181 3224 matum
1202 3166 1325 3222 contra
1342 3152 1523 3244 proximos
1542 3171 1617 3216 non
1669 3154 1829 3224 sineulta
1844 3153 2067 3226 dubitatione
2081 3158 2282 3230 universale
2301 3175 2371 3247 est,
2384 3163 2431 3230 sir
2444 3160 2524 3228 etun

634 3261 804 3350 cogitate,
843 3273 878 3330 et
909 3257 1147 3327 iuramentum
1181 3254 1332 3322 mendax
1363 3276 1409 3321 ne
1442 3249 1618 3338 diligatis:
1670 3255 1893 3328 dubitatione
1931 3258 2119 3348 promissio
2155 3257 2305 3332 Gratiae
2349 3263 2552 3332 universalis*

629 3363 749 3434 omnia
770 3359 865 3431 enim
888 3353 976 3428 haec
997 3372 1080 3427 sunt
1101 3379 1191 3450 quac
1211 3356 1295 3438 odi,
1322 3354 1408 3424 dicit
1428 3350 1619 3426 Dominus.
1641 3381 1643 3407 t
1669 3361 1757 3427 sicut
1776 3356 1952 3427 Dominus
1973 3361 2106 3450 inquit:
2135 3361 2263 3431 Venite
2285 3367 2332 3432 od
2359 3391 2413 3433 roo
2433 3383 2553 3431 oraru:

630 3463 741 3548 ltero,
777 3459 981 3536 Pntnraa
1025 3456 1110 3531 Non
1148 3453 1245 3531 Deus
1285 3457 1409 3528 voleus
1450 3455 1616 3549 impieta·
1670 3461 1839 3531 laboratis
1855 3475 1889 3531 et
1905 3461 2040 3531 onerati
2057 3463 2149 3533 estis.
2183 3461 2232 3537 Et
2249 3460 2435 3537 horrenda
2450 3481 2542 3533 coutu-

632 3581 702 3639 tern
729 3578 768 3636 tu
790 3586 838 3633 cs.
1672 3578 1721 3633 est
1745 3564 1914 3632 adversus
1935 3565 2046 3633 lilium
2063 3562 2149 3652 Dei,
2183 3568 2344 3655 cogitare
2363 3593 2494 3658 reguum
2509 3567 2548 3629 d..

732 3664 858 3738 Manet
872 3664 980 3754 igitur
1003 3661 1066 3732 illa
1087 3660 1253 3730 voluutas
1276 3661 1315 3729 in
1334 3654 1412 3729 Deo
1425 3672 1567 3730 aeterna
1584 3672 1619 3729 et
1671 3667 1849 3753 potentius
1869 3690 1941 3733 esse
1964 3663 2128 3753 Christo,
2171 3694 2251 3739 cum
2276 3673 2431 3764 quidem
2452 3672 2542 3735 dicun

629 3768 795 3851 immota,
820 3790 911 3859 quae
928 3764 1095 3835 discernit
1114 3764 1208 3833 bona
1225 3776 1260 3832 et
1274 3763 1386 3843 mala,
1410 3775 1444 3833 et
1460 3763 1537 3831 vult
1554 3762 1619 3829 bo·
1672 3765 1801 3840 Roma,
1822 3767 1875 3842 6.:
1910 3765 2034 3839 Gratia
2059 3770 2227 3843 exuberat
2245 3795 2366 3863 supra
2389 3786 2540 3862 perrottu-
2594 3812 2595 3855 r

629 3895 696 3953 na,
736 3884 772 3943 et
791 3870 868 3941 vult
895 3865 1135 3939 obedientiam
1159 3879 1339 3935 creaturae
1368 3877 1619 3953 congruentem
1669 3868 1801 3940 sancita
1817 3870 1861 3939 sit
1878 3870 2065 3959 promissio
2080 3872 2339 3959 iureiurando,
2370 3875 2551 3956 Visorptu

629 3996 714 4045 tuae
730 3970 926 4051 voluntati,
951 3983 985 4040 et
1007 3969 1217 4058 patelactam
1238 3988 1301 4059 per
1317 3965 1451 4045 lilium,
1478 3968 1521 4036 de
1548 3990 1618 4057 quo
1670 3987 1819 4042 mortem
1847 3973 2055 4061 peccatoris,
2090 3988 2155 4049 etc.
2205 3972 2470 4067 confugiamus
2486 3974 2549 4057 isi·
2594 3986 2595 4075 l

630 4074 787 4157 dicitur,
825 4065 956 4142 Matth.
982 4067 1059 4142 17.:
1098 4066 1206 4137 Hunc
1230 4068 1361 4139 audite.
1412 4063 1497 4139 ldeo
1521 4081 1556 4140 et
1578 4066 1617 4135 iu
1668 4071 1782 4145 filiurn
1809 4071 1895 4158 Dei,
1933 4086 1966 4143 et
1990 4088 2224 4147 sustentemus
2245 4102 2321 4149 nos
2346 4078 2539 4172 promissio·

628 4174 831 4246 iuramento
852 4172 1001 4255 dicitur,
1033 4166 1162 4242 Erech.
1185 4170 1263 4241 bh:
1302 4168 1395 4237 Vivo
1417 4192 1499 4257 ego,
1533 4168 1618 4237 nolo
1668 4198 1904 4271 repugnemus
1929 4176 2157 4250 dubitationi.

629 4289 779 4348 mortem
804 4271 1011 4368 peccatoris,
1050 4272 1111 4341 sed
1133 4282 1173 4339 ut
1196 4283 1423 4340 convertatur
1447 4288 1482 4341 et
1510 4271 1618 4342 vivet.
1769 4276 1864 4347 Haec
1885 4292 1969 4349 sttnt
1992 4280 2157 4350 mandata
2179 4280 2385 4364 divinitus,
2420 4297 2452 4351 et
2473 4281 2554 4347 talo>

630 4374 832 4472 Utrumque
849 4374 943 4444 enim
961 4372 1206 4464 complectitur
1218 4369 1490 4457 Iusiurandum,
1517 4394 1619 4441 man·
1667 4379 1757 4452 tioot
1777 4378 2053 4449 consolationem
2070 4393 2104 4452 ῃ
2122 4384 2364 4474 recipiemur·
2399 4386 2449 4455 [η
2471 4384 2545 4451 inu<

630 4479 751 4550 datum
774 4483 820 4550 dt
848 4476 1097 4559 ‘Onverilffl‘r
1137 4487 1172 4544 ²¹
1197 4473 1467 4564 l>1⁰ffll⁸⁵i⁰⁰⁸¹⁰
1492 4497 1617 4543 refflss·
1667 4482 1912 4570 aposteriore,
1946 4476 2011 4551 hos
2028 4505 2100 4552 non
2118 4478 2289 4555 habuisse
2312 4486 2550 4578 peccaturum

628 4580 832 4652 ciliationis.
884 4573 940 4647 Ex
959 4570 1018 4647 his
1031 4574 1199 4646 omnibus
1221 4572 1375 4662 intelligi
1394 4589 1507 4667 potest
1523 4588 1617 4645 recte
1667 4585 1781 4657 sibilo,
1816 4581 1875 4653 Sir
1896 4583 2272 4657 rrrrrtorrrtPoolrro
2293 4592 2413 4660 oratii
2433 4586 2569 4655 mollin-

626 4682 719 4765 dici,
744 4680 1005 4760 obedientiam,
1029 4699 1120 4771 quae
1141 4677 1306 4746 incoatur
1327 4677 1418 4759 hdc,
1443 4690 1478 4746 et
1502 4676 1616 4746 subii·
1666 4699 1820 4757 outorer:
1847 4698 1882 4755 et
1905 4687 2049 4779 quidem
2066 4684 2199 4757 Paulus
2220 4690 2375 4783 inquit,
2402 4714 2490 4761 suam
2508 4708 2557 4749 c*

627 4784 676 4857 cit
693 4808 759 4856 uos
774 4782 951 4856 voluntati
965 4778 1057 4863 Dei,
1084 4802 1189 4873 quam
1212 4778 1269 4848 ler
1293 4778 1467 4863 ostendit,
1492 4801 1615 4847 neces·
1666 4790 1801 4859 rioooro
1835 4787 2032 4875 exempturo
2060 4801 2093 4857 or
2125 4793 2386 4862 roofimonpum
2414 4818 2478 4861 esse
2501 4810 2538 4853 r:

629 4886 763 4957 tarium
784 4909 870 4960 esse.
1666 4892 1761 4985 qrsod
1783 4887 1880 4958 Deus
1902 4912 1984 4959 vere
2001 4890 2085 4959 velit
2113 4888 2236 4964 Gratis
2262 4912 2426 4985 propter
2446 4896 2504 4961 illu
2519 4909 2553 4947 a*

728 4985 895 5059 Secundo
916 4980 1272 5065 manuteneretis,
1297 4980 1393 5073 quod
1411 4984 1454 5051 ad
1483 4980 1614 5051 doctri·
1665 5016 1751 5084 poro
1775 5004 1975 5082 poooorom
1995 4992 2239 5077 confugiente„
2258 5000 2312 5065 „d
2340 4998 2465 5067 finum·
2498 4992 2560 5057 5³*

625 5110 710 5159 narn
725 5090 870 5179 attinet,
892 5090 977 5182 quia
992 5098 1132 5178 oportet
1146 5106 1208 5154 eos
1222 5079 1356 5153 habere
1372 5082 1614 5153 testimonium
1665 5094 1737 5164 voti
1760 5088 1854 5164 roo(
1871 5093 1996 5163 Aaron
2023 5107 2059 5164 et
2084 5092 2232 5183 Petrus,
2278 5122 2486 5193 quanquam
2510 5090 2542 5157 sti

626 5212 850 5282 expressum,
875 5189 938 5283 qui
951 5190 1067 5260 cultus
1082 5184 1158 5257 Deo
1175 5187 1356 5276 placeant,
1383 5187 1464 5255 ideo
1481 5186 1614 5255 dictum
1666 5196 1756 5286 lopoi
1777 5210 1872 5266 root,

627 5306 678 5363 est
697 5293 743 5361 ad
770 5286 1020 5373 Timotheum,
1058 5281 1261 5365 2.Timotb
1281 5290 1319 5360 8.
1343 5287 1475 5378 capite:
1518 5284 1614 5356 Scri·
1753 5294 2001 5393 'controvers
2019 5300 2119 5370 multi
2142 5319 2402 5392 persecutores
2422 5315 2535 5390 pure-‚tu

628 5407 730 5485 ptura
746 5392 921 5461 divinitus
937 5390 1106 5479 inspirata
1124 5388 1222 5459 utilis
1239 5391 1348 5457 estad
1367 5390 1580 5459 docendum.
1666 5398 1763 5469 ribili
1783 5400 1866 5468 odio
1883 5398 1965 5480 Dei,
1991 5414 2029 5469 ut
2039 5400 2160 5485 ludas,
2186 5408 2229 5473 de
2247 5399 2316 5473 his
2331 5432 2352 5475 a
2369 5400 2527 5495 posterius?

728 5492 854 5565 Tertio
884 5491 1051 5562 liberatio
1075 5491 1192 5580 alege
1225 5489 1354 5559 clarius
1385 5490 1617 5576 intelligitur,
1660 5496 1737 5571 'rori
1757 5514 1889 5590 potest,
1917 5496 2081 5572 habuisse
2103 5528 2162 5574 eos
2185 5524 2385 5593 peccatum
2411 5510 2531 5572 irre-uus

632 5620 712 5666 curn
727 5596 912 5667 intuemur
928 5594 1101 5682 integram
1118 5592 1389 5677 liberationem,
1411 5593 1526 5683 qualis
1550 5592 1618 5662 erit
1664 5602 1724 5671 sed
1754 5603 1862 5671 iidem
1886 5604 2033 5674 seientes
2064 5618 2098 5675 et
2127 5608 2300 5679 volentes
2337 5628 2523 5701 persevera

631 5698 669 5766 in
686 5699 791 5769 nobis
805 5700 846 5767 in
860 5698 933 5767 vita
948 5709 1110 5779 aeterua,
1138 5692 1257 5765 ubiin
1279 5692 1359 5762 luce
1379 5693 1616 5762 divinavive-
1667 5702 1730 5773 illo
1752 5698 1919 5773 horribili
1943 5704 2028 5773 odio
2051 5708 2218 5779 adversus
2236 5708 2391 5796 Deum,
2417 5728 2527 5777 neem
2556 5744 2560 5751 -
2594 5666 2595 5751 l

630 5821 710 5871 mus
724 5802 801 5872 sine
816 5813 977 5895 peccato,
997 5798 1074 5869 sine
1097 5808 1230 5879 morte,
1253 5796 1331 5865 sine
1344 5795 1423 5867 aliis
1437 5793 1617 5867 calamita·
1664 5816 1751 5876 runt
1774 5807 1820 5877 rrt
1844 5804 1957 5875 tilium
1978 5802 2057 5881 Dei.
2114 5808 2189 5881 Nor
2209 5813 2400 5886 subtilior
2422 5824 2537 5903 qttaur.

1213 5915 1233 5946 Χ
