5825 6950
334 669 385 750 as
469 661 559 742 stu
610 669 648 740 ι.
673 658 1043 740 cuunaaraau
1068 663 1122 792 na
1146 658 1302 739 netsr.
1329 657 1477 738 ranna
1504 660 1572 740 an
1599 665 1860 742 nouenos.
1918 623 2021 745 cae}
2046 669 2145 748 xtv.
2250 673 2328 746 aas

331 845 402 918 velit.
444 836 668 912 Multaenidt
691 851 831 936 recepta
861 851 983 924 erant,
1014 861 1106 930 quae
1130 861 1177 908 ne
1201 839 1275 928 ipse
1328 837 1580 923 deridebant,
1613 847 1654 912 u‘t
1679 863 1904 936 nequaquam
1929 843 2022 914 valet
2045 847 2321 937 consequentia:

329 947 439 1044 quidem
460 943 598 1032 probat,
631 940 705 1009 irso
734 935 948 1032 reprehendi
971 956 1008 1013 et
1029 939 1161 1030 corrigi
1183 942 1275 1031 vult,
1327 935 1551 1028 Augustinus
1567 943 1666 1014 iubet
1688 948 1735 1014 ad
1758 945 1869 1015 altare
1892 947 2129 1036 precationem
2157 948 2233 1019 lieri
2257 971 2323 1040 pro

328 1047 463 1143 quaedam
479 1065 573 1112 ruore
587 1041 686 1112 illius
700 1043 870 1133 temporis
886 1043 1070 1127 observat,
1097 1057 1275 1114 utomoes
1326 1056 1460 1129 matre,
1485 1039 1582 1134 Ergo
1605 1047 1856 1137 approbandae
1880 1061 1964 1119 sunt
1978 1045 2110 1119 Missae
2132 1073 2196 1139 pro
2223 1073 2323 1119 mor-

328 1145 530 1244 praesentibus
553 1145 715 1214 moribus
737 1146 848 1215 multa
868 1147 1129 1215 condonamus.
1325 1142 1407 1216 tuis.
1462 1140 1556 1216 Aut:
1588 1144 1780 1238 Augustini
1809 1164 1967 1239 tempore
1997 1152 2144 1244 quidam
2167 1151 2320 1222 arbitra-

400 1246 507 1318 lluius
521 1259 631 1318 aetate
651 1247 912 1337 percrebescere
932 1269 1113 1317 sermones
1128 1247 1173 1317 de
1187 1269 1274 1338 pur·
1324 1245 1459 1316 bantur
1474 1269 1548 1318 esse
1565 1251 1830 1340 purgatorium,
1856 1247 1952 1341 Ergo
1970 1254 2223 1345 approbandae
2237 1267 2322 1326 suut

326 1351 430 1444 gaterio
454 1360 663 1440 coeperunt,
704 1372 795 1441 quos
824 1349 900 1439 ipse
932 1373 998 1420 nec
1025 1349 1174 1435 refutat,
1209 1373 1274 1418 nec
1326 1345 1482 1434 Missae,
1507 1351 1770 1441 indulgentiae,
1806 1367 1841 1422 et
1876 1355 1965 1424 aliae
1994 1356 2224 1425 fundationes
2253 1379 2321 1448 pro

326 1455 490 1535 confirmat,
513 1463 651 1521 uotum
674 1463 814 1535 narrat,
846 1451 1015 1545 inquiens
1033 1454 1205 1544 quosdam
1223 1451 1274 1526 sic
1323 1451 1475 1519 mortuis
1513 1455 1738 1542 excogitatae.
1807 1453 1899 1524 Nam
1931 1457 2123 1545 Augustini
2160 1472 2321 1552 tempore

325 1555 504 1637 existimare,
544 1553 689 1644 purgari
720 1553 858 1623 animas
889 1554 1052 1642 piorum,
1084 1565 1272 1645 postquam
1324 1553 1487 1622 nondum
1519 1570 1620 1626 erant
1652 1551 1719 1626 bae
1749 1557 1973 1648 prodigiosae
1998 1559 2217 1652 impietates,
2253 1561 2320 1630 etsi

325 1660 520 1730 diremerunt
541 1679 560 1724 a
580 1655 802 1747 corporibus.
868 1654 938 1726 Sed
964 1655 1058 1726 libro
1081 1656 1273 1726 confessio·
1323 1654 1496 1746 paulatim
1513 1659 1649 1729 semina
1667 1681 1787 1752 sparsa
1806 1675 1902 1733 sunt.

324 1783 384 1830 uum
401 1757 433 1829 s.
456 1756 542 1848 petit
564 1752 621 1827 bis
643 1756 762 1827 verbis
784 1757 1024 1848 precationem
1045 1782 1110 1849 pro
1132 1772 1271 1830 mortua
1904 1828 1915 1848 ‚

323 1875 418 1932 natre:
443 1857 579 1949 luspira
601 1858 761 1930 Domine
786 1858 896 1931 servis
917 1861 1004 1946 tuis,
1037 1875 1078 1931 ut
1101 1862 1146 1928 ad
1162 1861 1272 1930 altare
1687 1827 1744 1902 De
1762 1827 1951 1920 Gf‘ssfflffl·

325 1961 514 2033 meminerint
536 1961 658 2031 matris
682 1962 973 2052 meacetpatris,
1007 1985 1072 2032 nee
1096 1963 1183 2056 petit
1197 1986 1273 2030 am·
1426 1962 1535 2034 Anno
1566 1958 1653 2040 690.
1699 1963 1781 2034 iniit
1824 1964 2070 2058 pontificatum
2109 1961 2320 2056 Gregorius,

295 2064 396 2158 {plius
447 2060 664 2156 Quanquam
686 2075 804 2134 antem
834 2059 903 2134 boe
927 2066 1126 2134 verecunde
1142 2064 1274 2134 dicitur
1323 2089 1403 2135 cum
1428 2080 1543 2137 essent
1572 2069 1682 2138 exacti
1719 2067 1806 2137 anni
1838 2082 1919 2158 post
1943 2063 2137 2157 Augustini
2166 2077 2316 2138 mortem

295 2165 516 2256 ssspudillum,
543 2176 664 2234 tamen
690 2187 788 2234 nunc
805 2166 952 2236 scelests
970 2167 1204 2260 detorquetur
1228 2167 1273 2234 ad
1328 2164 1412 2243 157.
1465 2165 1601 2240 interea
1618 2168 1836 2240 influxerant
1861 2170 1898 2238 in
1919 2166 2058 2240 ltaliam
2082 2169 2213 2238 multae
2237 2169 2320 2238 bar-

295 2258 296 2337 }
322 2267 501 2338 allationem
523 2266 736 2338 sacramenti
759 2290 824 2358 pro
845 2269 1015 2361 mortuis,
1042 2269 1159 2362 qualis
1179 2291 1274 2340 nun·
1325 2273 1430 2340 barae
1447 2284 1586 2360 gentes,
1614 2268 1764 2358 Gotthi,
1788 2267 2037 2360 Longobardi,
2065 2266 2244 2341 ethorum
2260 2293 2319 2340 so-

295 2368 380 2440 'dnn
393 2370 455 2440 fnit
469 2364 665 2458 Augustini
686 2382 857 2460 tempore.
1107 2425 1110 2433 .
1324 2374 1383 2444 cii.
1437 2371 1482 2443 Et
1500 2397 1573 2442 non
1590 2375 1706 2443 solum
1726 2372 1843 2443 studia
1859 2373 2042 2441 literarum
2062 2373 2318 2452 conticuerant,

391 2467 548 2542 fuerunt
563 2484 599 2540 et
614 2485 696 2543 rota
711 2471 840 2542 usitata
858 2495 900 2540 eo
915 2483 1094 2564 ternpore,
1118 2482 1152 2540 et
1166 2493 1274 2563 quae·
1325 2490 1359 2544 et
1374 2473 1553 2544 Ecclesiae
1569 2477 1748 2568 neglectae
1765 2488 1886 2559 eraut,
1911 2476 1971 2542 sed
1999 2474 2104 2544 etiam
2121 2475 2204 2543 illae
2221 2475 2318 2568 ipsae

320 2572 365 2642 stin
389 2573 528 2657 incidit,
562 2597 609 2642 an
641 2573 804 2662 coniugia
835 2586 914 2666 post
944 2589 1067 2646 votum
1095 2584 1274 2643 contracta
1324 2578 1497 2647 barbarae
1522 2593 1661 2668 gentes,
1695 2601 1787 2672 qnae
1815 2577 1986 2647 tenebant
2007 2574 2167 2660 ltaliam,
2199 2600 2318 2646 secum

321 2673 431 2744 dissolri
446 2676 611 2746 debeant
661 2671 741 2744 Hac
761 2677 806 2744 de
826 2699 866 2744 re
889 2689 984 2747 extat
1005 2675 1179 2747 sententia
1195 2675 1273 2743 An-
1324 2678 1554 2766 invexerunt,
1587 2695 1647 2752 aut
1671 2681 1774 2750 facile
1805 2691 2015 2771 receperunt
2037 2677 2168 2748 multas
2192 2701 2318 2768 super-

320 2776 477 2865 gostiniin
500 2775 901 2867 sacraruntque.
928 2780 1146 2869 nuptiarum.
1204 2775 1275 2846 Hic
1324 2781 1478 2853 stitiosas
1507 2783 1707 2876 opiniones.
1773 2777 1858 2852 Ideo
1889 2781 1992 2851 brevi
2025 2795 2184 2875 tempore
2215 2781 2318 2851 valde

321 2878 362 2948 atsi
374 2879 591 2968 Augustinus
605 2879 684 2970 plus
702 2881 828 2952 tribuit
842 2878 936 2950 votis
957 2905 1065 2973 qnam
1083 2878 1273 2951 convenie·
1324 2882 1496 2953 cumulati
1514 2898 1596 2956 sunt
1614 2887 1756 2955 abusus.

322 2981 370 3064 lat,
391 2996 502 3050 tamen
528 2981 744 3072 pronunciat
765 2980 930 3070 coniugia
950 2996 1166 3073 postvotum
1188 3005 1276 3050 con·

323 3094 395 3153 tracta
416 3107 489 3154 non
510 3105 590 3154 esse
611 3081 856 3168 dissolvenda,
877 3099 913 3154 et
930 3083 1085 3155 affirmat
1104 3107 1186 3152 vere
1202 3103 1275 3152 esse

325 3185 464 3272 aringia,
498 3185 586 3279 quia
609 3184 718 3254 altera
736 3209 885 3275 persona
908 3206 983 3255 non
999 3188 1202 3257 debetcum
1217 3184 1275 3252 in-

322 3284 380 3355 iuria
393 3287 671 3359 alteriusredire
692 3289 737 3356 ad
760 3303 895 3360 rutum.
945 3287 1080 3360 Nectit
1102 3287 1274 3374 obligatio

320 3385 494 3461 irritainter
519 3391 612 3459 duas
635 3411 822 3478 personas,
855 3391 996 3462 etiarnsi
1020 3392 1130 3461 altera
1155 3389 1275 3460 attulit

295 3494 519 3582 laetationem
546 3491 676 3581 prioris
697 3494 883 3584 propositi.
941 3492 1039 3565 Haec
1069 3496 1108 3563 in
1135 3514 1273 3564 summa

1425 3013 1469 3086 lu
1497 3017 1559 3086 illa
1587 3016 1839 3088 dilaceratione
1869 3015 1991 3090 ltaliae
2024 3018 2213 3088 videbatur
2244 3040 2320 3088 esse

1324 3119 1514 3212 peculiaris
1527 3117 1694 3207 felicitas,
1719 3120 1874 3190 abesses
1890 3118 2030 3212 Repub.
2043 3119 2169 3213 procul
2194 3120 2231 3188 in
2249 3120 2319 3189 ali·

1325 3245 1395 3315 qua
1411 3221 1606 3295 solitudine
1629 3224 1774 3312 degere,
1799 3222 1878 3293 sine
1902 3221 2057 3304 familia,
2081 3223 2157 3291 sine
2184 3221 2318 3302 liberis,

1326 3347 1401 3394 nou
1419 3338 1576 3416 spectare
1593 3325 1738 3395 urbium
1763 3325 1919 3408 excidia,
1946 3337 1980 3394 et
2004 3325 2234 3394 vastationem
2254 3349 2318 3416 pa-

1326 3429 1426 3498 triae.
1481 3425 1654 3497 Miserum
1674 3438 1725 3495 est
1743 3427 1838 3497 enim
1856 3428 1972 3496 dicere
1991 3425 2103 3506 illud,
2130 3425 2225 3519 quod
2244 3423 2317 3517 Ae-

938 3596 947 3614 ,
1235 3594 1243 3611 ,
1327 3552 1410 3599 neas
1430 3529 1564 3622 inquit:
1588 3525 1636 3601 Et
1654 3552 1806 3624 quorum
1826 3554 1905 3621 pars
1930 3552 2056 3620 magna
2077 3529 2140 3602 fui.
2194 3525 2318 3621 ltaque

295 3587 296 3670 i
318 3592 475 3665 dmum
490 3608 605 3668 mm·
656 3594 728 3665 sed
752 3594 831 3684 9¹⁰⁵
852 3595 964 3667 ⁹³¹⁰st
986 3620 1088 3667 ‘¹¹⁰'
1110 3598 1156 3665 ὼ
1171 3610 1276 3679 ''⁰¹¹’‘
1326 3632 1478 3701 modesti
1502 3628 1686 3717 homines,
1712 3631 1774 3725 qui
1797 3626 1978 3703 habebant
1997 3631 2168 3712 familias,
2195 3646 2318 3721 gratn-

316 3716 392 3783 llfm
415 3693 499 3768 hm
525 3697 701 3787 mitigatio
722 3697 927 3787 Augustini·
984 3697 1070 3767 idm
1101 3698 1275 3769 emmim·
1324 3734 1493 3805 labantur
1521 3728 1707 3806 monachis
1744 3756 1843 3807 suam
1882 3733 2189 3827 tranquillitatem.
2257 3730 2318 3805 Sic

316 3794 710 3920 iii⁰‘⁸p⁰⁵¹,‘³⁸‘f⁰¹³“
734 3798 1168 3919 finnfemmcqliugl'·
1209 3797 1274 3865 Ἢ·
1325 3838 1435 3904 crevit
1460 3836 1650 3906 admiratio
1675 3831 1953 3919 monachorum,
1984 3850 2019 3907 et
2050 3834 2169 3927 plures
2193 3858 2319 3927 coepe·

315 3898 350 3967 itt
361 3896 576 3992 Augustanus
591 3901 690 3969 allam
706 3904 972 3971 distractionem
1000 3918 1164 3973 vrtrosam
1188 3924 1275 3985 esse,
1325 3950 1409 4007 mn,
1423 3960 1594 4033 quaerere
1612 3950 1646 4008 e,
1661 3960 1780 4009 amm
1794 3960 1957 4009 secessus·

315 4002 354 4069 ted
373 4026 440 4073 non
464 4004 555 4074 satis
577 4002 835 4088 consideravit,
864 4004 952 4097 quid
981 4005 1020 4073 in
1048 4006 1137 4098 ipsis
1166 4004 1273 4075 etism

315 4104 380 4174 ntis
401 4107 479 4178 sitii
493 4106 624 4194 fuerit,
650 4107 746 4199 quod
760 4118 837 4175 erat
850 4104 1048 4178 obscurius.
1099 4105 1274 4183 Viaceba-
1426 4072 1566 4193 Deinde
1596 4067 1769 4194 ¹¹⁰J¹¹l¹¹02
1792 4073 1934 4143 barbati
1972 4086 2106 4191 natura·
2138 4070 2317 4189 mirantur

314 4208 450 4277 tnrenim
468 4208 681 4297 vrrlgaribus
697 4208 930 4297 opinionibus
954 4209 1010 4279 sui
1024 4208 1149 4282 seculi.
1199 4208 1275 4277 lam
1324 4199 1438 4246 ⁰⁰V⁰⁵
1459 4191 1569 4261 '¹¹⁰⁵’
1593 4200 1656 4270 ‘lm
1678 4200 1827 4266 'imm
1846 4172 1978 4247 babent
2002 4198 2149 4245 ²¹¹¹¹¹¹³²
2165 4186 2318 4263 Plflilss·

315 4326 369 4375 nos
386 4326 546 4401 receptus
571 4321 644 4380 erat
665 4310 817 4381 faciendi
839 4326 940 4395 rota,
970 4332 1098 4401 magna
1123 4312 1274 4382 eratad·
1324 4294 1360 4350 ‘²
1383 4291 1551 4398 ‘fufium
1573 4279 1776 4349 fflmffleftll
1798 4302 1877 4348 ⁶⁰¹⁰
1902 4276 1990 4349 ΒΝ·
2060 4270 2161 4346 Nihil
2185 4276 2316 4392 “lifum

1325 4393 1376 4451 est
1398 4395 1509 4470 agatur
1537 4392 1624 4449 tunc
1653 4396 1686 4450 et
1717 4376 1973 4455 monachorum
2006 4390 2127 4449 coetus
2154 4398 2317 4454 crevisse,

1325 4496 1359 4553 et
1375 4480 1583 4575 plausibiles
1599 4480 1787 4575 opiniones
1809 4482 1852 4552 de
1876 4481 1939 4552 illo
1953 4502 2082 4571 genere
2100 4500 2248 4566 operum
2264 4475 2317 4546 la·

1325 4584 1398 4655 tius
1421 4596 1564 4673 vagatae
1585 4606 1679 4668 esse,
1705 4596 1740 4653 et
1762 4584 1951 4653 extinctam
1978 4576 2173 4669 ‚Evangelii
2203 4578 2317 4647 lucem
2415 4641 2418 4658 ,

1325 4688 1369 4757 de
1386 4710 1468 4755 vera
1492 4686 1561 4755 fite
1589 4698 1623 4755 et
1637 4686 1729 4755 veris
1746 4684 1917 4756 cultibus.

314 4408 425 4483 siratio
441 4413 641 4483 multorum
667 4412 707 4481 in
731 4435 774 4481 eo
795 4410 889 4481 vitae
903 4434 1031 4503 genere
1051 4413 1275 4503 degentium:

315 4508 486 4585 Admiratio
502 4528 624 4584 autem
640 4513 773 4583 iudicio
792 4513 914 4589 officit.
965 4514 1048 4585 Non
1071 4516 1180 4605 igitur
1201 4515 1276 4584 dis·

314 4615 448 4703 punbat,
470 4640 522 4686 an
538 4616 697 4685 valerent
719 4630 820 4700 vota,
841 4611 922 4686 cum
938 4619 1083 4711 quidem
1093 4618 1204 4687 multi
1220 4638 1277 4686 es-

314 4731 371 4787 seat
387 4741 526 4789 errores
541 4716 705 4808 impliciti
721 4717 812 4801 illis,
839 4714 1063 4790 habebantur
1084 4744 1150 4810 pro
1168 4718 1276 4789 culti·

313 4812 379 4902 bss,
400 4844 463 4909 pro
485 4819 660 4909 singulari
683 4820 812 4891 merito
832 4820 1014 4904 iusticias,
1050 4822 1276 4913 perfectione,
1427 4818 1540 4891 Grata
1562 4820 1669 4891 etiam
1698 4819 1860 4890 barbaris
1884 4817 1952 4889 fuit
1973 4815 2153 4887 veneratio
2176 4828 2318 4887 sanctu·

314 4913 376 4989 lem
389 4923 567 5017 plerisque
586 4934 689 4991 erant
709 4922 956 5012 impossibilia.
1013 4920 1111 4993 Haec
1130 4923 1160 4993 si
1178 4924 1277 5017 prius
1325 4946 1420 4996 rum.
1443 4922 1635 5016 Postquam
1651 4922 1757 4991 semel
1771 4936 1952 5017 receptum
1966 4933 2041 4991 erat
2058 4912 2201 4990 ethnico
2218 4941 2318 4992 more

314 5020 489 5108 manner,
520 5023 649 5094 melius
678 5020 870 5114 prohibere
900 5026 1169 5098 distractionem
1190 5050 1277 5097 con·
1326 5045 1457 5098 ornare
1491 5024 1615 5096 statuis
1648 5039 1683 5097 et
1715 5024 1986 5118 periculiaribns
2016 5022 2173 5112 templis,
2205 5020 2318 5091 crevit

313 5117 466 5211 iugiornm
482 5127 667 5218 potuisset.
1327 5151 1405 5197 mos
1426 5128 1627 5199 imitatione
1651 5141 1847 5216 potentum.
1904 5124 1953 5197 Et
1981 5123 2150 5215 paulatim
2177 5132 2317 5216 tantum

391 5224 540 5300 Consta
556 5228 666 5318 igitur
679 5228 812 5300 multos
833 5230 965 5302 abusus
986 5230 1048 5299 illa
1071 5241 1183 5300 aetate
1206 5230 1277 5299 iam
1327 5231 1473 5301 accessit
1492 5230 1701 5321 impietatis,
1742 5242 1783 5299 ut
1818 5224 1911 5299 nihil
1942 5227 2103 5298 differret
2135 5223 2316 5297 veneratio

313 5316 443 5401 hasim
467 5331 510 5399 in
532 5324 710 5415 Ecclesia,
742 5356 896 5425 qnorum
921 5333 990 5403 etsi
1017 5333 1198 5425 aliquibus
1214 5334 1277 5403 ad·
1326 5344 1550 5415 sanctorum,
1575 5326 1633 5400 bis
1650 5330 1907 5420 posterioribus
1922 5328 2067 5410 secttlis,
2092 5324 2315 5397 amanitesta

314 5444 449 5505 rantur
463 5446 517 5503 est
530 5428 772 5522 Augustinus,
797 5447 916 5503 tamen
930 5435 1071 5527 aliquos
1087 5437 1173 5503 boni
1191 5458 1277 5504 con·
1326 5430 1563 5504 Ethnicurum
1580 5434 1755 5507 idolatria.
1784 5431 2048 5503 invocabantur
2063 5424 2183 5509 Anna,
2199 5423 2314 5519 Geors

312 5528 420 5616 soluit,
449 5533 515 5628 qui
541 5548 729 5629 postquam
758 5536 879 5607 retecti
910 5548 1012 5622 sunt,
1044 5560 1118 5606 noo
1146 5538 1277 5609 debent
1327 5536 1426 5627 gius,
1451 5560 1527 5605 non
1548 5536 1651 5607 aliter
1673 5560 1777 5630 quam
1804 5532 1915 5620 luno,
1947 5532 2066 5615 Mars,
2092 5542 2153 5600 aut
2175 5526 2315 5597 Hercu·

313 5631 448 5705 defendi.
509 5636 654 5707 Deinde
685 5637 823 5710 etiamsi
843 5651 1002 5709 veterum
1026 5641 1184 5731 exempla
1210 5663 1277 5710 suo
1326 5639 1388 5711 les.
1440 5636 1662 5710 Currebatur
1676 5640 1721 5706 ad
1738 5648 1890 5721 statuas,
1916 5648 1951 5706 et
1974 5654 2101 5723 magna
2123 5628 2314 5701 autoritate

314 5742 453 5825 tempore
467 5737 687 5811 dissimulata
709 5753 813 5825 snnt,
836 5753 956 5810 tamen
976 5744 1129 5811 nuncad
1146 5743 1276 5812 confir·
1326 5741 1432 5811 talem
1455 5734 1730 5832 atdotopavtav
1750 5738 2009 5811 confirmabant
2021 5730 2211 5823 Episcopi,
2235 5729 2315 5803 lan·

315 5841 446 5911 nudos
465 5840 618 5913 murres
642 5842 792 5930 abrasus,
824 5864 1049 5939 nequaquam
1078 5866 1276 5916 accommo-
1327 5843 1459 5917 dabant
1481 5843 1654 5915 ductores.
1709 5839 1759 5915 Et
1781 5842 1820 5911 in
1846 5839 1975 5915 talibus
1990 5836 2153 5937 ‘cultibus
2169 5844 2245 5909 erat
2259 5854 2317 5903 re-
