5825 6950
576 641 675 719 1335
1197 628 1325 713 etitt.
1353 628 1470 711 MEL.
1495 630 2077 719 scutras-exsufflent-
2136 662 2143 676 ’
2230 662 2237 690 ³
2317 664 2324 680 ·
2498 644 2572 721 ttst

569 816 677 901 ltem,
703 812 795 884 Pssl.
811 805 891 887 25.:
926 810 1072 883 Lavabo
1095 809 1190 881 inter
1214 810 1424 879 innocentes
1440 832 1569 880 mamas
1599 812 1707 906 ¹quia
1737 804 1778 881 hi
1802 806 1864 903 qui
1894 820 2063 899 praesunt
2092 832 2166 879 non
2189 824 2340 887 norunt
2371 824 2437 885 tant
2463 818 2576 907 multos,

444 969 448 978 ·
572 941 686 1000 meas,
712 931 746 988 et
769 915 878 986 altare
895 929 996 985 tuum
1018 911 1247 983 circumdabo
1265 910 1430 985 Domine.
1481 908 1570 984 Esse
1625 938 1729 1007 quam
1748 911 1975 1003 multisopus
1995 925 2046 982 est
2068 912 2381 991 sdsninisterium.
2406 914 2579 991 ¹Tuncru-

573 1035 693 1092 autem
716 1040 840 1088 verum
862 1015 1101 1085 ministerium
1123 1012 1311 1103 Evangelii
1334 1016 1374 1082 in
1401 1037 1484 1085 vera
1504 1012 1573 1085 Ec-
1626 1028 1695 1086 tem
1712 1014 1844 1085 dicitnr
1858 1014 1997 1085 vocatio
2013 1004 2104 1087 lacta
2127 1036 2229 1103 esse,
2249 1038 2331 1089 eum
2354 1018 2487 1093 accessit
2507 1020 2580 1093 iudi·

575 1122 680 1194 clesia
696 1118 931 1191 certissimum
946 1130 999 1188 est
1014 1140 1055 1187 ex
1068 1115 1181 1185 dicto:
1206 1115 1378 1187 Ascendit
1394 1114 1433 1185 its
1449 1117 1575 1202 altum,
1627 1116 1722 1188 cium
1739 1128 1773 1185 et
1790 1116 1998 1208 approbatio
2017 1118 2189 1191 vocantis.
2541 1184 2544 1191 ¹

575 1223 675 1295 dedit
708 1223 804 1292 dona
837 1215 1066 1309 hominibus,
1104 1212 1321 1309 Prophetas,
1364 1201 1605 1314 Apostolos}
1730 1214 1812 1289 Alia
1836 1218 1960 1309 petitio
1984 1217 2170 1291 ambitiosa
2196 1232 2267 1303 est,
2310 1243 2398 1314 quse
2420 1220 2463 1291 ita
2483 1222 2532 1307 lit,
2557 1242 2586 1299 ur

575 1324 740 1396 Pastores
751 1338 787 1395 et
795 1321 967 1395 Doctores
984 1336 1048 1391 etc.
1077 1314 1253 1408 Ephesios
1268 1318 1305 1393 4.
1339 1318 1461 1409 Quare
1477 1320 1575 1411 apud
1603 1383 1606 1443 p
1629 1320 1802 1391 iudicium
1818 1320 2001 1411 impediat,
2023 1333 2056 1421 et
2074 1334 2212 1412 pugnet
2223 1321 2359 1391 illicitis
2372 1325 2489 1393 modis
2512 1322 2587 1399 llaec

576 1422 672 1499 banc
700 1437 820 1495 manet
842 1424 898 1495 ius
921 1423 1134 1505 vocationis,
1159 1420 1245 1514 quia
1267 1444 1372 1492 verae
1394 1418 1576 1493 Ecclesiae

578 1530 799 1601 dictumest:
823 1522 1009 1598 Constitue
1026 1524 1261 1617 presbyteros.
1324 1532 1329 1537 ’

683 1660 884 1733 Necessaria
910 1673 1027 1731 autem
1056 1659 1213 1728 membra
1235 1656 1476 1732 ordinationis
1492 1654 1579 1730 baec

559 1760 563 1767 ’
584 1779 679 1840 sunt.
728 1763 877 1834 Vocatio
893 1764 936 1831 ad
956 1761 1206 1844 ministerium,
1231 1760 1427 1850 exploratio
1444 1762 1580 1831 doctri·
1606 1788 1609 1807 ⁴

582 1892 672 1948 nae,
701 1866 862 1937 indicare
877 1878 1019 1933 vocatos
1035 1859 1233 1947 Ecclesiae,
1259 1865 1457 1953 approbare
1474 1887 1579 1933 voca-

582 1971 737 2057 tionem,
766 1980 800 2038 et
824 1968 991 2059 precatio.
1045 1962 1130 2035 ldeo
1152 1964 1388 2044 certissimum
1406 1980 1459 2037 est
1481 1967 1581 2035 ordi-

583 2070 969 2163 nationem'pertinere
989 2070 1033 2139 ad
1059 2090 1178 2137 veram
1197 2062 1411 2155 Ecclesiam,
1437 2092 1512 2141 non
1536 2069 1581 2138 ad

586 2171 706 2245 hostes
722 2168 912 2244 Ecclesiae.

593 2302 599 2307 ’
691 2290 855 2363 Fuerunt
871 2303 989 2363 autern
1011 2290 1050 2361 in
1076 2304 1222 2363 externo
1247 2290 1319 2361 ritu
1343 2290 1583 2363 ordinationis

588 2395 706 2466 statim
737 2394 776 2464 in
807 2393 915 2465 veteri
940 2388 1099 2463 Ecclesia
1123 2392 1364 2479 ceremoniae,
1401 2394 1583 2485 impositio

588 2520 760 2568 mannum
776 2510 811 2568 et
825 2496 1012 2566 collocatio
1026 2495 1113 2565 libri
1129 2518 1236 2586 supra
1251 2510 1356 2587 caput
1372 2508 1437 2569 etc.
1478 2494 1583 2565 Talia

588 2602 689 2692 signa
704 2600 784 2669 dico
801 2597 986 2671 mutabilia
1011 2621 1107 2681 esse,
1138 2600 1198 2665 sed
1223 2611 1342 2667 tamen
1363 2622 1444 2667 cum
1462 2598 1500 2667 in
1514 2596 1585 2667 Ec-

591 2703 696 2773 clesia
711 2703 834 2773 deceat
850 2698 971 2770 omnia
987 2698 1063 2769 lieri
1079 2699 1225 2782 ordine,
1247 2720 1321 2768 esse
1344 2700 1500 2793 aliquem
1517 2724 1585 2791 pu·

590 2804 725 2875 blicum
740 2803 850 2896 ritum
866 2800 1104 2872 ordinationis
1118 2801 1196 2870 sine
1209 2801 1475 2888 superstitione,
1499 2802 1585 2883 utile

593 2919 663 2991 est;
699 2908 732 2975 1.
747 2904 804 2973 Ad
821 2900 910 2989 boc,
935 2917 974 2973 ut
989 2904 1100 2991 magis
1122 2902 1274 2972 illustria
1296 2904 1368 2973 sint
1384 2904 1585 2973 testimonia

593 3006 788 3095 vocationis
810 3019 845 3075 et
865 3005 1134 3098 approbationis
1158 3004 1287 3076 vorati.
1327 3008 1366 3079 l.
1381 3001 1426 3075 Et
1442 3019 1483 3077 ut
1499 3030 1585 3075 con-

594 3108 766 3201 spiciatur
788 3108 891 3178 cuius
914 3104 1093 3177 Ecclesiae
1120 3106 1320 3177 doctrinam
1345 3120 1489 3179 vocatus
1511 3132 1586 3177 am·

594 3214 778 3305 plectatur.
832 3211 867 3280 3.
897 3204 947 3278 Et
976 3221 1017 3278 ut
1049 3208 1099 3279 ibi
1135 3208 1276 3300 publica
1314 3210 1469 3301 precatio
1515 3206 1586 3283 fiat.

595 3311 631 3387 4.
667 3311 815 3383 Prodest
855 3311 960 3381 etiam
993 3305 1054 3381 hic
1084 3309 1159 3400 ipsc
1194 3310 1285 3381 ritus
1315 3313 1360 3382 ad
1389 3313 1585 3384 multorum

596 3414 929 3497 confirmationem,
990 3427 1029 3484 ut
1081 3412 1194 3482 sciant
1240 3412 1297 3482 ius
1323 3414 1588 3503 ,ortlinationis

598 3517 775 3612 pertinere
805 3519 850 3586 ad
886 3539 1006 3586 veram
1035 3512 1242 3588 Ecclesiam.
1288 3509 1326 3590 5.
1359 3512 1406 3586 Et
1432 3517 1588 3607 cogitent

598 3620 661 3715 qui
676 3620 754 3696 sint,
768 3641 906 3688 errores
928 3618 1224 3688 adversariorum.
1266 3616 1302 3690 6.
1325 3613 1372 3689 Et
1395 3620 1498 3691 cuius
1518 3615 1589 3692 Ee-

600 3723 726 3792 clesiae
764 3719 875 3790 velint
918 3742 992 3790 esse
1026 3720 1131 3788 cives.
1184 3717 1222 3792 7.
1251 3715 1415 3814 Denique
1456 3723 1589 3792 multae

599 3838 682 3895 sunt
700 3823 887 3908 utilitates,
917 3845 997 3891 cum
1014 3821 1091 3892 sine
1115 3817 1292 3893 calumnia
1309 3837 1343 3897 et
1365 3823 1441 3896 sinc
1466 3847 1590 3920 super·

600 3927 744 4000 stitione
760 3925 949 4000 iudicatur.

700 4044 798 4115 Haec
815 4047 858 4116 de
875 4044 1061 4116 vocatione
1076 4060 1110 4118 et
1123 4044 1352 4118 ordinatione
1366 4047 1411 4116 ad
1432 4047 1590 4120 iuniores

599 4147 968 4219 commonefaciendos
985 4147 1077 4218 dieta
1092 4163 1185 4218 sunt.
1280 4227 1284 4235 ,

700 4262 912 4358 Disputatur
942 4262 1001 4337 hic
1025 4279 1059 4337 et
1082 4267 1127 4335 de
1148 4265 1362 4350 ambitione,
1397 4291 1444 4336 an
1474 4282 1592 4357 peccet

600 4383 724 4464 petens
755 4369 911 4466 officium
942 4367 1118 4460 pastoris?
1171 4365 1410 4460 Respondeo:
1451 4365 1590 4459 Duplex

601 4485 652 4542 est
670 4471 805 4562 petitio.
856 4469 978 4542 Altera
993 4483 1045 4541 est
1061 4471 1140 4564 pia,
1166 4494 1258 4564 quae
1272 4471 1319 4541 ita
1336 4472 1385 4556 fit,
1410 4485 1450 4540 ut
1464 4471 1590 4540 offeras

601 4589 682 4644 tuos
697 4575 855 4664 labores,
881 4587 914 4642 et
934 4566 1064 4643 habeas
1087 4566 1306 4669 προαίρεσιν
1322 4588 1415 4644 recte
1437 4572 1593 4642 faciendi

529 4686 531 4691 '
600 4674 777 4758 officinm,
802 4689 837 4744 et
860 4673 1034 4746 iudicium
1052 4679 1096 4745 de
1113 4689 1148 4747 te
1167 4676 1350 4768 permittas
1371 4673 1414 4746 iis
1439 4675 1502 4768 qui
1526 4676 1592 4744 ad·

600 4771 791 4863 hibentur,
816 4800 882 4847 nec
895 4799 1031 4869 pugnes
1052 4776 1186 4849 illicitis
1208 4777 1338 4852 modis.
1389 4775 1486 4848 Haec
1502 4777 1591 4868 peti·

599 4869 651 4950 tio
666 4880 807 4950 laudata
824 4894 875 4951 est
892 4902 912 4948 a
929 4876 1040 4949 Paulo
1061 4878 1100 4948 in
1116 4876 1184 4950 hoc
1202 4880 1313 4952 dicto:
1339 4878 1380 4952 si
1405 4879 1485 4976 quis
1503 4875 1591 4967 Epi-

599 4982 695 5071 scopi
709 4979 929 5052 functioncm
950 4971 1097 5072 expetit,
1121 4975 1313 5054 honestum
1336 5006 1427 5076 opus
1448 4980 1591 5070 expetit.

597 5079 736 5154 Laudat
751 5083 969 5153 voluntatem
987 5083 1158 5174 petentis,
1182 5098 1218 5157 et
1234 5085 1523 5168 commonefacit,
1550 5096 1592 5155 ut

1629 1422 1929 1513 ambitiopugnat
1946 1444 2025 1493 cnm
2051 1424 2256 1505 vocatione,
2284 1424 2366 1518 quia
2389 1441 2524 1497 conatur
2538 1430 2588 1501 im-

1629 1526 1751 1617 pedire
1766 1524 1954 1609 iudicium,
1981 1514 2076 1617 quod
2092 1526 2135 1593 ad
2152 1524 2372 1621 vocationem
2389 1530 2588 1623 neceqsgqiun

1631 1640 1698 1698 est:
1732 1640 1765 1696 et
1788 1639 2007 1697 concurrunt
2031 1626 2140 1699 multa
2165 1628 2272 1714 vitia,
2305 1650 2379 1697 non
2401 1646 2589 1720 quaeruntur

1632 1731 1792 1809 labore's,
1832 1731 1892 1798 sed
1916 1728 2051 1798 reditus
2071 1740 2131 1831 aut
2156 1730 2338 1823 splendor.
2397 1729 2484 1801 Sunt
2502 1749 2589 1805 attten

1606 1812 1921 1964 [perniciosissimi
1951 1830 2066 1914 iures,
2108 1831 2170 1922 qui
2204 1832 2335 1901 omisso
2358 1832 2486 1902 'labore
2510 1836 2591 1905 dem·

1634 1947 1715 2004 rant
1745 1934 1898 2018 reditus,
1942 1933 2041 2002 etde
2070 1932 2234 2023 snperbia
2269 1933 2403 2012 dictum
2433 1948 2495 2019 est,
2526 1934 2592 2005 Pro-

1634 2037 1730 2109 verb.
1753 2036 1827 2105 lde
1866 2032 2097 2105 Abominatio
2120 2050 2170 2105 est
2194 2033 2405 2125 coramDeo
2426 2037 2530 2107 omnis
2549 2062 2592 2107 sn·

1635 2140 1766 2233 perbus
1782 2138 1900 2215 eorde.

1737 2237 1807 2311 llic
1832 2254 1867 2312 et
1880 2236 2081 2331 argumenti
2099 2238 2285 2332 explicatio
2310 2254 2398 2312 nota
2420 2240 2481 2325 sit,
2509 2240 2594 2311 Nemo

1635 2356 1731 2437 petat
1746 2343 1803 2411 vel
1821 2342 1967 2435 recipiat
1980 2363 2091 2425 onus,
2116 2343 2211 2435 quod
2235 2356 2380 2434 superat
2397 2342 2496 2417 vires.
2541 2340 2596 2413 Ad·

1637 2444 1852 2516 ministratio
1868 2444 1906 2514 in
1923 2440 2081 2515 Ecclesia
2109 2457 2144 2515 et
2167 2443 2206 2513 in
2231 2444 2367 2535 politiis
2385 2447 2460 2515 sine
2472 2445 2535 2515 ulla
2549 2448 2597 2515 du·

1636 2548 1809 2619 bitatione
1825 2560 1968 2639 superat
1982 2546 2077 2615 vires
2087 2541 2283 2631 humanas,
2307 2542 2406 2638 Ergo
2422 2571 2491 2619 non
2503 2561 2597 2637 estpa-

1637 2651 1741 2721 tenda
1767 2649 1824 2718 vel
1849 2648 2076 2739 recipienda?
2133 2645 2349 2739 Respondeo
2376 2650 2420 2719 ad
2442 2648 2598 2719 maiorem:

1637 2750 1750 2823 Nemo
1769 2763 1862 2841 petat
1879 2752 1934 2821 vel
1956 2750 2121 2840 recipiat,
2144 2774 2225 2820 cum
2243 2775 2318 2821 non
2336 2752 2470 2823 accedit
2484 2751 2600 2823 voratio

1640 2851 1744 2924 ltem:
1779 2852 1894 2923 Nemo
1918 2865 2014 2947 petat
2043 2852 2100 2922 vel
2131 2853 2278 2945 recipiat
2309 2854 2439 2935 fiducia
2468 2854 2535 2940 sui,
2558 2852 2599 2921 sed

1638 2980 1718 3027 cum
1742 2954 1884 3027 accessit
1907 2954 2065 3037 vocatio,
2099 2954 2169 3025 iam
2198 2954 2460 3031 administratio
2481 2956 2515 3027 iit
2536 2975 2600 3045 opus

1638 3056 1862 3129 obedientiae
1876 3052 1953 3126 Deo
1972 3056 2130 3137 debitae,
2156 3070 2189 3127 et
2207 3057 2242 3126 id
2259 3057 2463 3128 iaciendum
2476 3056 2599 3127 estido-

1638 3161 1691 3231 eia
1714 3159 1839 3230 auxilii
1863 3158 1997 3245 divini,
2037 3171 2071 3229 et
2097 3159 2135 3227 in
2158 3158 2341 3250 agnitione
2373 3171 2410 3232 et
2439 3159 2600 3231 invocatio·

1640 3286 1686 3333 ne
1707 3256 1786 3333 Dei.

1742 3360 1882 3461 Deinde
1913 3365 1956 3436 ad
1986 3364 2163 3437 minorem
2200 3365 2419 3456 respondeo:
2467 3360 2601 3435 Admini-

1639 3467 1764 3540 stratio
1778 3482 1919 3559 superat
1934 3467 2026 3538 sires
2042 3463 2234 3550 humanas,
2269 3468 2307 3539 id
2331 3491 2457 3540 verum
2479 3479 2539 3548 est,
2559 3462 2601 3532 ssd

1639 3570 1678 3643 lit
1698 3570 1875 3663 possibilis
1890 3584 1924 3642 et
1939 3571 2059 3642 elficax
2073 3571 2150 3644 Deo
2167 3571 2321 3642 iurante.
2375 3567 2431 3642 Ac
2448 3569 2515 3640 vult
2530 3563 2600 3636 Deus

1639 3669 1709 3744 boc
1730 3673 1836 3744 modo
1862 3673 2027 3763 colligere
2049 3673 2243 3744 Ecclesiam
2265 3696 2352 3744 voce
2378 3673 2602 3750 ministrorum,

1641 3774 1729 3847 sicut
1754 3774 1873 3871 inquit
1892 3774 2024 3848 Paulus
2051 3781 2083 3852 t.
2100 3773 2238 3850 Corint.
2256 3775 2308 3847 dn
2336 3771 2406 3846 Dei
2431 3784 2601 3862 cooperato·

1642 3901 1698 3950 res
1718 3901 1858 3965 sumus,
1889 3875 1956 3949 Dei
1980 3877 2194 3969 agricultura
2227 3879 2330 3957 estis,
2367 3873 2446 3968 Ego
2467 3871 2602 3965 plantavi,

1642 3980 1774 4073 Apollo
1801 3981 1949 4072 rigavit,
1980 3978 2078 4053 Deus
2102 3981 2360 4052 incrementum
2390 3979 2498 4048 dedit.
2551 3973 2602 4044 llee

1642 4083 1858 4178 requiritur,
1882 4097 1922 4154 ut
1936 4105 2002 4154 uos
2018 4083 2085 4173 ipsi
2099 4083 2310 4154 sufficientes
2325 4080 2458 4164 simus,
2481 4079 2536 4148 sed
2550 4075 2602 4144 sul·

1642 4185 1796 4264 ficientia
1822 4199 1944 4256 nostra
1976 4209 2017 4254 ex
2040 4183 2116 4256 Deo
2143 4198 2213 4267 est,
2242 4185 2277 4258 Ξ.
2302 4177 2469 4253 Corinth.
2487 4182 2519 4254 δ.
2553 4175 2602 4246 set

1643 4284 1711 4358 lroc
1732 4288 1944 4381 requiritur,
1982 4287 2102 4356 lidelcs
2127 4299 2166 4357 ut
2190 4285 2317 4370 sirnus,
2353 4289 2387 4360 t.
2411 4277 2561 4356 Corinth.
2579 4275 2602 4346 l·

1642 4388 1812 4460 Fidelitas
1835 4401 1953 4460 autem
1978 4388 2225 4480 complectitur
2254 4388 2387 4458 bonam
2417 4387 2603 4459 voluntatem

1642 4507 1676 4564 et
1692 4515 1766 4563 non
1782 4491 1964 4580 ignavam,
1989 4490 2048 4560 sed
2067 4492 2160 4560 bona
2177 4489 2393 4562 conscientia
2411 4497 2602 4582 quaerentem

1643 4616 1699 4665 res
1724 4595 1937 4665 necessarias
1965 4593 2330 4675 administrationem,
2356 4585 2605 4662 scilicetmedio·

1643 4720 1737 4766 erem
1759 4695 1997 4786 cognitionem
2026 4695 2230 4777 doctrinae,
2269 4694 2507 4784 diligentiam,
2541 4709 2602 4757 con·

1642 4797 1806 4869 stantiam
1831 4799 1869 4866 in
1890 4796 2111 4868 confessione
2132 4811 2166 4868 et
2192 4796 2324 4865 similes
2346 4797 2510 4880 virtutes,
2538 4811 2601 4884 qua·

1642 4923 1722 4978 rum
1738 4898 1933 4988 catalogum
1948 4895 2016 4970 boc
2033 4901 2069 4968 in
2085 4899 2163 4970 loco
2179 4897 2310 4968 Paulus
2326 4910 2492 4968 recenset.

1746 4997 1854 5090 Quod
1869 5002 2005 5095 placeat
2020 4997 2096 5072 Deo
2112 4999 2250 5072 vocatio
2264 5025 2326 5071 seu
2347 4998 2472 5070 electio
2487 5019 2540 5089 per
2552 4987 2600 5060 bo·

1642 5101 1756 5174 mines
1771 5104 1879 5186 lacta,
1905 5105 2051 5197 etquod
2076 5100 2314 5174 ministerium
2338 5125 2402 5193 per
2419 5099 2500 5172 tales
2516 5096 2552 5168 sit
2564 5091 2598 5159 el·

582 5183 716 5293 ’(’,Ρθῑῖδ
747 5183 1030 5276 ωθὸὓῖῑΰᾶἷῦθω
1060 5185 1286 5259 ⁶⁰⁰⁸ld⁰l⁰l²
1323 5187 1414 5259 8ἷοοῑ
1438 5186 1590 5258 minife-
1642 5205 1741 5287 ficar,
1766 5200 1851 5276 binc
1866 5207 2092 5278 manifestum
2107 5221 2169 5291 est,
2189 5203 2272 5300 quia
2290 5200 2424 5274 Paulus
2441 5203 2529 5270 iubet
2542 5187 2598 5279 eligi

600 5298 694 5357 ‘¹⁰¹⁰
716 5298 791 5379 ists
823 5309 881 5356 Μ
906 5285 1120 5358 ‘llffisslllm‘
1141 5310 1216 5358 ΜΕ
1238 5286 1507 5380 ΗΡῙῙΜιίοηθιῃ
1525 5289 1589 5357 ἅθ’
1640 5307 1842 5389 ministros,
1869 5325 1903 5380 et
1925 5323 2046 5379 narrat
2068 5309 2188 5403 quales
2215 5305 2287 5376 sint
2312 5302 2488 5394 eligendi,
2514 5289 2598 5370 iamsi

596 5389 745 5475 illinies
769 5388 1076 5478 dnbefflallffl‘mv
1102 5389 1451 5484 circul¹l⁸lll²⁶ll⁰¹¹⁶m
1468 5413 1589 5461 ⁰0⁰⁰*
1641 5409 1740 5480 nulla
1768 5433 1831 5503 per
1857 5406 2022 5480 homines
2042 5409 2202 5479 iacienda
2230 5421 2320 5478 esset
2348 5407 2489 5489 electio,
2518 5419 2596 5495 quot·

597 5491 725 5562 &triam
743 5493 786 5562 td
804 5488 950 5562 Vllssssdt
966 5492 1141 5563 scandala·
1640 5533 1718 5581 sum
1741 5534 1832 5604 opus
1856 5526 1944 5583 esset
1967 5513 2105 5583 tradere
2126 5511 2297 5598 sormam,
2326 5508 2449 5603 quales
2470 5505 2534 5576 siut
2552 5496 2596 5568 all·

695 5607 771 5683 Nec
794 5609 966 5682 iniustum
988 5625 1040 5682 est
1055 5626 1219 5704 appetere
1235 5614 1432 5683 mercedem
1448 5635 1513 5683 suo
1528 5633 1589 5683 or·
1640 5613 1761 5705 gandi.
1848 5653 1855 5666 ·

593 5707 691 5784 dine.
718 5708 771 5781 Ac
787 5713 867 5783 talis
878 5709 1003 5804 petitio
1018 5736 1092 5783 non
1109 5713 1258 5804 impedit
1273 5714 1508 5795 vocationem,
1524 5716 1586 5785 sed
1740 5713 1925 5787 Caeterum
1944 5715 2116 5785 deforma
2132 5707 2200 5784 bac
2213 5712 2365 5785 sciamus
2378 5722 2535 5804 oportere
2544 5699 2597 5814 titt·

590 5812 709 5900 potius
738 5815 849 5904 gratia
873 5817 1024 5888 debetur
1051 5815 1203 5909 petenti,
1246 5819 1343 5911 quod
1370 5839 1408 5889 se
1439 5815 1585 5905 indicat,
1637 5817 1738 5910 gulos
1756 5813 1920 5891 homines
1943 5817 2032 5889 scire
2056 5839 2231 5889 summam
2248 5812 2595 5904 doctrinae,.qnaeut
