5825 6950
557 672 630 746 tte
1151 661 1278 740 utut.
1303 655 1422 739 Mttt..
1449 655 1661 734 SCRIPTA
1686 652 1992 737 ltxttuttttctt
2514 663 2597 742 124

560 857 694 937 patrem
717 842 935 925 facientem,
951 861 1033 929 ergo
1059 832 1148 908 haec
1178 835 1314 906 sanatio
1338 856 1357 904 a
1380 832 1552 918 melacta,
1602 833 1712 924 igitur
1728 835 1810 906 data
1827 849 1878 904 est
1891 837 1971 908 lex?
2006 831 2066 906 An
2080 829 2149 909 boc
2164 831 2236 908 vile
2258 859 2369 932 opus,
2396 839 2546 912 credere
2561 839 2600 908 iu

561 948 684 1017 divina
707 960 778 1030 est,
803 960 836 1016 et
859 966 933 1011 non
956 943 1112 1011 subiecta
1134 952 1268 1009 vestrae
1282 936 1350 1026 legi
1366 937 1410 1004 de
1425 937 1553 1004 sabba·
1602 931 1927 1008 hunccrucifixum
1952 937 2143 1024 Messium,
2186 941 2278 1012 tanti
2300 955 2369 1027 est,
2400 955 2442 1013 ut
2463 967 2532 1034 pro
2558 963 2601 1012 eo

560 1066 620 1133 to,
646 1061 810 1141 quaeest
833 1044 1045 1137 paedagogia
1061 1039 1168 1112 huius
1183 1041 1341 1108 infirmae
1357 1051 1391 1107 et
1406 1039 1553 1106 miserae
1604 1041 1708 1110 detur
1732 1041 1804 1110 vita
1823 1041 1994 1142 ,aeterna?
2034 1039 2212 1114 Videntur
2236 1037 2325 1114 haec
2347 1046 2501 1116 absurda
2528 1038 2602 1112 hu-

561 1164 710 1222 neturae
736 1145 930 1231 humanae,
954 1146 1156 1238 significans
1179 1142 1283 1239 longe
1304 1139 1402 1210 aliud
1425 1139 1554 1210 sabba·
1604 1165 1729 1212 manae
1746 1141 1957 1232 sapientiae,
1981 1157 2014 1216 et
2036 1145 2259 1236 pracsertim,
2284 1141 2341 1216 his
2355 1148 2416 1240 qui
2431 1145 2603 1218 fascinati

562 1269 662 1343 tum,
695 1252 829 1322 scilicet
856 1251 1018 1322 futuram
1044 1259 1078 1317 et
1105 1259 1282 1314 aeternam
1307 1241 1481 1336 quietem,
1514 1241 1553 1310 in
1605 1245 1942 1316 sunt'admiratione
1958 1267 2042 1316 suae
2060 1247 2230 1321 iusticias.
2282 1245 2354 1319 Sed
2372 1272 2453 1318 vera
2469 1244 2605 1318 Eccle-

563 1379 633 1449 qua
650 1353 869 1426 cessantibus
884 1351 1011 1421 officiis
1026 1347 1197 1440 corporis,
1222 1346 1462 1435 generatione,
1486 1368 1555 1414 nu·
1605 1347 1655 1416 sia
1670 1343 1736 1416 Dei
1753 1347 1916 1437 intelligit
1932 1343 2017 1418 haec
2034 1349 2147 1434 dicte,
2172 1363 2206 1420 et
2220 1363 2315 1422 recte
2329 1351 2497 1440 intelligit
2515 1373 2605 1442 pro-

563 1457 710 1531 tritione
733 1470 768 1526 et
789 1454 984 1535 similibus,
1009 1464 1148 1523 tantum
1170 1471 1276 1540 opera
1295 1447 1432 1517 sabbati
1447 1447 1554 1516 facie·
1605 1450 1790 1520 missiones
1806 1451 1850 1536 de
1866 1449 2016 1536 Messia,
2042 1465 2075 1522 et
2089 1452 2214 1541 tegern.
2266 1451 2341 1524 Scit
2362 1477 2426 1524 cur
2445 1456 2533 1522 data
2557 1452 2604 1522 sit

563 1583 653 1631 mus.
707 1555 930 1628 intuebimur
952 1570 986 1625 et
1003 1553 1258 1623 celebrabimus
1272 1550 1407 1635 Deum,
1433 1561 1466 1619 et
1481 1549 1555 1640 ipse
1605 1553 1682 1638 lex,
1713 1551 1865 1636 scilicet,
1906 1566 1946 1622 ut
1974 1552 2020 1624 sit
2045 1577 2112 1622 vox
2139 1555 2329 1624 ostendens
2361 1554 2540 1634 iudicium
2568 1567 2604 1624 et

563 1661 671 1734 nobis
698 1660 875 1752 impertiet
900 1657 1100 1732 societatem
1132 1677 1215 1724 suec
1242 1653 1352 1735 lucis,
1399 1665 1433 1721 et
1462 1651 1555 1722 vitae
1606 1655 1696 1724 irem
1714 1654 1784 1724 Dei
1809 1656 1977 1724 adversus
1999 1668 2197 1746 peccatum,
2225 1651 2604 1750 nonquodbornines

563 1777 739 1834 aeternae.
790 1759 880 1832 Nam
903 1755 995 1828 banc
1015 1760 1172 1829 futuram
1195 1754 1555 1849 qtrietemadumbrat
1606 1756 1678 1827 sint
1700 1755 1776 1846 lege
1806 1756 1902 1832 iusti.
1961 1755 2036 1828 Scit
2059 1781 2123 1827 cur
2145 1758 2339 1850 promissus
2366 1760 2412 1830 sit
2433 1757 2603 1844 Messias,

562 1881 670 1962 typus
685 1865 724 1933 in
740 1865 815 1952 lege
830 1857 986 1948 sabba'ti,
1010 1873 1172 1950 utsupra
1188 1860 1321 1930 dictum
1337 1868 1399 1928 est.
1607 1859 1759 1942 scilicet,
1783 1872 1820 1928 ut
1847 1860 1941 1930 lieret
1965 1858 2108 1930 victima
2131 1882 2196 1950 pro
2215 1861 2539 1950 peccatisnostris,
2568 1871 2602 1930 et

1607 1963 1721 2032 incoiit
1738 1961 1775 2028 in
1792 1961 2016 2032 credentibus
2033 1961 2141 2033 vitam
2158 1975 2351 2034 aeternam.
2401 1961 2471 2032 llic
2487 1963 2601 2052 igitur

1607 2077 1810 2156 repetantur
1825 2087 1883 2144 ea,
1912 2087 2002 2156 quae
2023 2085 2129 2156 supra
2147 2067 2191 2134 de
2210 2065 2351 2138 iusticia
2367 2065 2450 2136 fidei
2467 2065 2508 2134 in
2525 2089 2601 2158 cap.

1608 2165 2009 2237 Setaliasdictasunt.
2061 2165 2132 2237 Sed
2154 2166 2311 2239 curait?
2564 2165 2575 2178 ”

613 2015 730 2091 Amen
751 2011 833 2086 dico
857 2010 978 2098 vobis,
1003 2011 1070 2113 qui
1085 2006 1193 2084 audit
1209 2033 1409 2082 sermonem
1425 2031 1555 2088 meum,

666 2127 698 2190 et
729 2113 842 2189 credit
870 2113 921 2204 ei,
959 2116 1026 2216 qui
1052 2113 1155 2187 misit
1185 2138 1261 2200 me,
1301 2107 1412 2183 dubet
1441 2109 1555 2181 vitum

664 2230 866 2294 aeteruum.

666 2374 751 2447 Dixi
771 2397 876 2466 supra
891 2371 1113 2444 observanda
1131 2391 1204 2438 esse
1221 2362 1289 2437 boc
1304 2368 1383 2437 loco
1398 2366 1557 2436 testimo·
1660 2364 1750 2443 Noa
1784 2368 1896 2441 veniet
1930 2366 1971 2439 iu
2002 2365 2200 2460 iudicium,
2246 2366 2316 2444 sed
2344 2369 2520 2444 transivit
2551 2393 2600 2446 ex

563 2483 626 2552 nia
641 2481 686 2549 de
703 2479 824 2548 divina
841 2489 968 2546 natura
984 2474 1021 2542 in
1039 2467 1201 2556 Christo,
1227 2495 1317 2564 quar
1332 2469 1556 2538 meditationi

564 2586 707 2678 piorum
730 2580 952 2650 commendo.
1018 2573 1113 2646 Sunt
1135 2575 1230 2645 euim
1255 2573 1337 2642 satis
1362 2572 1558 2663 perspicua,

565 2687 672 2757 etiam
698 2683 775 2752 sine
800 2682 905 2770 longa
929 2677 1165 2748 enarratione.
1220 2673 1392 2744 Videmus
1413 2674 1556 2764 aequari

566 2785 794 2878 sapientiam,
839 2781 1036 2874 potentiam
1073 2794 1107 2850 et
1146 2774 1339 2856 honorem,
1387 2775 1559 2846 tribuitur

566 2913 650 2978 ergo
674 2902 708 2958 et
730 2887 805 2956 lilio
828 2881 1098 2975 omnipotentia.
1149 2877 1334 2949 Caeterum
1354 2892 1389 2948 et
1402 2873 1471 2947 boc
1486 2876 1555 2946 sul-

563 3014 650 3064 rnen
677 2991 922 3069 observemus,
959 3008 1029 3077 quo
1057 2985 1248 3052 damnatur
1270 2981 1430 3051 omniurn
1455 2980 1558 3050 iusti·
1614 3035 1623 3052 .

567 3096 642 3183 cia,
669 3092 732 3183 qui
755 3092 828 3160 lilio
845 3088 910 3160 Dei
933 3111 1007 3156 non
1030 3085 1195 3155 tribuunt
1218 3078 1409 3165 honorem,
1436 3082 1558 3174 quales

564 3209 649 3268 sunt
666 3193 808 3274 ludaei,
835 3185 1002 3269 Etbnici,
1029 3186 1226 3268 Haeretici,
1251 3199 1283 3255 et
1299 3207 1423 3255 omnes
1439 3181 1557 3255 hostes

565 3295 765 3386 Evangelii.
817 3291 873 3364 Sit
888 3293 970 3362 licet
984 3292 1157 3363 excellens
1170 3289 1284 3358 virtus
1298 3286 1420 3366 Fabii,
1444 3283 1557 3357 Ebio-

567 3516 650 3573 sunt
664 3499 801 3569 inimici
813 3494 1016 3587 Evangelii,
1042 3496 1125 3565 item
1136 3488 1401 3564 Monachorum
1418 3506 1453 3563 et
1468 3493 1556 3559 alio·
1613 3526 1621 3563 2

566 3629 648 3675 rum
665 3602 885 3692 sapientum,
909 3600 972 3688 qrri
989 3620 1084 3665 nunc
1100 3592 1296 3684 Evangelio
1313 3597 1557 3677 adversantur,

567 3722 686 3794 tamen
709 3703 792 3795 quia
815 3701 889 3768 lilio
905 3699 973 3771 Dei
995 3722 1070 3767 non
1093 3698 1257 3766 tribuunt
1279 3691 1472 3780 honorem,
1500 3689 1558 3763 bic

567 3810 661 3880 clare
682 3808 914 3875 damnentur:
951 3799 1025 3889 Qui
1051 3792 1125 3869 noir
1148 3795 1302 3868 honorat
1322 3798 1456 3877 filiurn,
1483 3820 1557 3865 non

566 3908 723 3981 honorat
747 3919 900 3992 patrem3
942 3927 981 3971 ac
1004 3925 1127 3971 rursus
1148 3902 1273 3985 nobis,
1313 3901 1374 3994 qui
1398 3922 1559 3988 agnosci-

567 4036 648 4082 mus
672 4008 902 4077 mediatorem
924 4005 1056 4089 lilium,
1093 4015 1126 4071 et
1148 4004 1225 4095 ipso
1250 4004 1400 4073 ducente
1421 4002 1558 4073 accedi-

567 4135 649 4183 mus
671 4113 714 4181 ed
739 4122 894 4201 patrem,
918 4108 1044 4193 ingens
1067 4105 1262 4175 consolatio
1279 4104 1316 4173 iu
1332 4098 1398 4173 hac
1414 4116 1556 4173 senten-

567 4216 617 4287 tia
641 4212 865 4306 proponitur.
918 4208 1057 4280 Scimus
1078 4223 1173 4277 certo
1197 4230 1263 4276 nos
1282 4205 1392 4296 recipi
1412 4219 1557 4296 epatre,

568 4318 651 4413 qrria
665 4316 738 4384 lilio
755 4313 944 4384 tribuimus
962 4306 1158 4394 honorem,-
1180 4310 1225 4378 de
1241 4332 1312 4401 quo
1326 4304 1556 4378 docetEvan-

567 4422 719 4513 gelium,
747 4416 844 4507 qood
869 4428 990 4482 narrat
1013 4412 1093 4505 quis
1114 4412 1160 4482 sit
1179 4411 1292 4488 filius,
1318 4424 1354 4481 et
1378 4434 1486 4502 quare
1511 4410 1557 4481 sit

565 4523 705 4591 missus.
753 4516 845 4588 Nam
865 4517 1022 4588 tribuere
1046 4509 1218 4583 bonorem
1245 4513 1318 4581 lilio
1342 4513 1555 4603 est‘credere

566 4620 761 4711 Evangelio
792 4620 836 4689 de
866 4618 1035 4688 omnibus
1064 4615 1225 4687 articulis
1256 4617 1300 4684 de
1322 4609 1487 4697 Christo,
1520 4626 1556 4685 et

565 4724 695 4796 fiducia
718 4723 795 4791 eius
815 4722 978 4790 accedere
1001 4722 1046 4787 ad
1061 4716 1196 4801 Deum,
1222 4726 1257 4787 et
1278 4741 1359 4787 eum
1379 4716 1556 4786 invocare.

566 4824 653 4896 ldeo
682 4825 798 4895 statim
820 4823 979 4916 sequitur
1000 4820 1196 4903 sententia,
1229 4843 1320 4913 quae
1345 4818 1556 4910 interpreta-
1625 4876 1632 4887 .

568 4922 745 4999 turbone
766 4920 938 4993 bonorem
961 4917 1018 4992 his
1036 4922 1168 4991 verbis:
1195 4916 1330 5004 Amen,
1356 4944 1461 4991 emen
1477 4921 1556 4989 dico

1709 2481 1823 2543 morte
1838 2471 1878 2543 in
1894 2470 2019 2549 vitum.

1685 2625 1742 2696 An
1761 2651 1834 2696 non
1854 2626 2108 2696 iudicabuntur
2129 2627 2336 2696 credentes?
2360 2623 2586 2718 Respondeas

1610 2730 1654 2798 de
1670 2729 1816 2820 proprio
1834 2741 1868 2800 et
1890 2729 2078 2820 principali
2102 2728 2228 2800 effectu
2249 2729 2332 2798 fidei
2356 2728 2524 2822 loquitur,
2547 2743 2592 2800 ut

1609 2855 1732 2900 omnes
1749 2828 1910 2900 homines
1923 2845 2064 2926 praeter
2078 2826 2262 2901 Christum
2286 2826 2419 2902 habent
2440 2843 2596 2920 peccata,

1610 2934 1660 3002 sic
1682 2957 1806 3002 omnes
1835 2933 1968 3002 iudicat
1990 2947 2023 3002 et
2047 2946 2185 3003 accusat
2205 2931 2321 3018 Deus,
2356 2933 2446 3002 sicut
2463 2930 2597 3002 Paulus

1612 3036 1745 3128 inquit:
1781 3030 1918 3105 Omnes
1941 3049 2025 3106 sunt
2044 3035 2110 3104 sub
2133 3048 2292 3124 peccato;
2325 3037 2386 3104 sed
2411 3049 2595 3128 postquam

1611 3139 1728 3208 illuxit
1748 3138 1854 3222 fides,
1892 3161 1954 3206 seu
1977 3138 2103 3207 fiducia
2127 3133 2261 3207 Christi
2292 3136 2332 3205 in
2361 3139 2487 3222 corde,
2524 3161 2593 3228 qua

1612 3239 1834 3327 agnoscimus
1850 3263 1916 3309 nos
1931 3263 2010 3308 vere
2025 3263 2043 3307 a
2060 3236 2135 3309 Deo
2151 3240 2278 3331 recipi,
2305 3239 2488 3324 exaudiri,
2510 3239 2593 3329 regi,

565 3402 642 3480 nis,
676 3397 776 3482 Arii,
809 3393 963 3484 pelagii,
996 3391 1209 3462 ludaeorum
1238 3391 1463 3483 aliquorum,
1496 3393 1556 3482 qui
1612 3342 1775 3461 delendi,
1809 3343 1970 3434 sequitur
1993 3363 2060 3432 pax
2078 3353 2113 3412 et
2126 3341 2278 3422 laetitia,
2305 3342 2600 3438 quaeestincoa·

1613 3459 1663 3514 tm
1681 3445 1772 3513 vitae
1796 3458 1978 3525 aeternae,
2014 3455 2048 3514 et
2070 3442 2154 3532 tegit
2176 3455 2331 3535 peccata,
2366 3467 2459 3537 quae
2483 3439 2599 3515 adbuc

1611 3572 1649 3615 ru
1681 3546 1922 3617 imbecillitate
1950 3557 2071 3615 nostra
2102 3540 2260 3637 haerent.
2325 3545 2409 3618 ldeo
2448 3548 2599 3618 dicitur:

1610 3647 1710 3719 Beati
1737 3672 1887 3741 quonrm
1910 3649 2075 3718 remissae
2097 3662 2180 3718 sunt
2203 3648 2427 3741 iniquitates,
2459 3662 2494 3717 et
2510 3674 2602 3741 quo-

1610 3774 1690 3820 rum
1706 3764 1793 3819 tecta
1815 3765 1897 3821 saint
1921 3746 2070 3842 peccata.
2128 3748 2188 3821 Sic
2213 3752 2359 3820 credens
2380 3774 2426 3819 ne
2453 3752 2602 3843 quidem

1529 3900 1538 3917 .
1611 3851 1763 3922 venitin
1780 3852 1971 3932 iudicium,
1996 3852 2032 3921 id
2057 3864 2127 3936 est,
2158 3852 2222 3921 etsi
2241 3847 2348 3923 habet
2365 3866 2523 3942 peccata,
2551 3866 2605 3923 te·

1612 3978 1692 4023 men
1708 3948 1795 4024 haec
1810 3967 1898 4026 tecta
1915 3966 2017 4036 sunt,
2053 3966 2237 4045 postquam
2264 3954 2382 4023 illuxit
2402 3954 2510 4033 fides.
2542 3958 2605 4025 sed

1611 4056 1687 4125 siue
1711 4054 1800 4141 lide,
1840 4071 1875 4127 et
1894 4069 1976 4125 aute
2007 4056 2111 4125 tidem
2136 4056 2369 4126 dominantur
2392 4070 2545 4127 terrores
2573 4071 2607 4129 et

1611 4182 1726 4237 mors,
1753 4158 1843 4247 sicut
1861 4158 1981 4251 inquit
1997 4156 2144 4228 Paulus:
2172 4154 2327 4229 Aculeus
2342 4159 2464 4229 mortis
2481 4183 2608 4248 pecca·

1609 4273 1686 4330 tum
1704 4273 1770 4330 est:
1803 4260 1966 4331 Potentia
1995 4260 2125 4347 peccati
2149 4261 2310 4342 lex,·sed
2326 4257 2402 4330 Deo
2417 4260 2463 4331 sit
2480 4264 2610 4350 gratia,

1610 4362 1673 4455 qui
1690 4364 1751 4449 dat
1767 4365 1872 4433 nobis
1887 4362 2071 4433 victoriam
2087 4384 2150 4453 per
2164 4361 2351 4433 dominum
2365 4376 2529 4434 nostrum
2548 4360 2608 4435 le·

1610 4488 1688 4535 suin
1706 4457 1902 4538 Christum.
1983 4504 1988 4513 ·

1660 4662 1764 4765 Quia
1788 4668 1883 4738 venit
1903 4662 1998 4739 horu
2025 4664 2177 4769 quande
2195 4664 2334 4739 mortui
2356 4662 2516 4743 audient
2545 4698 2609 4744 vo·

1710 4795 1782 4843 cem
1795 4766 1882 4865 filii
1896 4766 1986 4847 Dei.

1683 4916 1776 4990 Vide
1798 4921 1925 4991 seriem
1948 4922 2135 4992 universae
2151 4920 2344 4995 concionis.
2389 4918 2498 4996 lnitio
2515 4926 2609 4997 dixit

568 5029 690 5109 vobis,
721 5026 784 5118 qui
806 5048 1003 5093 sermonem
1027 5048 1145 5093 meum
1170 5023 1289 5102 audit,
1323 5037 1355 5092 et
1379 5023 1491 5092 credit
1514 5022 1558 5107 ei,
1609 5022 1689 5114 quis
1715 5022 1779 5107 sit,
1811 5022 1975 5094 videlicet
1994 5024 2089 5093 lilius
2108 5021 2194 5109 Dei,
2225 5038 2347 5118 postca
2371 5029 2467 5119 quod
2491 5028 2608 5099 bene-

568 5130 632 5223 qui
656 5127 753 5198 misit
773 5150 848 5207 me,
871 5120 979 5195 habet
999 5127 1107 5197 vitam
1126 5140 1318 5195 aeternam.
1368 5121 1559 5194 llicdocet
1608 5124 1726 5195 licium
1760 5124 1902 5211 aflerat,
1944 5125 2077 5195 scilieet
2102 5126 2210 5196 vitam
2241 5142 2432 5202 aeternam.
2497 5127 2608 5203 Nunc

568 5230 750 5326 quomodo
773 5228 952 5297 tribuatur
972 5224 1086 5298 hortos
1108 5228 1200 5311 lilio,
1223 5227 1358 5297 scilicet
1379 5227 1556 5295 audiendo
1610 5226 1708 5295 addit
1724 5229 1904 5319 quomodo
1918 5229 2066 5297 daturus
2091 5227 2137 5299 sit
2150 5228 2259 5299 vitem
2280 5242 2479 5312 aeternam,
2506 5234 2606 5303 scili·

569 5337 719 5403 verbum
749 5329 843 5412 eius,
881 5343 915 5397 et
940 5330 1115 5399 credendo
1147 5345 1222 5400 tum
1256 5328 1324 5418 ipsi
1354 5327 1448 5411 filio,
1482 5339 1556 5397 tum
1611 5340 1685 5411 ret,
1710 5329 1923 5399 resuscitatis
1941 5328 2109 5409 mortuis,
2135 5327 2338 5402 etalirrmat
2355 5332 2510 5423 seipsum
2527 5336 2606 5407 lore

567 5435 665 5535 patri
685 5432 748 5526 qui
772 5430 870 5502 misit
894 5452 993 5512 eum,
1018 5445 1053 5499 et
1076 5455 1142 5523 pro
1169 5428 1236 5500 hoc
1257 5452 1365 5522 opere
1383 5430 1559 5519 promittit
1610 5431 1892 5501 resuscitatorem
1909 5447 2145 5504 mortuorum.
2190 5430 2355 5526 Suntque
2368 5428 2427 5505 bic
2442 5459 2607 5527 expressa

566 5538 679 5608 vitam
700 5548 892 5607 aeternam.
945 5528 1019 5601 llas
1041 5532 1227 5602 conciones
1246 5530 1367 5602 ludaei
1387 5545 1558 5623 tanquam
1611 5530 1813 5603 testimonia
1842 5534 1915 5603 duo
1935 5534 2137 5625 proposita,
2177 5534 2328 5606 alterum
2349 5536 2394 5605 de
2416 5540 2608 5611 resuscita-

568 5653 678 5711 tetras
699 5632 938 5727 blasphemias
955 5634 1229 5715 execrabantur,
1251 5635 1347 5726 quod
1366 5632 1477 5704 tribui
1494 5658 1559 5723 po·
1612 5633 1708 5703 tione
1730 5648 1974 5716 mortuorum,
2005 5634 2155 5707 alterum
2178 5638 2223 5706 de
2246 5637 2312 5706 filii
2330 5638 2605 5730 omnipotentia,

571 5739 724 5809 stulabat
741 5732 914 5808 honorem
939 5759 1060 5827 parem
1084 5727 1159 5803 lilio
1180 5748 1217 5806 et
1230 5735 1340 5826 petri,
1362 5736 1447 5809 item
1461 5735 1559 5829 quod
1611 5735 1671 5805 scd
1688 5748 1805 5811 tamen
1827 5736 1898 5819 its,
1923 5749 1963 5809 ut
1981 5760 2001 5807 a
2016 5751 2117 5832 petre
2132 5732 2462 5819 sitcommunicata.
2517 5740 2604 5815 ldeo

569 5862 635 5933 pro
668 5834 736 5909 hoc
765 5861 871 5931 opere
897 5838 1075 5931 promittit
1105 5835 1214 5913 vitam
1240 5848 1432 5919 aeternam.
1484 5835 1559 5917 Cur
1602 5835 1673 5915 eit;
