5825 6950
321 748 443 827 rora
483 750 586 829 xtn.
639 750 677 829 a.
702 749 1050 833 couuuuran.
1073 750 1130 830 ιιι
1151 750 1308 830 unsa.
1335 742 1485 843 saun
1514 743 1584 821 an
1608 740 1935 845 coniuratos.
1988 748 2094 829 car.
2119 751 2187 832 ιι.
2253 689 2357 831 ¹sora

314 926 385 1007 tia,
409 948 485 997 non
508 949 612 1021 posse
633 925 800 999 invocare
815 926 950 1015 Deum,
976 928 1060 1023 quia
1085 942 1207 1001 contra
1233 928 1310 1001 eius
1364 922 1465 1017 quasi
1479 934 1619 994 tantum
1634 915 1703 991 hoc
1717 920 1831 1008 dicat,
1855 926 1950 1019 qnod
1969 925 2136 997 omnibus
2150 941 2273 999 notum
2292 946 2353 1018 est,

309 1028 534 1101 voluntatem
551 1030 701 1100 seientes
717 1044 752 1101 et
767 1030 925 1102 volentes
940 1032 1030 1125 lapsi
1048 1054 1181 1104 sumus.
1205 1028 1309 1103 Hanc
1360 1022 1408 1095 ila
1426 1026 1607 1096 conditam
1624 1046 1698 1095 ⁶⁸⁸0
1715 1035 1878 1095 ”amram
1896 1022 2096 1113 hminum.
2123 1043 2162 1100 ¹¹1
2179 1057 2217 1099 0¹
2238 1030 2350 1103 Μιιῐῦ

311 1130 550 1203 comesturi„
571 1133 774 1205 servitutem
799 1142 840 1205 οι·
858 1128 955 1205 hunc
978 1148 1138 1219 mmm,
1163 1128 1221 1203 hic
1245 1160 1308 1205 vo.
1358 1140 1392 1197 et
1407 1124 1599 1199 Foeminae
1615 1126 1868 1199 coniunctione
1884 1148 1996 1217 genus
2008 1125 2204 1201 humanum
2221 1159 2351 1225 propa-

315 1246 372 1303 αι
397 1235 511 1327 redigi
536 1235 575 1303 in
604 1234 822 1307 servitutem.
888 1232 1000 1326 Negat
1029 1258 1112 1327 ergo
1141 1258 1307 1307 concessa
1355 1232 1513 1323 gaudum
1531 1230 1588 1303 sit.
1639 1224 1851 1299 Etsiautem
1869 1235 2346 1327 eamsententiameomple-

309 1334 508 1421 esse'talia,
533 1356 733 1429 qtraeream
751 1334 886 1409 iaciunt
900 1336 1164 1419 conscientiam,
1189 1339 1306 1423 idest,
1355 1332 1465 1402 ctitnr
1480 1334 1584 1402 etiam
1601 1332 1663 1402 illa
1681 1332 1799 1401 brevis
1814 1332 1957 1419 concio,
1982 1348 2100 1407 tamen
2124 1337 2232 1405 simul
2257 1362 2344 1407 con—

310 1454 406 1531 quas
430 1434 1001 1530 ex'cutiunt‘Spiritumsanctum.
1061 1439 1163 1511 Talia
1187 1455 1304 1533 autem
1355 1432 1443 1504 tinet
1466 1447 1651 1525 praecepta
1683 1434 1728 1503 de
1757 1435 1866 1503 modo
1894 1437 2155 1525 generationis,
2191 1434 2258 1509 hoc
2282 1458 2345 1525 0⁸1.

311 1548 419 1618 wne,
445 1559 539 1635 qm
560 1552 828 1631 pugnantum
852 1542 930 1631 teg,
951 1542 1099 1626 morati,
1134 1542 1217 1639 quit,
1245 1565 1303 1612 η.
1354 1537 1467 1607 sancit
1489 1536 1581 1629 leges
1605 1540 1650 1603 de
1673 1536 1840 1626 coniugio
1861 1551 1895 1607 et
1912 1535 2157 1629 prohibitione
2177 1566 2343 1631 vagarum

308 1644 394 1711 dem
419 1655 471 1711 est
494 1642 659 1712 voluntas
672 1640 828 1735 Spiritus
852 1642 983 1730 sancti,
1019 1658 1053 1716 et
1075 1644 1162 1735 legis
1184 1668 1303 1716 mora·
1353 1636 1564 1723 libidinum.
1590 1650 1625 1709 il
1647 1653 1789 1724 imm,
1815 1638 1989 1731 institam
2004 1655 2042 1713 ‘l
2058 1641 2231 1713 ‘tutillam
2256 1644 2342 1715 defi·

310 1741 376 1825 lis,
403 1765 496 1837 quae
513 1756 723 1815 est'aeterna
740 1736 937 1816 et'immota
952 1747 1125 1837 sapientia
1144 1746 1222 1821 Dei.
1353 1740 1528 1812 nitionem
1544 1738 1702 1831 coniugii
1721 1742 1902 1833 proponit.

365 1842 369 1848 ’
415 1844 537 1916 Nnnc'·
558 1853 720 1931 caetera,
760 1855 851 1941 duae
882 1861 1098 1942 sequuntur,
1139 1848 1301 1941 planiora
1454 1860 1546 1933 Cum
1572 1858 1667 1929 enim
1693 1860 1865 1951 praecipit
1887 1860 1987 1951 iungi
2010 1885 2144 1931 marem
2165 1862 2344 1934 etioemi-

305 1960 414 2020 tuni:
442 1942 686 2032 Efflvffllri.
712 1949 1006 2033 elvthlerescst,
1031 1948 1129 2021 Deus
1150 1946 1247 2021 hunc
1267 1962 1302 2022 et
1351 1984 1454 2050 nam,
1490 1955 1655 2053 prohibet
1681 1961 1768 2031 alias
1791 1964 2060 2037 commixtiones
2083 1989 2162 2035 cum
2189 1958 2259 2035 hoc
2281 1990 2341 2037 or-

306 2046 404 2119 hane
420 2048 595 2135 destruet,
618 2048 657 2121 id
674 2064 736 2135 est,
760 2047 880 2123 sibiet
897 2064 1021 2123 venter
1036 2052 1193 2123 serviens
1209 2054 1302 2124 vitae
1350 2063 1436 2133 dine
1452 2078 1601 2134 naturae
1616 2078 1825 2156 pugnantes.

308 2152 455 2223 nortall
485 2163 569 2222 sunt
594 2172 650 2221 res
673 2152 967 2243 periturae,'nec‘
981 2154 1161 2247 pertinent
1185 2157 1227 2225 ad
1245 2156 1301 2227 iu·
1451 2181 1545 2255 Cum
1566 2182 1633 2253 ,teg
1666 2176 1793 2266 Duo,
1836 2176 2004 2275 probibet
2033 2205 2138 2273 vagas
2161 2186 2340 2267 libidines.
2401 2185 2419 2215 ‘

306 2254 448 2323 stiriam
471 2252 618 2340 spiritns
643 2243 997 2341 autionscientiatm
1030 2281 1096 2328 nec
1110 2270 1194 2329 aunt
1212 2256 1302 2329 lucis
1352 2280 1476 2357 Unum
1491 2308 1623 2354 mmm
1643 2284 1720 2355 ,ule
1734 2286 1917 2375 ,mgnum
1942 2308 2015 2354 ως
2029 2286 2074 2355 ,d
2091 2311 2196 2358 unam
2212 2290 2339 2362 soemi.

306 2370 367 2425 eut
392 2352 554 2425 iustitiae
576 2354 867 2465 aeternae‘inilia
891 2358 1080 2447 in¹mente,
1105 2381 1171 2430 nec
1187 2358 1301 2452 impe·
1350 2410 1455 2473 nam,
1489 2400 1523 2457 ει
1546 2410 1654 2456 unm„
1676 2385 1868 2455 [minam
1897 2387 1973 2456 vute
1995 2387 2270 2477 altigatam‘esse
2293 2398 2339 2466 ,d

307 2458 416 2529 stiunt
439 2456 616 2548 Spiritum
643 2471 829 2533 sanctumr‘
864 2454 946 2569 ideo
981 2475 1065 2534 sunt
1094 2458 1301 2555 adiaphora.
1350 2512 1463 2559 ,mum
1480 2512 1625 2562 mmm,
1677 2468 1778 2559 Tffif,

701 2566 703 2573 ,
1803 2490 1873 2559 fuit
1893 2486 2007 2580 prima
2033 2505 2180 2561 naturae
2195 2495 2340 2567 institu-

309 2559 408 2631 llaec
430 2577 594 2629 concessa
616 2569 711 2633 sunt.
801 2582 804 2589 ’

414 2662 486 2733 Sed
504 2662 668 2735 “ostilio
690 2659 872 2734 dissimula
894 2676 962 2751 eii,
993 2670 1084 2760 qlid'e
1105 2676 1157 2737 eil
1179 2684 1301 2761 perbo-
1351 2692 1558 2781 infirmitas,
1583 2693 1755 2763 tolerante
1771 2691 1866 2781 Deo.
1894 2694 2038 2787 quando
2055 2710 2191 2787 recepta
2208 2712 2259 2771 est
2272 2726 2342 2775 πο.

317 2788 440 2835 uarum
466 2765 720 2837 contaminatio
749 2778 872 2837 contra
887 2766 1123 2839 ¹uoluntatem
1150 2762 1235 2855 Dei,
1260 2793 1301 2839 ac
1349 2789 1541 2893 λυγαμία,
1572 2794 1621 2865 513
1644 2810 1783 2881 emen,
1808 2810 1849 2867 ua
1871 2795 1933 2869 uni
1962 2794 2040 2867 viro
2062 2798 2342 2891 adiungerentur

313 2880 498 2985 impiis?
516 2864 670 2939 dmum
686 2868 919 2941 ⁶⁰⁰⁸⁰i⁰¹¹ii³⁸
942 2864 1021 2939 ‘D
1030 2888 1078 2942 ‘⁰
1100 2869 1240 2957 ”iniis
1266 2883 1302 2943 ²²
1349 2898 1470 2991 plures
1492 2896 1675 2985 mulieres,
1701 2921 1776 2967 nou
1793 2900 1854 2967 tani
1872 2896 2013 2969 mulieri
2029 2899 2151 2991 plures
2167 2904 2246 2976 viri.

310 2993 387 3039 reas
404 2970 498 3039 iacit.
550 2966 634 3039 ideo
650 2968 782 3039 Paulus
797 2972 899 3043 dicit:
926 2967 1065 3064 Corpus
1083 2986 1202 3045 autem
1225 2996 1299 3042 non

309 3068 537 3150 scortationi,
569 3074 630 3141 sed
655 3070 812 3143 Domino
833 3074 979 3161 serviat,
1013 3075 1049 3143 id
1073 3088 1142 3163 est,
1177 3086 1301 3146 venter

309 3186 448 3243 creatus
462 3184 516 3243 est
532 3175 578 3243 ad
594 3174 695 3244 cibos
710 3188 856 3245 naturae
868 3177 1117 3248 convenientes
1134 3176 1211 3247 sine
1224 3176 1299 3247 dis-

310 3274 472 3345 crimine.
540 3272 611 3347 Sed
634 3298 762 3369 eorpus
785 3300 848 3347 seu
871 3273 1021 3369 persona
1045 3278 1210 3351 ordinata
1235 3292 1298 3362 est,

311 3388 347 3445 nt
365 3374 442 3446 Deo
457 3373 605 3462 serviat,
630 3378 694 3471 qui
718 3400 822 3470 vagas
839 3380 1008 3451 libidines
1029 3374 1236 3475 prohibuit,
1264 3393 1300 3453 et

314 3475 536 3549 horribiliter
553 3481 603 3550 eis
620 3480 796 3555 irascitur.
848 3480 934 3554 ldeo
957 3507 1039 3554 cum
1062 3507 1212 3576 persona
1229 3485 1299 3556 iam

314 3581 456 3672 propria
477 3577 546 3652 Dei
574 3605 649 3654 esse
678 3583 825 3665 debeat,
865 3595 942 3657 bon
971 3583 1076 3657 iaciat
1106 3585 1299 3659 libidinum

314 3684 554 3770 contusiones,
592 3697 711 3778 spreto
739 3685 868 3758 ordine
895 3685 984 3774 Dei,
1022 3687 1113 3759 sicut
1139 3691 1303 3764 lecerunt

312 3784 418 3872 Nero,
437 3785 640 3869 Ptolemaei,
656 3799 690 3859 et
706 3787 831 3878 ingens
846 3790 1040 3862 multitudo
1059 3783 1257 3864 hominnm.

1451 3014 1637 3087 Postremo
1671 3016 1748 3089 vult
1780 3018 1884 3087 etiam
1912 3015 2202 3090 coniunctionem
2238 3021 2337 3093 illam

1349 3118 1456 3189 maris
1479 3132 1514 3189 et
1541 3116 1719 3189 foeminae
1752 3132 1959 3210 perpetuam
1989 3133 2024 3189 et
2053 3119 2337 3195 indissolubilem

1350 3243 1441 3307 esse,
1474 3220 1644 3292 sumsit:
1674 3216 1793 3290 Erunt
1823 3221 2030 3293 incernam
2050 3244 2181 3307 unam,
2213 3226 2251 3295 id
2275 3239 2339 3312 est,

1350 3322 1634 3417 inseparabiliter
1648 3320 1773 3394 iuncti.
1808 3319 1935 3395 Unitas
1952 3320 2048 3395 euim
2063 3323 2238 3415 significat
2249 3326 2338 3397 Vin·

1349 3426 1471 3498 culum
1493 3438 1683 3518 perpetuae
1707 3423 1992 3510 coniunctionis,
2033 3439 2069 3498 et
2091 3420 2258 3518 prohibet
2280 3431 2339 3500 di-

1350 3527 1488 3612 vortia,
1513 3527 1632 3622 qualia
1646 3551 1743 3598 nunc
1758 3541 1843 3600 aunt
1853 3527 2023 3615 Turrita,
2038 3541 2072 3600 et
2089 3530 2234 3606 fuerunt
2250 3534 2338 3606 olim

1349 3631 1514 3702 omnium
1538 3631 1613 3700 fere
1636 3629 1815 3718 gentium,
1840 3632 1913 3701 imo
1930 3646 1965 3703 et
1986 3631 2214 3708 ludaeorum.
2266 3633 2338 3706 Sed

1351 3749 1470 3805 tamen
1491 3743 1527 3804 et
1544 3729 1689 3826 Moyses
1705 3729 1967 3824 aliquantulum
1987 3732 2119 3806 laxavit
2142 3729 2237 3806 hanc
2256 3761 2338 3827 par·

411 3887 493 3959 Erit
513 3899 631 3960 autem
655 3889 765 3981 magis
787 3889 945 3962 dilucida
975 3891 1082 3964 lectio
1106 3891 1210 3964 Pauli
1271 3893 1302 3962 si
1351 3837 1519 3955 ‘hissam’
1550 3832 1835 3954 mlimmfflw'
1868 3849 2012 3926 pmpm
2033 3835 2211 3925 ingenim
2237 3839 2339 3910 infin

1219 3948 1230 3980 ‘
1352 3951 1510 4008 nutatem
1530 3931 1718 4005 hominum
1740 3949 1821 4026 post
1847 3937 1996 4028 lapsum.
2057 3933 2147 4007 Nam
2174 3933 2260 4010 haec
2283 3941 2340 4011 lex

310 3989 688 4110 ffli‘a.i⁰⁸⁹¹¹i⁸⁰⁸d⁰
705 4015 873 4082 ''emm'’
899 3993 1043 4068 ''¹⁰¹³'‘
1059 3995 1304 4114 i⁰q⁰⁰b²¹¹¹¹¹²
1353 4039 1391 4109 in
1425 4035 1560 4110 Genesi
1589 4037 1781 4128 descriptio
1808 4053 1861 4110 est
1889 4039 2126 4132 pulcerrimae
2154 4041 2351 4130 societatis,

310 4089 463 4177 Graeca,
502 4105 537 4164 et
562 4096 638 4167 vult
661 4095 794 4167 Paulus
825 4098 871 4168 de
893 4119 961 4168 usu
989 4098 1156 4170 ordinato
1181 4121 1304 4192 perso-

312 4218 377 4266 nae
396 4193 511 4288 loqui·
1353 4141 1469 4236 qualis
1492 4139 1530 4208 in
1554 4154 1681 4210 natura
1704 4137 1841 4230 integra
1862 4142 2003 4228 luisset,
2028 4156 2063 4214 et
2081 4165 2156 4212 eree
2178 4145 2340 4216 debebat,

413 4293 703 4370 Fundamentum
719 4312 836 4373 eutem
861 4300 1167 4374 dissimilitudinis
1188 4300 1305 4374 deci·
1354 4241 1399 4315 Εἰ
1415 4239 1580 4312 Cb‘i‘m‘
1601 4238 1794 4312 E⁰⁰¹‘⁸i⁸¹¹¹
1818 4247 1862 4313 ‘¹‘
1887 4235 1953 4312 ¹¹³⁶
1969 4245 2085 4336 Ρῐίῐηέι
2107 4242 2221 4314 f⁰m¹³
2245 4271 2343 4316 ⁶⁰¹⁰·

311 4397 365 4471 bis
387 4399 483 4470 etde
500 4419 589 4488 vago
606 4401 821 4489 concubitu,
840 4397 991 4490 hocest,
1016 4405 1113 4500 qnod
1130 4427 1188 4490 ea,
1212 4427 1303 4498 quae
1354 4343 1543 4416 mesni(
1557 4336 1689 4420 Μὴ*
1705 4337 1763 4419 1⁹¹
1784 4357 1825 4416 Μ
1849 4359 1971 4438 imm
1993 4347 2150 4418 dmm
2174 4346 2213 4415 3¹¹
2229 4349 2342 4440 θρίω

313 4514 396 4574 sunt
411 4498 500 4592 legis
516 4499 681 4598 moralis,
708 4503 861 4574 affirmat
877 4527 950 4576 esse
967 4507 1161 4578 necessaria
1171 4556 1184 4592 ,
1219 4505 1303 4601 quia
1352 4463 1516 4540 sePtrmo.

315 4603 369 4674 lex
393 4587 540 4674 moralis
566 4613 619 4674 est
640 4603 716 4696 ipsa
739 4603 796 4676 lex
816 4621 958 4678 aeterna
973 4607 1012 4677 in
1026 4619 1146 4680 mente
1168 4609 1305 4690 divina,

313 4721 344 4777 et
369 4705 538 4776 voluntas
554 4701 711 4796 Spiritus
735 4709 867 4793 sancti,
893 4709 955 4803 qui
982 4709 1221 4782 obedientiam
1247 4709 1306 4778 in·

313 4821 392 4880 eost
420 4805 574 4876 similem
606 4807 783 4879 voluntati
816 4810 979 4898 divinae,
1017 4823 1059 4884 ut
1086 4810 1308 4906 supradixi.

311 4909 455 5000 Pugnat
470 4921 587 4980 autem
605 4903 827 4986 horribiliter
844 4936 926 4984 cum
941 4915 1125 4988 voluntate
1139 4909 1206 4988 Dei
1223 4913 1312 4986 libi·.

311 5013 443 5084 diuum
464 5009 638 5087 confusio.

1355 4663 1442 4739 haec
1464 4667 1658 4758 sententia,
1684 4689 1790 4760 quam
1813 4668 1978 4748 recitavi,
2003 4690 2103 4754 vera,
2135 4671 2283 4759 simplex
2310 4685 2346 4743 et

1357 4770 1500 4864 propria
1525 4775 1583 4840 est'
1599 4769 1674 4839 eius
1697 4769 1788 4855 loci,
1814 4771 1971 4864 quamsi
1993 4773 2073 4865 quis
2094 4772 2347 4854 considerabit,

1358 4873 1534 4963 intelliget
1556 4869 1647 4941 illud
1677 4870 1814 4942 dictum
1842 4893 1917 4940 non
1944 4873 2057 4945 otiose
2081 4875 2237 4964 positum
2262 4898 2346 4958 esse,

1358 4977 1480 5046 sedda
1504 4974 1610 5044 rebus
1630 4973 1795 5043 maximis
1816 4973 2045 5061 concionari,
2072 4988 2106 5048 et
2123 4973 2208 5046 binc
2232 4979 2345 5048 extrui

1359 5075 1604 5148 definitionem
1627 5073 1811 5167 coniugii,
1853 5099 1959 5170 quam
1986 5078 2026 5148 in
2057 5079 2173 5172 capite
2197 5079 2348 5171 septimo

593 5199 597 5208 ·
715 5230 772 5307 De
805 5231 919 5308 dioto:
1360 5178 1600 5255 recitabimus.

1464 5309 1569 5384 Nunc
1593 5311 1772 5384 intellecta
1801 5313 1920 5385 natira
1950 5314 2126 5388 sententia
2149 5315 2350 5388 considere·

1363 5436 1423 5493 tur
1439 5429 1684 5506 argumentum
1702 5411 1823 5502 Pauli,
1849 5417 1911 5511 qui
1936 5419 2102 5489 transfert
2123 5419 2257 5490 dictum
2273 5419 2350 5490 Ge-

423 5519 478 5598 Es
511 5525 609 5599 dicto
633 5504 802 5599 Genesis:
828 5523 956 5620 ,Erunt
990 5529 1063 5600 duo
1097 5528 1135 5597 in
1171 5549 1312 5598 carnem
1363 5521 1457 5592 nesis
1488 5521 1532 5588 ad
1556 5517 1762 5609 coniugium
1786 5518 1970 5610 spirituale
1991 5513 2056 5589 lilii
2079 5519 2150 5591 Dei
2171 5533 2207 5592 et
2224 5513 2350 5592 Eccle-

319 5653 450 5716 unam,
476 5629 584 5700 sumit
599 5625 733 5700 Paulus
754 5643 1001 5722 argumentum
1024 5653 1043 5701 a
1066 5627 1315 5713 similitudine,
1365 5625 1465 5707 siae,
1506 5634 1547 5690 ut
1573 5619 1658 5690 iacit
1687 5619 1795 5690 etiam
1821 5620 1860 5689 in
1893 5618 2054 5714 Epistola
2083 5623 2128 5690 sd
2157 5615 2351 5714 Ephesios:

328 5732 421 5822 qnod
453 5743 577 5825 postea
610 5731 779 5806 recitabo.
838 5727 988 5802 Necesse
1010 5744 1062 5803 est
1087 5732 1184 5802 enim
1215 5732 1316 5825 prius
1370 5723 1483 5795 luneti
1524 5721 1607 5792 estis
1639 5719 1714 5791 lilio
1743 5715 1855 5808 Dei,
1893 5738 1928 5795 et
1956 5723 2039 5792 facti
2069 5724 2227 5794 membra
2262 5725 2350 5795 eius.

331 5833 442 5904 teneri
466 5833 649 5926 propr-iem
669 5847 706 5906 et
727 5813 886 5906 ualidam
902 5833 1113 5906 sententiam
1130 5833 1207 5904 eius
1221 5832 1318 5914 dicti,
1369 5823 1462 5916 Ergo
1472 5823 1801 5894 nonsitismembra
1815 5837 2010 5893 icorlot'ttm
2026 5823 2188 5911 vaganlla
2203 5837 2236 5894 el
2251 5827 2353 5893 ilber-

330 5937 422 6028 quod
456 5933 560 6007 multi
591 5935 728 6009 indocti
755 5947 883 6032 putant
908 5937 1019 6010 otiose
1043 5936 1200 6030 positum
1232 5957 1316 6019 esse,
1370 5927 1483 6000 rantia
1507 5951 1528 5999 a
1550 5925 1625 5996 lilio
1643 5919 1712 6024 De
1722 5923 1747 5997 i.
1801 5923 1952 6096 ιέιδιιῐιυι
1970 5940 2004 5997 et
2028 5925 2185 5997 coniunx
2207 5939 2355 6018 possunt

517 5363 647 5444 Erunt
663 5365 739 5446 duo
757 5373 798 5446 ιἰι
813 5397 961 5446 caraem
977 5397 1106 5452 unam.

1350 2591 1419 2679 tio,
1445 2614 1466 2661 a
1491 2614 1559 2686 qua
1577 2605 1696 2681 postea
1718 2591 1978 2683 aliquantulum
2001 2592 2160 2665 discessit
2182 2591 2338 2671 bumana
2467 2650 2474 2659 -
