5825 6950
585 703 667 782 ass
1159 697 1291 774 ram
1318 695 1675 804 nausearent
1702 694 2001 780 assumtus.
2531 716 2592 788 ns

582 883 744 952 ·verbum
771 875 966 952 luctificare
994 872 1219 968 interpretati
1248 887 1353 959 sunt,
1396 872 1588 944 infundere
1637 872 1737 944 culos
1753 873 1797 946 ad
1814 867 1901 946 haec
1915 874 2084 947 beneficia
2099 877 2242 970 referre.
2267 874 2596 961 uersutusttoma.

584 986 763 1067 ,virtutes
791 994 834 1052 ut
854 981 884 1051 si
908 978 1085 1064 dicerent,
1118 975 1318 1051 calefacere
1333 975 1508 1067 significat
1530 975 1588 1044 in·
1636 975 1821 1049 manifeste
1834 978 2007 1065 affirmat,
2037 1002 2073 1051 se
2089 983 2134 1052 de
2148 1003 2189 1052 ea
2206 981 2275 1052 lide
2289 981 2407 1077 loqui,
2431 1009 2597 1080 quaepsn.

593 1087 746 1158 fundere
770 1083 936 1155 calorem.
1637 1077 1843 1150 missionem
1866 1080 2101 1173 amplectitur.
2155 1080 2253 1154 Haec
2274 1098 2393 1158 autem
2412 1100 2460 1158 est
2477 1087 2597 1178 fiducia,

695 1183 775 1258 Etsi
793 1198 914 1256 autem
930 1193 1268 1255 necesseestnovas
1287 1179 1436 1254 virtutes
1460 1180 1498 1250 in
1521 1203 1588 1250 no·
1635 1205 1706 1274 qua
1732 1181 1923 1275 acquiescit
1953 1208 2054 1252 mens
2084 1184 2123 1254 in
2148 1185 2222 1283 lilio
2244 1180 2329 1270 Dei,
2368 1200 2518 1260 statuens
2536 1217 2597 1264 non

594 1288 652 1358 bis
668 1288 885 1375 accendi,ut
899 1310 1002 1379 saepe
1018 1285 1088 1354 iam
1105 1285 1239 1354 dictum
1259 1296 1327 1368 est,
1342 1298 1460 1354 tamen
1479 1277 1588 1374 phra-
1637 1295 1775 1354 tantum
1807 1283 1886 1356 aliia
1914 1286 2147 1379 quibusdam,
2188 1290 2249 1358 scd
2275 1287 2360 1360 Tibi
2392 1289 2457 1382 ipsi
2483 1296 2598 1368 remitti

597 1393 644 1460 sis
658 1391 698 1459 in
713 1387 770 1459 his
785 1387 1083 1483 appellationibus
1107 1387 1176 1455 alia
1199 1397 1261 1457 eat.
1313 1384 1404 1456 Nam
1423 1381 1587 1474 Evange-
1638 1399 1788 1478 peccata.

599 1494 688 1562 lium
717 1492 821 1563 aliter
844 1495 891 1562 de
926 1490 1065 1562 iusticia
1088 1487 1267 1581 loquitur,
1308 1512 1413 1580 qnam
1431 1486 1504 1557 Lex
1527 1499 1589 1558 aut
1740 1484 1924 1558 Tenentur
1947 1512 2030 1580 ergo
2048 1491 2198 1561 docendi
2216 1515 2319 1563 cansa
2339 1488 2425 1563 haec
2443 1495 2598 1574 delinitio:

598 1591 846 1686 Philosophia.
893 1589 985 1664 Cum
1009 1606 1073 1666 tua
1086 1613 1187 1660 mens
1207 1589 1368 1679 angitur,
1394 1613 1440 1660 an
1461 1588 1509 1660 sis
1531 1589 1588 1658 iu·
1639 1587 1745 1660 Fides
1760 1602 1812 1660 est
1828 1613 2007 1674 assensus,
2039 1616 2110 1689 quo
2132 1595 2240 1664 verbo
2258 1591 2324 1664 Dei
2341 1597 2445 1666 nobis
2474 1603 2598 1688 tradito,

602 1711 694 1782 stus,
724 1721 801 1766 noo
823 1691 892 1764 hoc
914 1691 1161 1792 principaliter
1184 1693 1386 1785 quaeritur,
1408 1715 1499 1785 quae
1515 1691 1589 1760 sint
1638 1703 1742 1786 atque
1761 1693 1810 1764 ita
1827 1692 2055 1781 promissioni
2069 1697 2369 1766 reconciliationis
2384 1698 2487 1768 etiam
2501 1723 2599 1772 essen

601 1802 641 1868 in
672 1800 778 1870 corde
810 1797 1010 1891 qualitates.
1078 1792 1156 1864 imo
1194 1815 1277 1864 vero
1314 1793 1430 1864 cernis
1466 1793 1588 1877 etiam,
1639 1794 1765 1864 timur:
1813 1810 1848 1866 et
1870 1809 1921 1866 est
1945 1797 2094 1884 fiducia,
2135 1803 2360 1892 acquiescens
2382 1801 2516 1872 in'filio
2537 1803 2599 1887 Dei,

600 1924 762 1990 magnam
778 1923 853 1970 esse
867 1895 1133 1969 immunditiem
1152 1895 1290 1984 cordis,
1314 1899 1374 1965 sed
1391 1891 1459 1965 boc
1481 1919 1589 1989 quae·
1641 1896 1736 1968 iuxta
1761 1898 2045 1989 promissionem.
2066 1957 2073 1972 .

601 2003 710 2088 ritus,
743 2026 789 2072 an
805 2001 852 2071 sis
869 2013 1030 2093 acceptus
1047 1994 1143 2080 Deo,
1169 2020 1215 2066 an
1230 1994 1326 2068 Deus
1350 2012 1384 2069 te
1406 1997 1588 2089 receperit,

599 2129 647 2174 an
667 2103 844 2175 remiserit
867 2103 932 2174 tibi
954 2115 1110 2194 peccata,
1163 2093 1228 2170 Est
1252 2100 1360 2190 igitur
1383 2099 1590 2195 principalis

601 2205 810 2296 significatio
827 2202 989 2276 vocabuli
1003 2199 1121 2275 Iustus
1136 2199 1175 2271 in
1192 2195 1260 2273 hac
1280 2203 1507 2296 quaestione,
1531 2225 1590 2272 ac·
2027 2215 2166 2326 Caput
2202 2221 2236 2303 1·

601 2323 723 2400 ceptus
737 2305 814 2379 Deo
831 2309 876 2378 ad
900 2307 1009 2377 vitam
1031 2320 1219 2378 aeternam.
1272 2302 1360 2374 lnde
1385 2318 1418 2374 et
1441 2305 1590 2374 verbum

603 2411 793 2482 iustificare
807 2408 981 2499 significat
995 2409 1179 2478 absolvere
1192 2428 1211 2474 a
1227 2406 1387 2496 peccatis,
1397 2421 1431 2478 et
1446 2407 1592 2491 iustum,

603 2515 641 2586 id
661 2526 730 2595 est,
757 2524 937 2604 acceptum
955 2523 1119 2602 reputare
1135 2531 1195 2576 sen
1218 2507 1476 2600 pronunciare,
1502 2507 1592 2580 sicut
1744 2499 1967 2598 Epigraplra,
2006 2519 2048 2578 ut
2068 2505 2108 2578 lit
2133 2505 2171 2576 in
2197 2499 2393 2596 Epistolis,
2432 2510 2597 2602 praeposita

605 2616 804 2707 plerunque
843 2613 882 2682 in
918 2611 1051 2682 forensi
1081 2633 1244 2680 sermone
1281 2611 1419 2682 etiamsi
1451 2610 1593 2706 loquuti
1645 2623 1704 2681 est.
1756 2607 1804 2680 Et
1828 2620 1972 2700 propter
1993 2629 2137 2700 magnas
2158 2629 2279 2682 causas
2302 2610 2434 2682 inserta
2458 2623 2504 2682 est
2522 2635 2597 2680 nen·

606 2729 689 2786 sunt
713 2710 865 2798 Ebraei,
898 2730 939 2784 ut
961 2713 990 2783 si
1017 2713 1194 2794 dicerent,
1228 2707 1387 2805 Populus
1407 2709 1593 2785 Romanus
1647 2713 1697 2783 tio
1722 2711 1828 2780 olficii
1851 2709 2103 2784 etdoctrinae.
2162 2707 2313 2782 Necesse
2336 2726 2389 2784 cst
2411 2714 2449 2784 in
2473 2709 2595 2784 Ecclesia

2013 2095 2025 2101 -
2034 2093 2251 2104 ..-..—-.-—...

1694 2359 1842 2438 Paulus
1865 2390 1990 2438 servus
2020 2357 2171 2439 Christi
2192 2371 2343 2441 vocatus
2367 2363 2560 2470 Apostolus.

605 2935 677 3004 est,
712 2917 961 3008 pronunciavit
986 2916 1129 2990 iustum.
1646 2917 1733 3007 ipsi,
1772 2937 1835 2986 sua
1856 2937 1941 2987 voce
1962 2914 2189 2986 concionanti
2215 2915 2251 2984 io
2276 2915 2463 3002 Paradiso,
2502 2917 2548 2986 vel
2567 2918 2597 2986 ad

710 3017 800 3090 Cum
825 3019 934 3109 igitur
954 3019 1153 3114 quaeritur,
1188 3038 1234 3085 an
1258 3013 1328 3086 lide
1353 3016 1595 3103 iustificemur,
1647 3012 1851 3101 Abraham,
1875 3011 2111 3098 autMoisen,
2138 3031 2174 3087 et
2190 3017 2281 3089 sicut
2297 3018 2370 3110 ipsi
2391 3014 2462 3091 lilio
2479 3019 2536 3092 Dei
2554 3041 2595 3086 sna

606 3147 681 3194 non
695 3117 763 3192 hoc
781 3122 983 3216 quaeritur,
1009 3142 1055 3190 an
1070 3121 1144 3190 sola
1159 3119 1244 3188 tides
1258 3117 1299 3191 in
1314 3121 1422 3192 corde
1437 3120 1504 3207 sit,
1533 3120 1595 3191 sed
1646 3143 1731 3191 voce
1753 3117 2001 3205 concionanti,
2026 3118 2123 3190 credi
2145 3141 2284 3190 necesse
2310 3134 2381 3208 est,
2415 3136 2447 3193 et
2469 3122 2523 3192 illa
2544 3121 2598 3211 ipsa

606 3249 654 3296 an
676 3223 849 3322 receperit
870 3247 937 3294 nos
952 3223 1068 3309 Deus,
1098 3246 1143 3292 an
1165 3219 1341 3304 remiserit
1358 3237 1516 3315 peccata,
1548 3246 1595 3295 an
1646 3246 1713 3292 vox
1736 3220 1858 3292 divina
1878 3233 1975 3306 rata,
2014 3221 2117 3297 firma
2142 3233 2175 3292 et
2203 3221 2438 3297 immutabilis
2468 3238 2533 3294 cst:
2564 3221 2597 3290 sic

608 3329 718 3398 simus
744 3325 876 3417 accepti
907 3339 1051 3418 propter
1080 3323 1194 3394 lilium
1219 3319 1307 3408 Dei,
1346 3349 1421 3396 non
1449 3340 1596 3417 propter
1645 3319 1834 3415 Prophetis
1848 3336 1884 3395 et
1898 3322 2081 3414 Apostolis
2094 3323 2189 3394 credi
2207 3347 2349 3396 necesse
2366 3339 2435 3413 est,
2454 3327 2527 3420 qnia
2544 3347 2597 3392 non

607 3427 794 3527 qualitates
825 3440 974 3498 nostras.
1034 3423 1080 3495 Et
1109 3439 1228 3497 tamen
1259 3450 1340 3497 cum
1368 3451 1513 3499 accensa
1544 3441 1596 3500 est
1645 3426 1795 3518 gignunt
1818 3425 1884 3517 ipsi
1908 3443 2042 3496 norum
2065 3447 2176 3516 genus
2206 3426 2410 3521 doctrinae,
2449 3430 2503 3499 scd
2530 3424 2597 3495 acci-

608 3534 717 3613 fides,
753 3554 822 3624 qua
841 3526 1193 3623 agnoscimuslilium
1218 3527 1307 3613 Dei,
1339 3530 1596 3620 etpromissio-
1647 3530 1752 3621 piunt
1775 3542 1868 3601 certa
1893 3526 2206 3614 mandataaDeo,
2239 3523 2329 3600 haec
2347 3544 2487 3615 sonant,
2510 3542 2538 3599 tt
2550 3528 2597 3595 ad·

608 3657 690 3704 nem
710 3632 975 3724 amplectimur,
1001 3653 1141 3699 necesse
1164 3641 1217 3701 cst
1240 3631 1367 3702 multas
1384 3632 1532 3706 virtutes
1546 3634 1597 3703 si·
1646 3633 1699 3703 dit
1714 3629 1914 3703 testimonia
1931 3626 2048 3714 Deus,
2064 3632 2162 3724 quod
2179 3654 2253 3700 nou
2270 3644 2410 3714 errent,
2428 3633 2510 3703 sicut
2524 3628 2596 3699 Moi-

610 3734 687 3807 mni
709 3757 792 3809 esse.
843 3732 935 3803 Nam
958 3726 1088 3803 fiducia
1118 3731 1342 3825 acquiescens
1365 3734 1404 3803 in
1428 3730 1523 3822 Deo,
1563 3747 1598 3806 et
1628 3719 1701 3805 'ses
1724 3733 1876 3805 subinde
1902 3732 2029 3823 repetit
2054 3727 2123 3803 hoc
2145 3732 2359 3805 exordium:
2402 3736 2543 3805 Locutus
2560 3743 2596 3799 est

595 3837 749 3933 ,erigens
767 3836 873 3905 corda
890 3836 929 3904 in
946 3835 1039 3905 veris
1060 3834 1271 3926 pavoribus,
1297 3858 1522 3931 nequaquam
1547 3849 1600 3929 est
1646 3833 1824 3906 Dominus
1847 3833 1946 3905 Deus
1976 3847 2041 3905 etc.
2107 3832 2168 3905 Sic
2196 3834 2309 3925 igitur
2331 3836 2492 3907 audiendi
2519 3844 2596 3909 sunt,

610 3941 686 4009 sine
711 3936 922 4022 dilectione,
960 3938 1038 4008 sine
1069 3935 1315 4023 invocatione,
1354 3938 1432 4009 sine
1454 3940 1599 4024 timore,
1645 3939 1737 4009 sicut
1752 3962 1821 4009 vox
1836 3933 1903 4008 Dei
1920 3960 2051 4007 sonans
2068 3940 2112 4008 de
2127 3936 2244 4022 coelo,
2270 3952 2308 4011 et
2323 3940 2515 4011 confirmata
2533 3934 2597 4003 illu-

609 4055 646 4111 et
668 4054 718 4110 est
741 4050 859 4111 motus
885 4038 1061 4125 clamans,
1092 4052 1133 4111 ut
1153 4036 1287 4113 Paulus
1316 4040 1452 4135 inquit:
1492 4042 1598 4113 Abba
1622 4102 1626 4157 ¹
1648 4040 1780 4111 stribns
1810 4038 2032 4109 testimoniis.
2082 4038 2129 4109 Et
2151 4062 2292 4111 necesse
2324 4055 2392 4122 est,
2435 4042 2482 4111 eis
2500 4056 2597 4107 onnes

606 4141 723 4214 Pater.
1622 4164 1635 4190 ¹·
1647 4138 1811 4212 homines
1831 4141 2013 4227 assentiri,
2037 4153 2073 4213 et
2091 4141 2184 4213 nulli
2200 4156 2381 4214 creaturae
2403 4143 2481 4213 licet
2498 4158 2595 4209 corum

712 4240 855 4325 Postea,
890 4263 969 4310 curn
995 4240 1041 4311 de
1061 4236 1246 4335 Operibus
1272 4243 1425 4325 dicitur,
1451 4244 1531 4338 quis
1554 4244 1599 4314 sit
1623 4283 1626 4327 i
1648 4245 1846 4315 doctrinam
1867 4256 2017 4318 mutare.

609 4368 693 4417 usus
716 4345 925 4426 verborum,
965 4341 1079 4414 iustus
1100 4359 1135 4416 ct
1156 4345 1358 4427 iustilicari,
1400 4369 1475 4416 nou
1499 4346 1600 4417 rudis
1643 4338 1675 4389 ·’
1750 4344 1889 4416 Deinde
1906 4340 2225 4437 veroaProphetis
2238 4360 2273 4418 ct
2289 4343 2469 4439 Apostolis
2482 4341 2536 4413 alii
2549 4339 2596 4408 do-

608 4446 856 4536 grammaticae
890 4444 994 4515 facile
1024 4446 1217 4531 iudicabit,
1254 4460 1294 4517 ut
1335 4470 1415 4517 cum
1451 4448 1598 4518 dicitur:
1629 4460 1761 4519 ,ctores
1783 4447 1939 4537 accipere
1964 4472 2084 4518 vocem
2106 4449 2255 4539 debent,
2280 4445 2535 4521 ethancunam
2553 4462 2596 4509 ιο·

593 4546 690 4635 ‚Non
707 4546 887 4618 auditores
902 4545 1008 4635 legis,
1034 4548 1093 4616 sed
1112 4548 1260 4617 factores
1279 4547 1535 4633 iustificantur,
1561 4550 1598 4619 id
1647 4574 1753 4630 nare,
1794 4564 1828 4621 ct
1852 4544 1945 4620 hanc
1971 4574 2051 4619 cum
2076 4565 2222 4635 sonant,
2251 4566 2346 4624 recte
2369 4554 2501 4622 docent.
2544 4540 2596 4612 set

609 4666 680 4731 est,
707 4650 993 4743 pronunciantur
1009 4642 1178 4718 babentes
1194 4649 1290 4717 illam
1309 4650 1394 4741 legis
1411 4653 1598 4723 iusticiam.
1647 4652 1750 4722 multi
1765 4654 1811 4722 ab
1829 4647 1894 4721 hec
1910 4674 1994 4721 voce
2012 4652 2220 4739 discedunt,
2248 4666 2282 4723 et
2301 4651 2368 4724 alia
2384 4656 2428 4722 de
2441 4673 2502 4721 suo
2517 4642 2595 4713 alfin-

1238 4821 1246 4836 ,
1314 4820 1321 4835 ,
1646 4768 1768 4843 gentes
1794 4766 1927 4827 errant.
1980 4751 2172 4825 Sciendum
2202 4766 2253 4825 est
2284 4755 2407 4846 igitur,
2438 4742 2594 4843 Episcopi

867 4812 930 4875 ΠΒ
959 4811 1165 4876 v⁰⁶⁰⁶⁰l⁰
1194 4812 1329 4880 mn·
1645 4857 1701 4926 vel
1718 4856 1924 4927 doctoribus
1945 4855 2041 4940 aliis,
2065 4868 2205 4946 praeter
2220 4853 2357 4941 Deum,
2382 4848 2593 4957 Prophetasct

709 4952 784 5025 Etsi
809 4949 1088 5045 pertinacissime
1113 4967 1147 5023 et
1167 4954 1243 5026 sine
1264 4955 1339 5027 ullo
1354 4954 1424 5025 fine
1448 4970 1597 5029 conten·
1644 4952 1855 5049 Apostolos,
1881 4981 1954 5027 non
1981 4957 2176 5027 necessario
2199 4959 2413 5028 credendum
2434 4976 2518 5036 esse,
2541 4945 2592 5015 115ss

608 5061 699 5130 dunt
714 5053 924 5133 adversarii,
953 5051 1022 5122 fide
1044 5066 1182 5123 tautum
1202 5058 1393 5147 significari
1415 5059 1596 5145 noticiam,
1644 5072 1817 5154 quatenus
1837 5059 1937 5130 illam
1960 5058 2072 5151 ipsam
2097 5082 2219 5129 vocem
2243 5056 2329 5149 Dei,
2366 5053 2591 5149 Prophetarum

608 5176 726 5230 tamen
752 5168 843 5225 certa
866 5167 899 5223 et
920 5155 1064 5225 immota
1087 5156 1217 5226 veritas
1241 5171 1308 5242 est,
1333 5160 1373 5228 in
1397 5154 1465 5229 lroc
1483 5160 1594 5231 dicto:
1643 5174 1677 5231 et
1700 5156 1955 5253 Apostolorum
1981 5161 2141 5233 recitant.

607 5260 724 5332 Iustus
741 5255 809 5325 lide
831 5276 892 5324 sua
909 5256 1016 5331 vivet.
1058 5254 1162 5328 item:
1189 5256 1278 5329 Fide
1293 5261 1536 5347 iustificamnr,
1559 5277 1594 5334 et
1743 5264 1797 5335 Ac
1811 5262 1950 5334 erudite
1967 5276 2154 5335 teneantur
2176 5263 2392 5335 discrimina.
2440 5246 2592 5347 Propheta

606 5359 806 5441 similibus,
848 5358 994 5427 nomine
1024 5354 1128 5429 Fidei
1157 5362 1343 5453 complecti
1365 5377 1400 5434 et
1424 5364 1592 5436 noticiam
1642 5366 1681 5435 in
1706 5366 1839 5456 populo
1861 5362 1992 5451 Isra'e'l,
2034 5380 2086 5437 est
2109 5389 2258 5457 persona
2279 5353 2589 5435 immentsteaDeo

608 5462 769 5534 omnium
793 5458 1025 5530 articulorum
1051 5460 1154 5546 fidei,
1204 5476 1239 5533 et
1261 5464 1425 5535 fiduciam
1448 5468 1593 5559 acquie-
1642 5468 1823 5539 vomtaad
1842 5470 2041 5563 docendum
2060 5481 2095 5538 et
2115 5468 2363 5539 illustrandum
2376 5456 2591 5549 Evangeliums

606 5576 760 5639 scentem
775 5560 814 5631 in
831 5559 1085 5649 promissione,
1113 5578 1251 5657 quaeet
1266 5566 1341 5656 ipsa
1357 5564 1592 5659 comprehen-
1643 5564 1777 5641 habens
1802 5570 2062 5655 testimoninm,
2102 5571 2199 5663 quod
2219 5595 2293 5641 non
2315 5580 2424 5657 erret,
2459 5576 2490 5633 et
2506 5554 2587 5626 mit³2

606 5668 703 5737 ditur
723 5665 761 5735 in
780 5661 939 5733 articulis
953 5660 1136 5758 Symboli,
1162 5665 1309 5737 scilicet:
1335 5664 1451 5739 Credo
1467 5673 1592 5741 remis·
1641 5672 1686 5741 ad
1704 5672 1934 5761 gubernanda
1956 5672 2076 5765 aliqua
2098 5672 2244 5765 politica
2266 5669 2428 5748 consilia,
2456 5676 2493 5733 ut
2510 5650 2587 5727 Μοῖ-

603 5772 738 5839 sionem
767 5778 1016 5859 peccatorum,
1055 5766 1171 5835 carnis
1201 5771 1522 5857 resurrectionem,
1558 5787 1592 5844 et
1641 5794 1715 5857 ses,
1755 5772 1917 5867 Samuel,
1957 5770 2075 5862 Elias,
2116 5770 2295 5861 Elisaeus,
2332 5770 2474 5851 Esaias,
2513 5756 2586 5829 lerc-

605 5872 714 5942 vitam
735 5883 924 5939 aeternam.
982 5865 1130 5938 Necesse
1153 5882 1205 5941 est
1227 5870 1323 5939 'enirn
1347 5873 1482 5963 priores
1503 5874 1588 5946 arti·
1615 5876 1730 5955 ,mias
1751 5890 1818 5949 etc.
