5825 6950
350 692 427 775 257
763 695 846 773 xtt.
898 687 1196 776 autumno
1223 689 1277 768 ΙΝ
1303 688 1486 768 uvauG,
1514 687 1730 813 mittut&
1780 689 1885 772 CAP.
1910 695 1974 775 Xi.
2306 711 2380 787 25ss
2489 808 2503 836 ἱ

354 869 477 940 tricem
501 869 691 952 (iererem,
715 870 791 946 sissi
814 871 971 942 datorem
994 863 1196 952 Bacchum,
1221 867 1343 958 opitu·
1495 864 1604 959 Apud
1618 865 1828 962 Euripidem
1844 868 1991 944 Hecuba
2014 876 2203 962 dubitans,
2229 883 2314 977 qrtid
2335 887 2381 958 sit

353 973 502 1042 latorem
523 972 564 1042 in
585 973 727 1062 praeliis
742 971 916 1056 Martem,
935 969 1122 1045 ‘Palladem
1138 984 1343 1044 monstran-
1392 961 1507 1055 Deus,
1537 971 1588 1040 aic'
1610 971 1769 1059 invocat,
1802 999 1825 1044 o
1847 971 2000 1066 Iupiter,
2026 981 2186 1074 quisquis
2205 1008 2261 1070 es,
2286 988 2380 1058 disfi-

353 1087 419 1146 tem
451 1075 600 1144 consilia
629 1073 668 1144 in
694 1075 954 1164 gubernatione
981 1071 1137 1164 Reipub.
1167 1073 1341 1144 lunonem
1393 1068 1471 1154 cilis
1495 1073 1659 1162 cognitu,
1693 1077 1756 1169 qui
1779 1091 1909 1146 terram
1934 1081 2045 1169 regis,
2078 1069 2152 1153 sive
2176 1089 2381 1162 necessitate
2460 1091 2468 1102 '

353 1177 497 1246 divitias
516 1177 769 1254 cumulantem.
821 1176 891 1247 Sed
909 1177 953 1248 sit
972 1191 1073 1254 meas
1089 1176 1247 1264 cogitans
1262 1199 1341 1244 ver·
1392 1187 1561 1259 naturae,
1600 1177 1674 1247 sive
1704 1180 1854 1248 consilio
1883 1203 2018 1270 regens.
2079 1182 2176 1255 Haec
2205 1192 2380 1266 dubitatio

353 1279 437 1348 bom
461 1273 550 1362 Dei,
583 1280 725 1368 alligata
757 1281 800 1350 ad
831 1278 934 1350 illum
958 1274 1092 1363 Deum
1121 1278 1184 1372 qui
1212 1303 1249 1348 se
1274 1273 1341 1346 boc
1392 1278 1591 1348 communis
1609 1293 1659 1350 eat
1675 1282 1855 1367 omnium,
1881 1286 1942 1376 qni
1960 1285 2124 1374 ignorant
2136 1279 2381 1381 Evangeliirm,

355 1381 462 1451 verbo
485 1382 664 1470 patefecit,
691 1394 726 1456 et
747 1380 925 1473 quirnieit
945 1380 1059 1453 lelium
1073 1379 1341 1452 natumexvir-
1392 1390 1452 1447 aut
1471 1381 1581 1450 stoica
1605 1381 1858 1471 imaginatione
1877 1398 2062 1476 tenentur,
2097 1390 2211 1461 Deum
2233 1396 2309 1465 siue
2334 1399 2381 1467 ti*-

353 1481 448 1572 gine,
484 1479 601 1554 lesum
625 1479 806 1556 Christum
836 1483 1043 1554 munifixum
1064 1506 1130 1573 pro
1153 1481 1276 1566 nobis,
1307 1494 1341 1553 et
1392 1480 1478 1550 be‘ro
1495 1483 1645 1552 consilio
1660 1485 1711 1554 sic
1726 1509 1828 1575 agere
1843 1493 2057 1574 necessario,
2081 1508 2122 1564 ut
2138 1511 2282 1567 movent
2297 1521 2381 1570 cau-

354 1584 612 1669 resoscitatum,
636 1580 835 1658 exhibitum
852 1585 985 1676 populo
1003 1582 1124 1667 lsrael,
1149 1585 1241 1656 sicut
1258 1608 1341 1675 pro·
1391 1605 1449 1651 sae
1471 1588 1663 1670 secundae,
1687 1602 1750 1658 aut
1772 1589 1800 1658 si
1823 1589 1936 1658 libere
1952 1594 2042 1682 agit,
2069 1619 2193 1665 eierare
2207 1603 2380 1691 quaedam

355 1686 480 1758 missus
501 1701 597 1767 erat,
626 1702 663 1762 et
684 1693 935 1761 concionatum
960 1685 1213 1780 ierosolymae,
1246 1700 1282 1756 et
1301 1687 1340 1755 in
1392 1708 1535 1774 magna,
1575 1711 1648 1758 non
1672 1713 1795 1760 curare
1816 1693 2061 1783 particularia,
2092 1712 2132 1769 ιιι
2155 1700 2249 1770 idem
2271 1700 2381 1773 Euri-

358 1803 421 1860 tota
441 1787 596 1873 ludaea,
618 1804 655 1860 et
676 1790 855 1863 miraculis
876 1789 1094 1860 testificatum
1115 1784 1340 1878 deEvange-
1392 1786 1491 1876 pides
1513 1789 1641 1882 inquit.
1696 1791 1898 1878 Postremo,
1925 1812 1964 1864 nt
1990 1801 2139 1868 maxime
2156 1817 2254 1872 curet
2270 1809 2382 1894 parti-

359 1891 418 1972 lio,
443 1915 487 1962 ac
504 1896 708 1981 praesertim
728 1892 994 1962 resuscitatione
1010 1893 1257 1976 mertuorum,
1277 1892 1340 1961 illo
1391 1891 1542 1976 cularia,
1569 1907 1687 1962 tamen
1709 1918 1784 1964 non
1800 1898 1959 1966 exaudiri
1978 1900 2155 1989 indignos.
2208 1903 2284 1980 Hae
2302 1911 2381 1998 opi-

356 1994 427 2084 ipsn
449 2005 611 2084 tempore
631 1996 676 2064 de
697 2018 769 2086 quo
791 1996 951 2066 scribunt
970 1992 1151 2083 Apostoli,
1177 1993 1341 2063 videlicet
1392 1993 1518 2062 niones
1542 1997 1752 2108 obstrepunt
1769 1999 1897 2068 animis
1912 2003 2073 2070 omnium
2089 2003 2128 2071 in
2146 2007 2381 2094 invocatione,

355 2096 444 2184 qmd
469 2095 648 2166 excidium
666 2093 903 2189 ierosolymae
924 2097 1104 2184 praecedit
1126 2097 1229 2164 antris
1252 2119 1340 2188 qua·
1392 2119 1457 2164 nec
1483 2097 1684 2170 eluctantur
1706 2123 1747 2168 ex
1772 2094 1827 2169 his
1851 2103 2031 2172 erroribus
2049 2101 2213 2189 Ethnici,
2246 2107 2380 2182 ‘Maho-

355 2196 527 2286 draginta.
590 2196 638 2268 Ut
664 2198 774 2286 igitur
802 2198 919 2266 omnis
948 2198 1126 2270 invocatio
1157 2199 1338 2268 excitanda
1391 2198 1567 2283 metistae,
1597 2200 1737 2286 ludaei,
1765 2216 1798 2272 et
1822 2203 1883 2284 alii
1906 2204 2110 2294 ignorantes
2131 2206 2379 2298 Evangelium.

356 2299 704 2372 esteonsideratione
726 2300 906 2384 mandati,
930 2313 966 2369 et
986 2299 1339 2390 promissionisdivi·
1391 2297 1460 2370 Sed
1494 2302 1579 2371 tides
1604 2304 1723 2391 agnito
1748 2299 1943 2394 Evangelio
1969 2309 2158 2390 eluctatur,
2200 2305 2239 2382 et‘
2255 2317 2378 2387 statuit

360 2425 435 2481 nec,
468 2401 517 2470 ita
547 2425 684 2492 semper
709 2402 816 2470 simul
843 2402 1071 2490 cogitandum
1094 2415 1163 2486 est,
1195 2403 1275 2495 quis
1294 2403 1340 2472 sit
1391 2415 1507 2488 certo,
1540 2405 1619 2497 quis
1642 2405 1688 2475 sit
1710 2402 1825 2491 Deus,
1850 2431 1977 2500 nempe
2001 2411 2047 2494 is,
2074 2413 2136 2503 qui
2160 2435 2196 2482 se
2217 2413 2380 2504 patefecit

366 2501 544 2584 ilielleus,
570 2527 675 2596 quem
698 2503 924 2582 invocamus,
951 2504 1064 2573 ubist
1080 2506 1259 2597 quomodo
1277 2529 1339 2594 pa·
1390 2506 1499 2589 verbo
1521 2530 1586 2576 sun
1611 2509 1772 2578 etmisso
1796 2509 1888 2595 lilio,
1922 2525 1956 2581 et
1980 2512 2110 2582 additis
2131 2515 2304 2587 mirandis
2326 2535 2378 2590 te-

366 2607 516 2690 adactos,
548 2620 680 2700 quanta
705 2606 846 2675 bonitas
868 2607 934 2689 sit,
958 2609 1053 2698 quod
1079 2630 1116 2675 se
1137 2607 1187 2674 sic
1208 2608 1339 2696 patefe-
1388 2606 1586 2693 stimoniis,
1614 2623 1649 2680 et
1678 2612 1772 2703 quod
1805 2614 1852 2682 sit
1875 2635 1981 2702 agens
2004 2615 2247 2700 liberrimum,
2280 2628 2378 2715 quod

358 2708 454 2787 ecrit,
481 2711 594 2801 {qnod
621 2707 767 2779 donarit
784 2709 1045 2788 ‘mediatorem
1077 2709 1339 2782 reconciliatio·
1391 2711 1529 2781 dederit
1558 2715 1724 2782 mandata
1752 2726 1787 2783 et
1803 2716 2072 2804 promissiones,
2106 2733 2139 2788 et
2157 2728 2380 2812 proposuerit

355 2833 448 2893 uem,
474 2811 647 2880 auxilium
671 2825 705 2879 et
729 2810 888 2880 salutem.
940 2811 1083 2879 Deinde
1100 2811 1181 2904 quis
1201 2811 1249 2881 sit
1263 2832 1340 2880 me·
1390 2813 1620 2882 mediatorem
1643 2815 1774 2900 filium,
1809 2830 2077 2911 propterquam
2098 2837 2193 2892 certo
2217 2825 2379 2898 veliter-

353 2913 486 2996 diator,
509 2911 594 2996 ubi,
618 2914 761 3005 quando
777 2914 968 3006 patefactus
982 2914 1047 2994 sit,
1072 2937 1136 2984 cur
1150 2915 1339 3004 passnssit.
1390 2915 1532 2998 audire,
1560 2931 1594 2986 et
1615 2917 1709 3008 quod
1734 2920 1940 3008 expresserit
1962 2921 2194 3003 nominatim.
2220 2943 2306 3019 quas
2323 2952 2379 2998 res

352 3011 445 3086 llaec
464 3015 589 3086 omnia
613 3015 809 3108 quaelibet,
840 3015 1003 3108 quamvis
1025 3015 1161 3100 brevis,
1191 3016 1339 3086 invoca·
1390 3030 1485 3086 certo
1509 3018 1656 3089 daturus
1679 3021 1745 3104 sit,
1771 3033 1803 3090 rt
1829 3021 1867 3090 in
1887 3023 2018 3114 quibus
2035 3026 2191 3118 requirat
2207 3029 2383 3100 obediam

353 3118 399 3189 tio
427 3116 616 3207 complecti
647 3118 762 3186 debet.
822 3114 877 3188 De
899 3112 967 3188 hoc
991 3118 1155 3188 exercitio
1178 3133 1340 3208 saepest
1390 3117 1497 3199 tiam,
1525 3143 1611 3212 quas
1629 3135 1746 3191 tamen
1764 3123 1989 3215 mitigaturus
2002 3126 2058 3198 sit.
2173 3178 2177 3188 .

354 3243 545 3310 ⁰⁰⁸¹tt⁸⁰⁸2
571 3213 810 3301 ‘intimam
825 3220 1191 3292 ⁰⁰¹⁰m¹¹⁶s³⁶¹³m¹¹⁸⁶
1242 3219 1339 3290 Μ’
1492 3267 1543 3342 Ut
1563 3271 1671 3360 igitur
1689 3297 1754 3344 nos
1771 3275 1815 3344 ad
1832 3275 2096 3348 invocationem
2113 3281 2319 3372 excitemus,
2345 3303 2380 3360 et

1389 3386 1484 3442 recte
1507 3374 1732 3458 invocemus,
1759 3388 1793 3447 et
1816 3376 2060 3450 discernamus
2081 3397 2235 3456 nostram
2258 3413 2378 3480 preca·

1390 3478 1524 3546 tionem
1553 3480 1599 3547 ab
1620 3474 1793 3565 Ethnira‚
1827 3478 1997 3563 Turrino,
2029 3482 2191 3563 iudaice.
2224 3490 2379 3563 breviter

355 3323 468 3392 danda
498 3336 535 3392 et
555 3316 857 3411 Philosophorum
878 3321 1084 3409 diligentia,
1113 3323 1175 3413 qrri
1197 3324 1241 3390 de
1264 3324 1338 3392 sin-

354 3425 440 3513 gulis
463 3424 657 3494 virtutibus
679 3436 751 3494 tam
774 3433 951 3506 arctarate,
978 3425 1204 3517 quantumin
1220 3418 1339 3515 philo-

356 3522 476 3616 ”iilh
498 3528 576 3597 Μ
599 3527 732 3615 9⁰¹⁰i⁸⁵
765 3527 998 3624 ‘efil'mumff
1062 3524 1266 3598 ”dmum
1286 3541 1339 3599 “t
1390 3579 1553 3669 colligam
1584 3575 1652 3650 hoc
1680 3581 1776 3663 loco,
1812 3606 1903 3676 qrtae
1929 3585 2116 3682 cogitanda
2146 3591 2235 3675 siut,
2269 3618 2309 3663 ac
2334 3600 2379 3665 de

354 3644 468 3701 autem
491 3630 530 3697 io
545 3626 703 3699 Ecclesia
724 3630 768 3699 de
792 3629 923 3698 virtute
936 3630 1097 3708 omnium
1113 3652 1271 3717 summa,
1295 3633 1339 3699 de
1409 3684 1417 3699 .
1511 3682 1518 3699 .
1643 3684 1690 3701 .,
1833 3690 1843 3707 ,
2356 3698 2365 3715 .

358 3732 577 3803 invocatione
597 3726 682 3815 Dei,
714 3756 788 3801 non
817 3731 1000 3801 collectam
1024 3755 1099 3801 esse
1120 3731 1227 3801 simili
1252 3734 1339 3802 dili·
1390 3684 1539 3772 ⁸¹¹¹ss¹¹¹¹⁸
1562 3682 1722 3773 9³³¹¹b¹¹⁸
1745 3687 2039 3757 ‘⁰¹¹⁵'defindum
2064 3704 2114 3760 ²⁸¹
2136 3692 2282 3763 verbum
2297 3694 2378 3782 Det,

1390 3786 1474 3877 quia
1499 3798 1638 3856 tantum
1665 3788 1875 3875 cogitatione
1900 3790 1998 3858 verbi
2021 3787 2089 3860 Dei
2112 3794 2153 3861 ad
2177 3818 2256 3863 cum
2280 3820 2378 3869 acce·

1391 3889 1488 3958 ditur
1516 3888 1612 3958 iuxta
1635 3888 1724 3958 illud
1747 3886 1854 3963 Rom.
1873 3890 1949 3963 10.:
1983 3890 2037 3961 Ne
2060 3892 2190 3963 dixeris
2214 3896 2252 3965 in
2273 3904 2379 3971 corde

1390 4004 1471 4075 tuo,
1496 3990 1576 4082 quis
1598 3992 1762 4060 ascendet
1783 3991 1820 4059 in
1839 3994 2000 4062 coelum?
2026 4001 2085 4064 sed
2105 4020 2214 4089 prope
2230 4014 2281 4071 est
2299 4027 2378 4072 ver-

1392 4094 1476 4161 bum
1501 4092 1538 4159 in
1564 4116 1625 4161 ore
1647 4107 1708 4163 tuo
1730 4105 1766 4165 et
1788 4094 1827 4161 in
1843 4096 1948 4165 corde
1967 4108 2041 4165 tuo.
2093 4094 2252 4171 Primum
2269 4104 2378 4193 igitur

1391 4194 1572 4264 invocanti
1586 4194 1731 4264 verbum
1746 4199 1985 4288 quaerendum
2001 4212 2063 4284 est,
2089 4206 2276 4274 ostendens
2289 4206 2377 4299 quid

1391 4299 1436 4368 sit
1456 4297 1567 4367 Deus.
1626 4292 1706 4365 Non
1730 4296 1892 4378 invocas,
1923 4312 1964 4369 ut
1986 4294 2133 4371 Hecuba
2147 4308 2248 4394 apud
2269 4302 2377 4376 Euri·

359 3834 467 3919 gentis
488 3834 688 3903 doctrinam
704 3857 724 3903 a
739 3832 816 3903 Deo
830 3833 1015 3913 traditam,
1040 3835 1079 3903 in
1098 3836 1291 3925 praeceptis
1305 3848 1339 3906 et

358 3936 667 4025 promissionibus,
700 3958 790 4028 quae
811 3949 932 4007 extant
952 3934 990 4003 in
1013 3935 1156 4025 scriptis
1177 3934 1339 4031 Prophe·

357 4054 468 4111 terum
488 4052 524 4108 et
540 4034 819 4125 Apostolorum,
841 4038 1009 4108 laudatur
1029 4040 1278 4131 temperantia,
1304 4054 1340 4111 et

357 4154 405 4210 est
425 4142 537 4211 virtus
561 4142 807 4229 signatinus,
831 4140 999 4209 laudatur
1011 4139 1196 4209 clementia
1214 4141 1254 4211 in
1270 4165 1340 4232 gn-

358 4242 621 4324 bernatoribus,
646 4256 682 4313 et
701 4264 804 4331 saepe
823 4242 987 4313 salutaris
1007 4256 1057 4311 est
1073 4243 1211 4332 magnis
1225 4244 1340 4335 impe-

358 4345 428 4413 riis.
484 4342 540 4415 De
567 4339 623 4413 bis
645 4358 678 4415 et
703 4344 781 4415 aliis
802 4344 1010 4433 vulgaribus
1032 4345 1224 4416 virtutibus
1245 4360 1340 4418 extet

359 4447 514 4519 doctrina
531 4442 832 4536 Philosophorum
857 4447 1054 4519 luculenter
1070 4447 1217 4538 scripte,
1243 4462 1280 4519 at
1295 4451 1339 4518 de

356 4548 485 4620 virtute
506 4549 670 4619 omniurn
692 4550 836 4638 regina,
871 4551 915 4618 de
937 4549 1118 4637 agnitione
1139 4564 1175 4620 ct
1195 4550 1340 4621 invoca-

355 4650 450 4719 tione
471 4648 557 4735 nei,
581 4676 689 4743 quarn
711 4674 841 4741 pauca,
866 4652 987 4721 tenuia
1009 4665 1042 4721 et
1063 4651 1190 4740 frigida
1211 4653 1339 4743 scripta

352 4752 610 4825 inveniuntur?
632 4756 736 4851 pauci
760 4754 964 4841 intelligunt
979 4778 1052 4824 esse
1066 4754 1252 4839 virtutem,
1277 4756 1339 4824 alii

352 4868 480 4939 potant
507 4856 717 4925 doctrinam.
728 4855 867 4925 facilem
891 4879 984 4936 essa,
1016 4871 1138 4927 natam
1160 4856 1339 4930 omnibus.

351 4952 448 5044 Qun
472 4959 684 5029 'munim‘
704 4982 829 5027 mmm
852 4953 1280 5049 ⁶⁰⁸¹¹i⁰¹¹hum³⁰⁸⁰p²’
1305 4973 1339 5030 εἰ
1390 5011 1552 5079 omnium
1576 5024 1836 5096 ereaturarum,
1868 5025 1901 5081 et
1924 5028 2222 5101 conservatorem,
2254 5018 2316 5109 qui
2339 5042 2377 5087 se
2451 5060 2455 5068 ·

347 5060 479 5131 emisso
497 5054 565 5131 hoc
581 5059 712 5130 visibili
729 5060 873 5142 auxilio,
898 5061 1101 5151 quaerimus
1114 5061 1367 5147 an·sitDeus,t
1526 5112 1534 5129 .
1635 5140 1642 5153 ¹
2044 5114 2081 5133 ..
2192 5117 2201 5133 .
2293 5118 2315 5134 ..

1392 5113 1573 5204 patefecit,
1606 5114 1689 5181 dato
1717 5108 1788 5183 hoc
1808 5114 1937 5200 verbo,
1969 5117 2100 5187 addrtrs
2124 5130 2376 5189 testimonnsa

348 5163 413 5253 qui
438 5164 523 5233 velit
544 5162 713 5249 opitulari
736 5158 962 5245 hominibus,
988 5175 1022 5232 et
1043 5164 1083 5229 in
1098 5156 1165 5231 hac
1179 5165 1339 5254 disputa·
1391 5214 1566 5306 principio
1590 5215 1735 5295 mundi,
1761 5228 1796 5287 et
1820 5218 1927 5286 misso
1950 5216 2024 5287 5150
2046 5218 2210 5292 crucifixo
2229 5243 2293 5310 pm
2310 5246 2377 5291 no,

1391 5319 1465 5403 bis,
1500 5332 1535 5388 et
1562 5317 1787 5401 resuscitato,
1820 5333 1855 5390 et
1876 5342 1957 5391 cum
1980 5320 2173 5407 cogitamus
2196 5325 2374 5415 qrtomodo

1391 5443 1427 5489 se
1448 5418 1667 5511 patefecerit,
1692 5418 1730 5487 iu
1746 5420 2016 5515 compellatione
2032 5418 2089 5491 fiat
2103 5422 2237 5498 mentio
2256 5448 2375 5513 perso-

1390 5545 1539 5605 narum,
1565 5535 1605 5591 ut
1622 5520 1811 5611 patefactae
1825 5538 1925 5611 suut,
1951 5538 1990 5595 ut
2008 5538 2125 5616 postea
2141 5525 2269 5600 dicam.

1391 4502 1554 4589 alligatus
1577 4501 1622 4568 ad
1644 4522 1763 4569 causas
1781 4502 1969 4587 secrrndas,
1996 4528 2041 4573 an
2064 4529 2146 4574 vero
2162 4528 2269 4595 agens
2286 4508 2376 4579 libe-

1390 4628 1488 4673 rum:
1512 4601 1593 4673 Nou
1616 4600 1761 4673 invocas
1781 4617 1821 4673 ut
1836 4601 1947 4675 Turni
1969 4620 2003 4677 et
2020 4604 2142 4675 ludaei
2163 4610 2377 4681 contumelia

1390 4705 1581 4776 afficientes
1605 4702 1739 4787 lilium,
1765 4718 1800 4775 ct
1821 4706 2013 4777 nescientes
2038 4708 2288 4797 mediatorem,
2314 4715 2377 4783 sed

1391 4808 1537 4877 verbum
1561 4803 1627 4876 Dei
1655 4806 1720 4875 tibi
1751 4808 1939 4899 proponis,
1972 4810 2069 4903 quod
2099 4825 2194 4881 certo
2216 4826 2375 4895 testatur,

1391 4904 1488 4977 hunc
1510 4932 1591 4980 vere
1610 4931 1683 4979 esse
1698 4906 1811 4979 Deum
1828 4910 2129 5003 omnipotentem,
2154 4916 2376 4985 conditorem

346 5262 451 5335 tinne
471 5264 617 5357 plurimi
638 5290 783 5357 qssoquo
799 5268 906 5335 modo‘
920 5262 1038 5335 Deum
1052 5264 1239 5350 invocant,
1262 5290 1339 5337 non

345 5368 565 5455 cogitantes,
589 5367 670 5457 qrsis
690 5368 734 5436 sit
750 5364 865 5449 ὓειιι,
889 5390 963 5459 quo
983 5370 1091 5437 modo
1112 5389 1148 5436 se
1169 5368 1340 5457 patefece-

344 5466 417 5553 rit,
449 5471 537 5562 quid
562 5470 783 5537 mandaverit
805 5471 850 5537 de
875 5469 1119 5552 invocatione,
1143 5470 1230 5561 quid
1255 5494 1339 5561 pro-

343 5570 508 5654 miserit,
531 5573 711 5663 quomodo
733 5570 778 5639 sit
800 5572 973 5661 placatus,
1000 5573 1080 5663 quis
1093 5572 1139 5640 sit
1156 5572 1340 5658 mediator,

346 5694 396 5741 en
412 5688 450 5743 et
464 5696 530 5743 cur
545 5672 630 5743 velit
645 5673 828 5755 exaudire,
852 5697 940 5767 qssas
957 5695 1012 5741 res
1027 5675 1238 5743 nominatim
1256 5699 1338 5764 prn-
1488 5671 1697 5761 ¹Secundo„
1712 5687 1914 5764 postquam,
1939 5675 2019 5767 quis
2040 5675 2084 5743 sit
2105 5672 2219 5755 Deus,
2244 5678 2376 5763 cogita-

346 5773 510 5856 miserit,
551 5772 590 5841 in
618 5774 749 5865 quibua
781 5777 886 5843 rebor
915 5776 1074 5865 requirat
1100 5777 1337 5847 obedientiam
1390 5790 1466 5847 tum
1488 5790 1558 5862 est,
1584 5792 1617 5847 et
1640 5800 1676 5843 se
1699 5774 1843 5844 iunxisti
1868 5788 1901 5844 te
1922 5778 1968 5843 ab
1985 5770 2166 5860 Ethnicis,
2193 5776 2319 5845 Turris
2342 5790 2376 5848 et

347 5889 532 5958 nostram,
557 5887 723 5947 ettamen
736 5874 992 5963 mitigationem
1007 5876 1220 5966 promiserit.
1392 5875 1551 5966 ludaeis,
1576 5878 1782 5949 mandatum
1796 5876 1871 5945 eius
1885 5878 1926 5945 dc
1942 5876 2166 5948 invocatione
2182 5880 2376 5969 considera,

402 5982 585 6047 Uacerra.
601 5980 712 6047 Oreas
734 5974 818 6049 Vos.
834 5980 912 6047 XV.
1824 5976 1869 6051 17

1391 4400 1509 4490 pidem
1535 4400 1655 4487 ignara
1679 4398 1759 4490 quis
1782 4400 1827 4467 sit
1841 4394 1959 4489 Deus,
1986 4426 2033 4472 au
2055 4404 2100 4473 sit
2120 4407 2210 4474 ordo
2230 4421 2377 4477 naturae
2441 4438 2446 4443 ·
2500 4500 2505 4513 ·
