5825 6950
557 684 638 774 1⁸6
1146 669 1658 752 eramusmaerore
1684 667 1986 752 macanos.
2527 683 2597 784 aas

565 857 730 932 monium
745 848 1000 932 conscientiae,
1024 842 1096 920 bec
1112 847 1200 918 alias
1215 846 1424 920 declaratur.
1460 843 1562 918 Rur-
1614 851 1653 921 in
1674 850 1775 941 ‘vulgi
1795 873 1970 923 concursu
1985 845 2064 924 Rex
2088 849 2344 944 appellaretur,
2368 872 2478 944 esque
2500 873 2541 922 er
2562 874 2598 924 re

571 985 632 1036 sus
645 958 780 1050 glorio,
805 955 842 1022 id
863 966 935 1036 est,
959 951 1133 1041 gloriosae
1157 951 1378 1034 functiones,
1406 948 1484 1017 sine
1500 973 1565 1020 vo·
1614 953 1804 1045 perniciosi
1820 953 1995 1025 tumultus
2017 954 2209 1026 orirentur.
2260 950 2436 1044 Discipuli
2456 976 2541 1023 vero
2565 978 2597 1026 se

561 1064 731 1139 catione,
752 1081 826 1128 nnn
847 1067 930 1124 sunt
951 1054 1179 1146 appetendae.
1230 1051 1305 1120 Nec
1327 1051 1565 1141 imaginemur
1615 1058 1659 1126 ad
1677 1078 1784 1126 naves
1799 1055 1997 1149 recipiunt,
2016 1069 2062 1128 ut
2085 1056 2136 1126 ibi
2152 1056 2343 1140 cubarent,
2368 1067 2402 1126 et
2418 1055 2597 1128 dominum

572 1189 641 1238 nos
655 1161 785 1234 nostris
801 1158 938 1229 viribus
958 1179 1016 1226 res
1037 1148 1209 1224 salutares'
1229 1175 1370 1242 gerere,
1397 1155 1459 1224 sed
1475 1152 1566 1223 scia·
1616 1171 1859 1250 expectarent,
1881 1159 2025 1228 tandem
2044 1158 2126 1252 quia
2141 1157 2172 1226 is
2187 1179 2261 1227 non
2283 1157 2398 1242 adest,
2430 1181 2512 1226 cum
2534 1159 2598 1228 ism

573 1291 654 1340 mus
678 1287 802 1334 verum
824 1270 916 1343 esse',
941 1258 1037 1352 quod
1054 1257 1105 1326 ait
1120 1251 1302 1327 Christum
1326 1253 1415 1326 Sine
1437 1278 1493 1324 me
1508 1253 1566 1322 ni·
1616 1260 1782 1331 tenebrae
1796 1260 2087 1346 intenderentur,
2110 1257 2276 1350 Apostoli
2294 1258 2428 1328 flumen
2444 1260 2597 1332 traiicere

564 1365 629 1442 bil
654 1363 799 1459 potestis
820 1363 944 1435 facere.
992 1354 1059 1430 Est
1079 1358 1188 1448 igitur
1210 1357 1377 1448 superbia
1401 1370 1566 1447 appetere
1617 1361 1812 1454 incipiunt,
1845 1360 1994 1433 redituri
2018 1361 2058 1430 in
2081 1362 2253 1454 oppidum
2276 1357 2599 1451 Capernaum,.si-

567 1469 778 1542 functiones
793 1465 868 1540 sine
888 1463 1093 1548 vocatione,
1119 1461 1204 1532 item
1221 1461 1399 1531 confidere
1412 1458 1567 1552 propriis
1618 1478 1694 1535 turn
1716 1464 1755 1532 in
1778 1463 1857 1555 ripa
1877 1463 2081 1538 meridiana.
2146 1462 2281 1534 Vident
2302 1475 2420 1535 autem
2439 1463 2599 1533 advenire

567 1571 726 1650 ,visibus
1225 1626 1228 1633 .
1617 1562 1801 1636 Christum
1829 1588 1934 1657 supra
1958 1565 2095 1636 flumen
2126 1565 2402 1656 ingredientem,
2434 1587 2515 1634 cum
2535 1565 2598 1634 iam

677 1669 775 1742 Hinc
788 1665 938 1744 iudicari
960 1675 1092 1755 potest,
1119 1675 1285 1754 cognatas
1309 1665 1456 1736 virtutes
1482 1686 1568 1750 esse,
1618 1669 1719 1738 navis
1739 1680 1902 1760 provecta
1926 1680 2014 1737 esset
2038 1668 2152 1739 stedia
2174 1666 2337 1758 triginta,
2369 1667 2407 1737 id
2433 1679 2502 1750 est,
2532 1668 2597 1736 lere

569 1773 837 1853 bumilitatem,
875 1782 909 1839 et
933 1766 1067 1857 gloriae
1088 1768 1361 1862 appetitionem,
1394 1767 1485 1837 sicut
1509 1791 1568 1835 co-
1619 1769 1757 1840 miliare
1782 1768 2034 1860 germanicum.
2091 1767 2216 1860 Cogita
2241 1791 2323 1858 ergo
2345 1791 2453 1861 qnam
2475 1769 2597 1840 multae

577 1892 705 1968 gnatae
719 1884 805 1942 sunt
819 1868 1035 1961 parsimonia
1052 1882 1086 1939 et
1100 1869 1315 1953 liberalitas,
1341 1883 1377 1940 et
1391 1865 1568 1961 utrunque
1619 1894 1767 1961 magnae
1791 1873 1938 1942 virtutes
1961 1887 2198 1955 concurrunt,
2230 1869 2372 1954 docuit,
2397 1871 2532 1941 sanavit
2546 1893 2596 1940 ae-

576 1971 945 2053 interhaecextrema
965 1971 1119 2056 versari,
1153 1971 1248 2040 inter
1264 1971 1440 2060 ignaviam
1459 1983 1493 2040 et
1510 1993 1570 2040 su·
1620 1988 1756 2064 grotns,
1797 1975 1895 2065 pavit
1914 1972 2087 2066 populum
2111 1973 2190 2043 sine
2213 1971 2331 2064 aliqua
2352 1993 2472 2040 rerum
2495 1971 2596 2063 copia,

569 2080 752 2180 gothiam.
819 2073 961 2145 Dicitur
996 2084 1116 2142 autem
1149 2069 1352 2163 humilitas,
1393 2086 1568 2166 qnatenus
1620 2067 1778 2162 secessit,
1802 2073 1940 2148 neRes
1954 2073 2211 2170 appellaretur,
2242 2097 2339 2143 nunc
2354 2073 2596 2167 inceditsupra

571 2206 656 2256 non
672 2176 807 2270 appetit
821 2175 1024 2246 functiones
1039 2175 1115 2243 sine
1132 2174 1335 2265 vocatione,
1362 2187 1397 2244 ct
1412 2174 1571 2263 agnoscit
1620 2179 1770 2249 flumen.

574 2305 684 2356 suam
710 2279 973 2367 infirmitatem,
1006 2290 1040 2346 et
1060 2300 1136 2344 non
1157 2277 1303 2346 confidit
1326 2276 1400 2346 suis
1421 2276 1569 2350 viribus.
1722 2278 1901 2349 Postridie
1915 2301 2020 2350 mane
2034 2277 2134 2350 venit
2147 2277 2302 2370 populus
2316 2279 2361 2348 ad
2379 2299 2478 2347 suam
2492 2275 2593 2367 ripam

572 2382 710 2456 Gloria
739 2403 825 2449 vero
846 2379 979 2449 dicitur
1008 2392 1183 2472 quatenns
1212 2377 1434 2468 obtemperat
1463 2401 1570 2448 voca·
1621 2381 1808 2467 Arctoam,
1833 2404 1984 2473 cumque
2006 2381 2136 2451 seirent
2148 2376 2332 2452 Christum
2357 2402 2433 2450 non
2450 2393 2592 2448 evectum

579 2485 686 2560 tioni,
736 2475 834 2571 Ergo
854 2474 1018 2550 Christus
1039 2493 1133 2550 recte
1154 2493 1191 2552 et
1210 2480 1288 2549 sine
1309 2474 1586 2570 arroganciade‘
1621 2506 1694 2553 esse
1717 2507 1801 2574 cum·
1820 2469 2021 2575 Apostolis,
2058 2505 2123 2553 nec
2144 2483 2251 2554 aliam
2276 2481 2328 2552 ibi
2352 2503 2477 2550 navem
2499 2481 2592 2550 inisse

576 2612 619 2662 se
636 2583 832 2678 praedicat:
861 2578 939 2671 Ego
957 2606 1036 2652 sum
1051 2582 1113 2651 lox
1139 2595 1174 2652 et
1195 2583 1286 2667 vita,
1310 2583 1395 2676 qnia
1410 2583 1570 2673 oportuit
1620 2599 1761 2677 praeter
1782 2607 1909 2669 unam,
1935 2608 2004 2679 qua
2030 2599 2132 2657 erant
2155 2585 2210 2655 usi
2226 2579 2409 2676 Apostoli,
2434 2582 2589 2651 mirantur

574 2713 662 2760 eum
684 2685 865 2758 declarare
887 2707 987 2754 suam
1003 2685 1246 2765 vocationem,
1273 2708 1363 2778 quae
1383 2684 1489 2773 longe
1510 2707 1570 2754 su·
1621 2711 1692 2782 quo
1705 2682 1867 2758 Christus
1882 2687 2098 2768 discesserit,
2125 2709 2277 2781 cumque
2297 2685 2475 2767 dubitant,
2496 2681 2584 2750 vidc-

462 2871 465 2878 .
579 2790 727 2883 perabat
757 2788 878 2855 omnia
913 2809 1021 2876 regna
1048 2787 1241 2856 mundana.
1307 2785 1428 2877 Longe
1455 2787 1571 2856 maior
1621 2803 1681 2860 tur
1695 2789 2020 2859 commodissimum
2037 2787 2348 2882 seqdiApostolos,
2372 2802 2404 2859 et
2418 2807 2494 2854 casn
2509 2783 2588 2853 aliae

581 2890 698 2980 gloria
716 2901 791 2958 erat
806 2888 877 2958 diei
895 2901 1054 2958 autorem
1077 2887 1259 2974 iustitiae,
1293 2903 1328 2960 et
1347 2889 1441 2958 vitae
1457 2903 1571 2959 aeter·
1621 2915 1729 2961 naves
1746 2892 1790 2960 ad
1808 2915 1884 2962 cam
1902 2891 2017 2983 ripam
2039 2891 2229 2985 applicant,
2254 2913 2344 2984 qnae
2360 2885 2590 2981 es'l'yberiade

581 3015 669 3077 nae,
700 3013 808 3084 quam
841 2987 913 3060 dici
936 2986 1137 3078 Augustum
1161 2988 1413 3082 Imperatorem
1445 2992 1572 3083 populi
1621 3006 1804 3066 venerant.

580 3091 752 3168 Romani.
801 3089 943 3164 Rursus
970 3103 1080 3173 recte,
1112 3105 1147 3162 et
1171 3095 1248 3164 sine
1273 3092 1501 3164 simulatione
1527 3095 1570 3162 de
1724 3092 1887 3189 Cumque
1913 3092 2063 3164 veniunt
2088 3091 2133 3160 ad
2148 3083 2349 3174 Christum,
2374 3088 2591 3180 primnmob-

581 3219 619 3267 se
635 3190 834 3287 praedicat,
858 3218 937 3262 rum
955 3194 1021 3263 ait:
1046 3191 1125 3282 Ego
1141 3218 1219 3265 sum
1232 3189 1380 3265 humilis
1394 3198 1511 3279 corde,
1538 3208 1572 3264 et
1622 3198 1829 3288 iurgantur,
1873 3198 1969 3290 quod
1998 3184 2074 3264 rion
2105 3207 2276 3286 quaeram
2307 3193 2461 3280 gloriam
2484 3189 2539 3261 Dei
2558 3203 2586 3260 et

581 3320 708 3368 revera
726 3295 890 3365 excelluit
909 3290 1073 3366 Christus
1096 3291 1162 3365 hac
1177 3296 1327 3382 virtute,
1353 3321 1442 3389 quae
1466 3321 1572 3366 voca·
1622 3302 1716 3370 bona
1733 3313 1892 3378 aeterna,
1917 3300 1979 3367 sed
1997 3293 2193 3386 praesentia
2208 3296 2405 3374 commoda,
2433 3293 2590 3364 sicutusi-

582 3409 642 3472 tur
656 3393 859 3481 humilitas,
884 3420 1009 3466 omnes
1023 3397 1166 3487 angelos
1191 3411 1225 3468 et
1245 3422 1369 3469 omnes
1396 3394 1572 3485 homines,
1622 3416 1734 3472 tatum
1752 3413 1803 3470 cst
1820 3396 1904 3470 huic
1919 3401 2066 3468 miserae
2091 3411 2125 3466 et
2140 3395 2301 3466 infirmae
2323 3409 2473 3466 naturae
2493 3391 2592 3464 homi·

584 3502 668 3594 quia
686 3501 762 3593 ipse
777 3501 930 3593 perfecte
950 3498 1053 3568 novit
1072 3512 1254 3571 aeternum
1280 3516 1437 3593 patrem,
1461 3526 1571 3594 quare
1621 3529 1727 3590 num,
1760 3506 1872 3593 magis
1895 3502 1978 3591 angi
1995 3504 2039 3571 de
2056 3500 2171 3585 victu,
2197 3500 2241 3567 de
2257 3499 2515 3591 tranquillitate
2527 3520 2593 3567 cor·

580 3602 795 3694 perfectore
819 3600 853 3668 ei
881 3600 1043 3683 subiicit,
1090 3613 1126 3672 et
1153 3600 1296 3690 longius
1319 3625 1355 3671 se
1375 3601 1469 3672 inira
1489 3627 1571 3673 enm
1623 3606 1737 3699 poris,
1774 3608 1888 3699 qnam‘
1903 3608 1948 3674 de
1969 3603 2080 3693 gloria
2104 3599 2172 3671 Dei
2199 3614 2232 3671 et
2254 3602 2299 3671 de
2321 3600 2428 3671 bonis
2450 3598 2594 3677 aeternis,

579 3702 723 3786 abiicit,
766 3701 933 3791 intelligit
963 3701 1074 3791 magis
1102 3702 1225 3773 deberi
1256 3704 1288 3773 ei
1319 3704 1571 3789 obedientiam,
1623 3708 1714 3779 sicut
1734 3702 1830 3781 Esau
1859 3706 2027 3799 praetulit
2053 3703 2162 3774 offam
2191 3702 2263 3772 iuri
2294 3703 2593 3793 primogeniturae,

586 3828 694 3897 quam
718 3803 925 3892 intelligunt
944 3825 1075 3889 ,omnes
1099 3805 1217 3895 angeli
1243 3818 1278 3875 et
1299 3828 1422 3877 omnes
1454 3800 1572 3875 borni·
1623 3805 1783 3894 horest,
1815 3807 2022 3888 sacerdotii,
2063 3805 2260 3899 quoderat
2287 3805 2523 3875 ministerium
2549 3802 2595 3871 di-

584 3928 668 3990 nes,
697 3928 763 3975 nec
794 3903 942 3995 despicit
969 3903 1038 3973 alia
1069 3928 1200 3994 organa
1222 3904 1309 3994 Dei,
1342 3908 1404 3977 sed
1433 3908 1572 3999 ingenti
1623 3913 1760 3982 vinum.
2643 3912 2644 3999 Ῠ

586 4030 706 4077 amore
723 4006 986 4097 complectitur,
1013 4007 1158 4079 adiuvat
1170 4022 1206 4078 et
1219 4022 1350 4079 tuctur.
1573 4076 1586 4085 ,
1726 4010 1899 4103 Proponit
1921 4008 2030 4100 igitur
2052 4006 2351 4102 propositionem,
2383 4031 2476 4101 quae
2495 4004 2595 4077 conti-

689 4105 788 4177 Haec
810 4108 894 4177 satis
924 4108 972 4179 sit
1004 4108 1162 4179 breviter
1189 4109 1364 4201 attigisse,
1401 4123 1443 4181 ut
1471 4134 1572 4181 veras
1622 4127 1685 4185 net
1709 4115 1991 4205 obiurgationem
2019 4130 2053 4185 et
2077 4112 2287 4182 doctrinam.
2337 4107 2466 4179 Parate
2487 4111 2592 4179 cibun
2643 4196 2644 4205 ἵ

586 4229 708 4279 causas
732 4208 941 4297 cogitemus,
976 4232 1040 4279 cur
1058 4209 1191 4299 fugerit
1210 4207 1395 4298 Christus,
1427 4213 1572 4295 scilicet,
1623 4241 1697 4286 non
1719 4217 1935 4309 periturum,
1975 4217 2034 4285 scd
2067 4226 2268 4282 manentem
2298 4210 2338 4277 in
2363 4212 2472 4280 vitam
2497 4224 2594 4281 aeter·
2643 4266 2644 4275 ,

585 4311 669 4402 qnia
689 4311 824 4382 vocatio
838 4311 914 4380 eius
932 4333 1006 4379 non
1026 4310 1165 4385 sinebat
1178 4336 1260 4386 eum
1276 4313 1372 4402 regio
1391 4338 1491 4384 more
1507 4317 1572 4386 do-
1623 4343 1718 4409 nam,
1745 4342 1849 4411 quem
1866 4318 1960 4386 iilius
1975 4312 2132 4387 hominis
2147 4315 2247 4385 dabit
2260 4312 2375 4395 vobis,
2401 4308 2499 4383 bunc
2514 4313 2596 4381 enim
2643 4304 2644 4381 ζ

584 4412 735 4484 minari:
763 4413 842 4482 ideo
860 4412 1165 4500 singulidiscant,
1192 4416 1280 4507 quid
1300 4417 1442 4507 propria
1462 4442 1569 4487 voca·
1622 4434 1723 4512 pater
1746 4421 1898 4511 signavit
1919 4417 2024 4492 Deus.
2085 4415 2245 4486 Primum
2269 4416 2314 4483 de
2338 4437 2489 4503 persona
2512 4413 2598 4495 dicit,
2643 4470 2644 4479 ,

584 4512 636 4589 tio
653 4513 818 4603 postulet.
856 4510 960 4581 Hanc
975 4515 1133 4604 regulam
1147 4517 1217 4585 iam
1235 4518 1322 4586 olim
1338 4518 1570 4608 neglexerunt
1623 4523 1703 4616 quis
1724 4523 1780 4591 sit.
1830 4519 1968 4591 Deinde
1990 4521 2134 4611 exponit
2156 4516 2298 4611 qualem
2319 4516 2441 4586 cibum
2463 4519 2598 4587 datums

584 4609 776 4706 Episcopi,
800 4629 836 4685 et
854 4614 988 4703 primae
1006 4616 1202 4686 vocationis
1219 4619 1343 4700 obliti,
1366 4633 1401 4690 et
1412 4622 1571 4710 neglecto
1624 4626 1687 4708 sit,
1714 4640 1748 4697 et
1761 4638 1908 4695 testatur
1922 4646 1960 4693 se
1975 4646 2049 4693 esse
2065 4620 2232 4691 Messium
2253 4620 2412 4688 datorem
2434 4619 2527 4689 vitae
2547 4640 2597 4685 ae·

584 4714 784 4785 ministeriu
803 4713 1009 4805 Evangelii,
1035 4717 1105 4785 iam
1121 4731 1260 4789 tantum
1283 4726 1413 4809 regunt
1422 4722 1571 4812 imperia
1621 4740 1759 4811 ternae,
1785 4751 1825 4797 ac
1843 4727 1935 4795 clare
1951 4726 2081 4795 refutat
2102 4720 2365 4813 persuasionem
2381 4720 2596 4799 Iudaeorum,

584 4816 789 4902 mundana,
814 4829 848 4886 et
864 4831 1050 4909 postquam
1064 4819 1226 4890 doctrina
1250 4833 1397 4913 propter
1419 4846 1572 4917 occupa·
1622 4830 1684 4920 qni
1709 4830 1936 4919 expectabant
1958 4826 2153 4917 imperium·
2172 4821 2318 4907 muudi,
2341 4844 2408 4891 nec
2433 4821 2597 4909 intellige-

585 4914 695 4983 tionis
712 4916 938 5007 imperiorum
955 4920 1112 5009 neglecta
1132 4932 1202 5004 est,
1229 4923 1349 5011 magni
1371 4947 1511 4995 errores
1532 4928 1569 4994 in
1622 4931 1727 5015 bant,
1769 4954 1832 5000 nec
1863 4930 2071 5019 expetebant
2101 4926 2344 4995 remissionem
2374 4938 2597 5013 peccatomm,

584 5008 779 5085 Ecclesiam
794 5016 1033 5107 irrepserunt,
1058 5036 1094 5092 et
1107 5023 1220 5092 multe
1232 5024 1326 5094 suala
1342 5042 1571 5098 accesserunt.
1622 5032 1819 5112 iusticiam,
1845 5033 1954 5101 vitam
1971 5043 2161 5099 aeternam.
2196 5027 2278 5098 Diri
2295 5038 2412 5095 autem
2429 5023 2596 5117 principio

489 5202 492 5207 ,
585 5113 752 5203 Quorum
782 5120 1063 5206 magnitudinem
1086 5136 1120 5193 et
1143 5146 1274 5216 poenas
1303 5130 1465 5201 ostendet
1495 5130 1569 5203 dies
1621 5135 1893 5225 descriptionem
1915 5154 2086 5225 personae
2115 5130 2372 5199 observandam
2403 5150 2490 5203 esse,
2540 5124 2596 5195 Ait

583 5217 819 5306 novissimus,
857 5215 1001 5293 ethaeo
1025 5240 1165 5315 peccata
1188 5226 1277 5298 alias
1301 5251 1405 5321 saepe
1422 5246 1457 5303 et
1477 5234 1570 5303 iuste
1620 5260 1657 5306 se
1671 5238 1893 5325 obsignatum
1915 5259 1935 5304 a
1954 5246 2069 5326 petre,
2095 5232 2244 5301 omnino
2268 5229 2458 5318 singularis
2473 5225 2597 5299 descri-

583 5327 759 5394 taxantur.
1622 5340 1695 5429 ptio
1718 5354 1787 5423 est,
1821 5338 2020 5425 significans
2043 5337 2137 5418 dno,
2161 5331 2345 5416 videlicet,
2370 5325 2464 5401 banc
2485 5352 2596 5421 perso-

1282 5505 1352 5581 ra
1379 5491 1568 5570 ἀπιώ-
1618 5442 2016 5625 tillsltttttft
2031 5440 2472 5625 titillabat?
2485 5454 2596 5619 iiiii

1618 5647 1746 5738 quibus
1761 5642 1946 5713 antecellat
1960 5664 2084 5711 omnes
2100 5636 2271 5710 homines.

630 5476 836 5585 Postquam
858 5494 981 5559 autem
1003 5512 1085 5562 sero
1107 5492 1258 5593 sactum

683 5594 769 5655 runt
785 5584 978 5689 discipuli,
1004 5600 1067 5668 ele.

650 5708 830 5797 Historiae
871 5730 1155 5819 considerentur,
1212 5736 1405 5831 reliquerat
1454 5755 1564 5814 totam
1719 5743 1827 5832 Quod
1852 5744 1946 5812 enim
1971 5739 2028 5813 bic
2050 5744 2196 5813 dicitur:
2239 5738 2480 5827 Obsignatus,
2505 5735 2541 5804 id
2558 5732 2593 5801 in

575 5821 844 5900 multitudinem
866 5826 1050 5921 Christus,
1082 5849 1116 5908 et
1139 5854 1328 5912 secesserat
1350 5843 1492 5940 aliquo,
1517 5869 1565 5915 ne
1586 5853 1592 5921 i
1614 5844 1756 5919 Psalmo
1786 5858 1825 5917 ct
1858 5848 1952 5939 apud
1982 5842 2125 5917 Esaiam
2156 5857 2192 5916 et
2217 5841 2423 5927 Danielem,
2471 5838 2595 5910 dicitur
