5825 6950
2249 404 2646 412 --—-—-.—-—

318 728 420 809 1105
523 731 625 811 Xlll.
659 732 698 811 t.
731 728 1072 815 COMMENTAR.
1098 736 1152 814 IN
1175 731 1334 816 aelst.
1358 722 1509 807 PAULI
1534 720 1604 801 AD
1625 721 1950 813 CORINTHIOS.
1998 738 2103 823 CAP.
2128 748 2175 825 X.
2244 744 2366 835 &1106

313 902 388 979 Dei
408 906 562 1000 depellat
580 908 766 999 diabolos,
790 908 998 984 iuxta‘illud
1014 913 1167 987 dictum:
1199 911 1314 986 Nemo
1363 903 1605 999 temporibus,
1636 900 1729 975 sinet
1743 902 1871 977 elamat
1885 902 2004 981 Daatu
2020 911 2166 994 Psalmo
2180 924 2259 998 22:
2283 920 2360 1003 Do·

311 1010 431 1103 rapiet
449 1032 534 1080 oves
549 1034 645 1083 meas
662 1034 704 1084 ex
719 1014 887 1086 manibus
903 1016 1005 1092 meis.
1318 1066 1323 1079 .
1361 1008 1487 1079 minus
1512 1006 1655 1077 adiutor
1677 1028 1780 1077 meus
1800 1020 1839 1078 et
1860 1014 2040 1100 protector
2064 1043 2182 1111 meus,
2199 1030 2252 1102 ‘iu
2268 1032 2357 1121 'ipso

420 1110 591 1187 'recitatio
613 1111 771 1187 bumana
799 1130 853 1189 est
880 1116 1078 1200 dubitatio,
1120 1116 1178 1190 rel
1211 1141 1313 1190 error
1360 1109 2049 1206 apt-'mliwrmwmrttttllulttttttm.
2078 1117 2356 1211 narramus:

307 1212 371 1283 vel
390 1214 510 1305 lapsus
531 1215 578 1287 ab
600 1211 757 1290 bumana
780 1218 987 1292 infirmitate
1003 1236 1122 1307 onos,
1146 1221 1310 1293 nondum
1334 1174 1339 1257 l
1359 1212 1452 1286 Cum
1476 1213 1555 1304 ipso
1578 1231 1660 1279 tum
1682 1208 1722 1277 in
1748 1212 2000 1302 middeltone,
2040 1221 2191 1315 eripiam
2216 1258 2297 1303 sirm
2319 1255 2355 1313 et

308 1316 361 1387 ita
386 1316 599 1389 confirmato
620 1318 763 1401 furore,
789 1332 830 1392 ut
850 1344 951 1391 mens
972 1322 1018 1394 sit
1040 1318 1236 1416 Epicurea,
1268 1334 1310 1394 nt
1333 1268 1338 1372 l
1360 1314 1566 1409 glorificabo
1581 1334 1678 1431 eum:
1718 1309 1921 1387 Etl'taltoo
1939 1318 2040 1392 1440:
2065 1324 2209 1405 Atlevat
2224 1336 2354 1409 Domi-

308 1422 457 1488 accedat
474 1421 673 1510 persecutio
687 1422 827 1514 agnitae
843 1423 1001 1495 veritatis
1015 1440 1077 1498 ant
1090 1424 1213 1496 odium
1228 1421 1309 1499 Dei.
1359 1442 1427 1491 nus
1444 1437 1591 1502 omnes,
1615 1436 1679 1509 qul
1694 1430 1879 1531 fimum,
1906 1432 1938 1489 ‘t
1955 1424 2058 1514 erigit
2074 1452 2197 1504 amnes
2212 1438 2326 1513 elisos.

308 1518 433 1591 Valde
448 1523 573 1603 ,trinis
595 1523 715 1615 lapsus
737 1525 806 1597 tuit
828 1520 996 1612 Doridis,
1027 1541 1063 1600 et
1086 1527 1251 1599 diabolus
1275 1526 1309 1598 ei
1460 1517 1561 1589 llaec
1574 1528 1612 1587 et
1626 1514 1760 1586 ⁸3¹⁰ssst
1773 1517 1868 1590 ‘litte
1885 1526 2131 1616 propriIssime
2150 1557 2353 1630 congruunt

306 1646 387 1693 non
415 1624 541 1695 leviter
568 1622 759 1699 insidiatus
783 1639 854 1713 est,
879 1629 942 1698 sed
964 1642 1083 1701 tamen
1098 1652 1173 1701 non
1188 1628 1306 1722 potuit
1358 1646 1437 1693 cum
1457 1616 1673 1729 dictoI‘anli
1690 1616 1730 1686 in
1747 1612 1921 1697 hocloco.
2313 1656 2317 1666 ·

306 1716 394 1795 e'um
437 1724 621 1816 impellere
659 1729 703 1797 ad
737 1723 955 1821 Epicureum
994 1743 1214 1805 contemtum
1248 1730 1305 1803 vel
1459 1722 1529 1797 Sed
1552 1742 1635 1793 eum
1661 1730 1735 1791 tam
1764 1722 1870 1795 multi
1900 1730 2107 1817 superatis
2135 1734 2282 1814 diabolo
2314 1757 2350 1817 et

305 1827 437 1899 odium
453 1826 545 1915 Dei,
570 1840 612 1899 ut
627 1826 772 1901 Saulem
790 1831 946 1922 impulit.
1356 1848 1419 1897 sna
1434 1824 1658 1905 infirmitate,
1683 1835 1792 1895 ruent
1807 1824 1848 1893 in
1865 1826 2026 1917 esitium,
2047 1848 2087 1907 ut
2098 1842 2253 1913 maxims
2269 1854 2351 1936 pass

413 1926 586 2001 Fortassis
600 1930 760 2003 intuetur
774 1930 909 2003 Paulus
925 1933 963 2003 in
981 1928 1049 2003 hae
1072 1933 1148 2026 ipsa
1169 1934 1303 2006 descri—
1355 1930 1481 2021 populi
1492 1929 1530 1997 in
1545 1928 1696 2005 detesto,
1711 1937 1747 1995 tt
1760 1927 1928 2015 embola
1944 1933 1989 2001 de
2002 1936 2348 2021 anteatinus-tn.

306 2028 435 2122 ptione
451 2031 642 2101 discrimen
661 2033 768 2123 primi
792 2034 934 2118 sceleris
959 2035 1116 2121 diaboli,
1139 2049 1175 2109 et
1197 2038 1304 2129 primi
1355 2030 1527 2120 significat
1543 2026 1719 2120 plurimos
1730 2028 1914 2100 detineres
1930 2027 2026 2139 Deo:
2051 2036 2248 2128 Qcaomode
2261 2069 2348 2121 eon-

305 2134 430 2221 lapsus
449 2126 652 2209 hominum.
694 2132 816 2206 Scelus
834 2137 966 2209 diaboli
984 2138 1053 2209 init
1072 2133 1304 2233 blasphemia,
1354 2134 1449 2221 eruit
1474 2134 1519 2201 ad
1547 2126 1634 2199 baec
1658 2128 1774 2215 dicta,
1804 2134 2029 2225 quantana
2055 2142 2248 2219 multitudo
2273 2175 2346 2225 non

303 2238 387 2330 quia
413 2258 493 2304 cum
519 2236 665 2332 propius
689 2250 805 2307 nosset
830 2234 966 2325 Deum,
999 2251 1033 2309 et
1058 2263 1133 2311 non
1155 2240 1303 2312 aliunde
1353 2232 1576 2326 protegitur?
1921 2234 1928 2243 ’
1959 2317 1962 2322 ,
2064 2256 2075 2297 ··
2305 2240 2309 2249 '

304 2336 563 2431 impelleretur,
587 2360 652 2407 sno
668 2337 823 2409 consilio
836 2354 869 2412 et
884 2340 1033 2413 arbitrio
1051 2341 1202 2437 superbe
1215 2367 1302 2415 con·
1455 2332 1692 2425 Respnssdw
1724 2328 1874 2425 Semper
1897 2335 1936 2405 In
1958 2335 2123 2414 Ecclesia
2140 2347 2247 2421 elnae·
2261 2368 2344 2425 sunt

304 2440 423 2513 retrusit
443 2436 555 2508 Deum
575 2453 609 2511 et
624 2440 736 2510 fitium
756 2440 833 2515 Det.
1353 2450 1480 2531 partes.
1532 2435 1613 2509 Una
1640 2424 1776 2503 baben·
1800 2436 1901 2507 initia
1923 2440 2063 2513 timoris
2077 2458 2111 2517 et
2126 2448 2227 2536 fidu,
2253 2478 2343 2548 qnae

409 2540 481 2613 Sed
520 2542 627 2634 primi
661 2558 825 2635 parentes
856 2543 1002 2617 aliunde
1035 2544 1182 2640 impulsi
1208 2546 1300 2619 ceci·
1354 2562 1556 2633 quanquam
1572 2534 1713 2608 infirma
1729 2548 1793 2617 est,
1818 2550 1935 2610 tamen
1952 2537 2058 2618 babet
2072 2552 2235 2624 exercitia
2251 2554 2343 2627 Poe·

312 2642 451 2715 derunt,
1354 2642 1527 2714 nitentiae
1544 2654 1577 2711 et
1599 2638 1858 2724 luvocationis,
1885 2649 1920 2711 et
1943 2646 2075 2719 retinet·
2093 2650 2257 2725 timorem
2274 2655 2343 2730 Dei

409 2743 488 2815 Etsi
510 2756 627 2815 autem
649 2740 858 2819 hominibus
880 2748 983 2819 valde
1007 2748 1153 2820 difficile
1167 2764 1217 2822 est
1235 2748 1301 2824 ista
1352 2740 1527 2827 attidem,
1551 2744 1598 2813 dt
1620 2761 1690 2832 qun
1713 2754 1813 2831 parte
1833 2744 1983 2815 dicitur:
2009 2746 2167 2825 Habenti
2187 2750 2343 2831 dabitur.

308 2844 525 2927 diiudicare,
565 2863 680 2920 tamen
707 2863 890 2944 utcunque
915 2851 1107 2923 discrimen
1137 2853 1300 2923 conside-
1351 2848 1439 2915 ltem
1464 2843 1605 2915 Psalmo
1622 2840 1725 2914 144·=
1756 2839 1876 2933 Prope
1895 2862 1947 2920 eet
1973 2847 2156 2928 Dominus
2169 2862 2343 2933 omuibus

306 2950 460 3020 randum
479 2962 551 3033 cst,
578 2966 612 3021 et
635 2952 880 3041 cogitandum,
906 2978 1012 3048 quam
1038 2954 1128 3023 varii
1156 2968 1189 3026 et
1216 2949 1301 3026 bor·
1352 2948 1603 3018 intuentihus
1618 2966 1721 3027 tum,
1746 2946 1917 3019 omnibns
1928 2949 2179 3054 invocantibus
2192 2952 2281 3031 'enm
2302 2956 2341 3035 in

314 3052 420 3121 rendi
439 3052 554 3143 lapsus
570 3054 640 3122 sint
664 3055 840 3123 sanabiles
863 3067 898 3125 et
924 3056 1157 3142 insanabiles,
1188 3070 1223 3128 et
1243 3082 1302 3127 ex·
1352 3050 1511 3121 veritate.
1561 3050 1670 3121 Item:
1696 3043 1841 3135 Quanto
1864 3051 2103 3145 magta'patse
2123 3074 2237 3131 vester
2259 3088 2340 3134 coe·

306 3154 470 3224 citandae
494 3168 629 3225 mentes
654 3170 737 3227 sunt
758 3158 802 3225 ad
820 3157 984 3226 timorem
1002 3158 1090 3249 Dei,
1116 3171 1151 3229 et
1174 3161 1218 3228 ad
1245 3159 1302 3229 in·
1352 3152 1447 3224 lettlt
1469 3150 1570 3221 debit
1590 3145 1767 3238 Spltffflm
1789 3162 1949 3221 ”fletum
1974 3159 2341 3249 permutantem,

306 3256 551 3347 vocationem,
580 3258 670 3328 sieut
686 3258 856 3350 praecipit
871 3257 1011 3331 Petrus:
1040 3258 1162 3331 Sobrii
1179 3274 1302 3347 estote,
1350 3250 1478 3325 Esaiae
1493 3251 1573 3325 dd:
1598 3249 1657 3322 Ad
1682 3270 1790 3343 quem
1811 3254 2021 3345 respiciam,
2046 3261 2118 3329 nlsl
2142 3266 2187 3333 sd
2201 3269 2340 3339 centri·

304 3372 340 3429 et
356 3358 426 3447 vigi
433 3360 500 3427 late
514 3358 597 3451 quia
611 3360 834 3429 adversarius
851 3373 982 3448 vester,
1004 3361 1191 3447 diabolus,
1217 3374 1298 3437 tan·
1349 3370 1426 3428 tum
1444 3355 1571 3446 spiritu
1586 3369 1621 3427 et
1636 3362 1846 3424 trementem
1859 3377 2040 3431 sermones
2056 3382 2166 3438 meos.

306 3484 416 3554 qnam
435 3460 490 3530 len
506 3462 648 3548 rugiens
664 3460 848 3548 circumit,
873 3486 1045 3556 quaerens
1061 3486 1166 3559 quem
1189 3465 1302 3537 devo-
1450 3456 1574 3530 Altera
1595 3475 1678 3551 pars
1700 3467 1754 3527 est
1776 3477 1899 3528 seems
1921 3460 2000 3532 sine
2020 3466 2196 3537 exercitiis
2210 3472 2339 3562 poeni·

305 3578 381 3648 ret,
416 3563 474 3632 cui
501 3565 651 3635 resistite
666 3566 774 3636 fortes
795 3565 833 3634 in
856 3565 936 3637 tide.
1349 3561 1481 3634 tentiae
1504 3571 1540 3632 et
1559 3555 1815 3676 invocationis,
1856 3560 1955 3632 ebria
1982 3566 2246 3657 voluptatibus,
2278 3589 2339 3648 aut

469 3727 509 3807 ,‚
534 3727 555 3807 a
579 3727 669 3816 a,
695 3729 735 3817 a
759 3731 829 3807 a
848 3726 958 3810 m
1009 3727 1160 3806 nm
1347 3667 1648 3851 :turtur
1667 3659 2337 3855 tritanuuastauere:

487 3831 595 3906 Deus
620 3844 692 3919 est,
717 3837 881 3935 quinon
905 3836 1020 3924 sinet,
1044 3845 1107 3914 etc.
1347 3867 1598 3939 numerabiles,
1670 3859 1721 3931 Hi
1748 3877 1964 3954 superantur
1993 3893 2014 3940 a
2045 3873 2210 3962 diabolo,
2253 3879 2337 3973 ana

401 3971 518 4042 Antea
543 3969 691 4041 tradidit
715 3971 976 4042 severissimam
1002 3971 1298 4060 admonitionem,
1346 3983 1430 4041 stant
1459 3971 1538 4040 sine
1565 3969 1695 4039 timore
1721 3961 1817 4049 Dei,
1855 3969 1933 4039 sine
1958 3974 2153 4061 agitatione
2184 3977 2335 4050 infirmi·

271 4065 339 4148 'ut
363 4073 479 4144 simus
503 4073 709 4162 vigilantes,
735 4087 767 4144 et
794 4072 971 4145 illecebris
993 4074 1229 4166 cupiditatum
1256 4099 1296 4146 ac
1345 4071 1427 4144 tatis
1448 4093 1549 4155 snae,
1583 4069 1661 4140 sine
1691 4067 1834 4147 dolore,
1872 4093 1939 4141 nee
1968 4088 2136 4168 expetunt
2162 4081 2335 4154 auritium

299 4177 447 4250 diabolo
479 4197 727 4266 repugnamus.
792 4174 897 4246 Nune
927 4177 1227 4249 consolationeem
1250 4179 1295 4248 de
1343 4172 1424 4250 Dei.
1474 4172 1556 4244 Non
1571 4171 1682 4261 igitur
1696 4183 1862 4242 accusent
1881 4171 2011 4260 Deum,
2036 4183 2133 4270 quod
2153 4204 2227 4251 non
2251 4208 2335 4275 pro.

298 4278 523 4374 protectione
548 4277 688 4358 divina,
715 4291 750 4348 et
774 4278 908 4348 auxilio
923 4277 989 4350 Dei
1010 4279 1121 4350 addit.
1170 4275 1218 4350 Et
1243 4293 1295 4351 est
1343 4289 1531 4366 teguntur,
1556 4277 1617 4346 sed
1633 4276 1784 4362 seipsos,
1810 4273 1894 4367 qnia
1908 4274 1978 4368 ipsi
1994 4299 2058 4347 sno
2074 4280 2196 4352 furore
2211 4300 2334 4357 secent

296 4393 551 4472 argumentum
568 4402 588 4449 a
604 4378 784 4469 possibili:
810 4379 901 4450 Cum
916 4393 951 4449 et
972 4381 1128 4453 debeatis
1152 4394 1186 4452 et
1211 4404 1293 4472 pos-
1344 4378 1479 4460 Deum,
1503 4379 1599 4448 iusta
1620 4376 1683 4446 illa
1706 4373 1817 4446 dicta:
1843 4373 1968 4448 Anon
1986 4373 2139 4452 habente
2161 4386 2267 4455 etiam
2292 4387 2329 4457 id

296 4487 376 4556 sitis
391 4505 590 4574 repugnare
606 4483 723 4572 pravis
741 4481 935 4566 illecebris,
961 4505 1035 4552 non
1059 4483 1137 4554 sitis
1161 4483 1293 4572 ignavi.
1341 4481 1436 4572 qrrod
1453 4477 1572 4564 babet,
1585 4479 1777 4548 auferetur.
1828 4477 1940 4564 Item,
1964 4476 2096 4553 Mattb.
2110 4485 2187 4558 ta:
2211 4481 2258 4558 Et
2271 4513 2332 4558 ve.

298 4585 454 4658 Potestis
488 4599 604 4655 antem
640 4581 801 4668 vincere,
835 4583 917 4677 quia
945 4582 1042 4655 Deus
1068 4597 1103 4656 et
1135 4585 1291 4678 pericula
1340 4584 1464 4667 niens,
1500 4581 1640 4652 invenit
1678 4582 1826 4649 domum
1869 4579 2031 4652 otiosam.
2094 4582 2201 4656 Tunc
2240 4588 2330 4663 alios

299 4689 439 4760 maiora
471 4699 582 4766 arcet,
625 4701 656 4756 et
682 4687 784 4756 vobis
813 4686 851 4755 in
882 4687 1008 4756 vestris
1035 4687 1291 4757 certaminibus
1339 4698 1473 4775 septem
1489 4683 1635 4775 spiritns
1650 4681 1797 4751 assumit
1812 4681 2004 4774 nequiores
2020 4707 2077 4769 se,
2104 4702 2139 4759 et
2153 4685 2244 4762 liunt
2262 4713 2331 4761 no·

298 4790 512 4883 opitulatur.
573 4785 656 4858 ldeo
681 4787 818 4882 inquit:
845 4785 980 4858 Fidelis
996 4785 1111 4868 Dens,
1131 4789 1192 4881 qui
1216 4811 1289 4858 non
1339 4785 1623 4875 vissimapeiora
1646 4781 1837 4876 prioribus.
1892 4779 1940 4854 Et
1961 4783 2159 4860 2.Pet.2.:
2192 4788 2328 4865 Situm

299 4895 393 4964 sinet
413 4890 632 4974 sustentari,
651 4913 755 4980 supra
773 4913 878 4984 quam
894 4889 985 4960 serre
999 4889 1156 4982 potestis,
1169 4889 1240 4959 imo
1256 4907 1290 4962 et
1338 4887 1532 4978 effligeritis
1547 4882 1869 4956 contaminationes
1883 4887 2029 4971 mundi,
2052 4912 2175 4960 rursus
2193 4894 2243 4963 eis
2261 4895 2329 4964 im-

298 5019 381 5066 cnm
400 4995 594 5063 tentatione
610 4993 708 5060 dabit
729 5007 906 5078 eventum,
921 5007 960 5062 nt
973 4993 1115 5062 vincere
1127 4993 1278 5080 possitis.
1337 4989 1579 5083 plicabimini,
1603 4988 1694 5058 bunt
1710 4987 1904 5078 posteriora
1921 4989 2095 5060 deteriora
2111 4993 2304 5085 prioribus.

406 5093 541 5165 Fidelis
575 5107 628 5166 est
654 5093 829 5165 beneficus
856 5106 892 5164 et
918 5117 1034 5164 verax.
1097 5091 1289 5172 Miseretnr
1441 5087 1497 5161 Ex
1521 5085 1577 5160 his
1600 5104 1635 5161 et
1661 5088 1839 5159 similibus
1865 5091 2079 5162 testimoniis
2099 5095 2327 5170 manifestum

297 5197 518 5269 infirmitatis
539 5211 700 5282 nostrae,
734 5209 768 5267 et
782 5195 947 5287 promisit
967 5194 1151 5266 auxilium.
1206 5195 1288 5266 ldeo
1338 5208 1407 5274 est,
1433 5194 1568 5264 dictum
1591 5193 1630 5262 in
1655 5188 1767 5261 Paulo
1796 5187 2068 5282 intelligendum
2090 5218 2164 5270 esse
2186 5201 2231 5270 de
2260 5195 2326 5286 lais,

299 5325 384 5371 vere
408 5301 511 5368 nobis
531 5301 647 5382 adest,
674 5299 763 5369 sicut
788 5298 940 5390 proterit
963 5307 997 5367 et
1019 5297 1156 5368 adiuvit
1171 5298 1287 5369 Abra·
1337 5298 1400 5390 qui
1418 5289 1547 5365 liabent
1564 5292 1728 5363 exercitia
1743 5291 1980 5381 poenitentiae
1995 5309 2031 5366 et
2045 5295 2324 5374 invocationem}

298 5398 384 5474 ham
408 5401 444 5470 iu
469 5401 636 5500 periculis
660 5400 796 5484 uxoris,
835 5414 869 5471 et
895 5395 1022 5490 loseph
1044 5411 1216 5471 tentatum
1242 5400 1288 5469 ab
1337 5397 1472 5470 Fidelis
1487 5409 1540 5465 est
1553 5393 1659 5478 Deus,
1674 5416 1739 5464 nee
1753 5392 1845 5463 sinet
1860 5417 1926 5464 nos
1940 5397 2080 5482 tentari,
2096 5421 2200 5494 snpra
2216 5427 2322 5497 quam

300 5505 484 5594 adultera,
517 5517 550 5573 et
572 5517 692 5594 postea
724 5501 920 5571 coniectum
952 5499 990 5569 in
1025 5525 1220 5586 carcerem,
1255 5515 1288 5574 et
1336 5501 1429 5570 ierre
1445 5498 1602 5589 potestis.
1643 5493 2323 5578 Vosridelicet‚noniurentessecuri-

300 5603 454 5702 Moysen
471 5607 509 5675 in
524 5618 594 5676 tota
610 5605 866 5694 gubernatione
881 5602 1050 5672 adversos
1065 5597 1288 5673 Pharaonem
1338 5615 1421 5684 tate,
1436 5604 1496 5670 sed
1514 5595 1683 5669 babentes
1698 5595 1860 5666 exercitia
1878 5601 2118 5688 poenitentiae
2129 5616 2163 5672 et
2180 5605 2323 5674 invoca-

299 5722 334 5778 et
351 5707 548 5792 seditiosos,
574 5729 620 5776 ne
635 5706 691 5777 vel
705 5705 967 5797 opprimeretur
980 5704 1025 5774 ab
1041 5697 1214 5790 hostibus,
1232 5703 1289 5773 vel
1337 5703 1457 5781 tionis,
1473 5703 1561 5772 sicut
1578 5714 1612 5771 et
1620 5698 1791 5770 Salomon
1807 5697 1942 5792 inquit:
1964 5699 2093 5773 Beatus
2106 5704 2168 5796 qui
2184 5729 2323 5795 semper

300 5809 433 5880 fractus
462 5805 707 5901 desperatione
731 5831 751 5876 a
772 5803 849 5877 Deo
876 5805 1049 5879 deiiceret.
1114 5803 1161 5876 Et
1184 5828 1290 5895 expe·
1338 5805 1562 5895 estpavidus.
1586 5794 2319 5878 EtZsclsar.1.dicitur:convertiminiad

299 5913 444 5983 riuntnc
459 5902 584 5983 omnes
603 5911 651 6002 pii
669 5905 761 5979 banc
777 5907 1012 6002 praesentiam
1029 5901 1109 5976 Dei
1120 5907 1289 5978 omnibus
1337 5931 1412 5991 roe,
1435 5919 1470 5978 et
1483 5927 1547 5993 ego
1561 5916 1750 5972 convertar
1762 5901 1806 5969 ad
1823 5924 1896 5971 vos.
1930 5895 1978 5973 Et
1991 5897 2119 5973 Esaiae
2137 5907 2189 5978 1.:
2216 5905 2322 5978 Desi-

350 6017 530 6083 lllrsam.
559 6017 664 6083 Orsa.
692 6013 775 6079 Ver..
794 6013 874 6082 XV.
1549 6003 1600 6074 70
