5825 6950
574 707 650 782 20,
1165 648 2005 762 rainuccs'canraexararus.
2540 691 2608 766 eoa

577 869 774 972 praesentis
801 867 928 958 alleget
951 849 1032 956 ipse
1056 856 1240 945 Christus,
1268 859 1350 929 ideo
1379 873 1455 929 noa
1489 855 1573 927 estis
1626 883 1724 930 mrim
1760 872 2002 952 praeceptum:
2047 851 2130 930 Non
2162 853 2312 933 babebis
2344 859 2439 933 Dens
2471 861 2609 940 alienos,

579 977 758 1058 Ecclesia,
781 973 868 1068 naria
888 969 999 1038 verbo
1023 987 1102 1035 meo
1122 984 1198 1034 non
1221 977 1272 1033 cst
1294 962 1391 1030 locus
1406 960 1444 1028 in
1459 960 1574 1032 vobis.
1628 959 1735 1033 item:
1762 961 1889 1052 Fugite
1911 961 2021 1034 idola.
2081 960 2189 1050 ltem,
2217 964 2510 1055 praeceptumde
2536 987 2640 1058 con-¹

570 1082 679 1154 'Ilaec
702 1064 795 1148 enirn
816 1079 874 1144 est
892 1067 1002 1141 herlus
1024 1065 1197 1140 idiotismi
1215 1063 1440 1155 significatio.
1492 1059 1574 1131 Non
1629 1063 1793 1135 sessione:
1821 1063 1894 1152 Qui
1912 1065 2091 1154 negaverit
2105 1089 2159 1134 me
2175 1090 2293 1138 coram
2310 1061 2535 1152 hominihus,
2561 1091 2640 1136 nn

583 1197 636 1254 est
656 1183 756 1251 locus
771 1197 849 1248 meo
864 1171 1021 1244 sertnoni
1037 1171 1075 1239 in
1092 1167 1212 1252 vobis,
1237 1169 1275 1235 id
1292 1180 1363 1250 est,
1387 1188 1465 1234 non
1481 1163 1577 1234 subit
1629 1169 1720 1257 gabo
1752 1189 1832 1236 enm
1858 1191 1976 1236 coram
2004 1179 2102 1258 patre
2130 1191 2208 1237 meo
2230 1168 2383 1238 coelesti.
2441 1167 2552 1238 ltcm:
2583 1167 2614 1240 si
2639 1191 2640 1212 t

583 1285 724 1357 animos
753 1292 899 1350 vestros.
955 1272 1053 1363 Quia
1085 1270 1217 1340 scilicet
1246 1283 1360 1339 restra
1382 1268 1491 1357 eulpa
1519 1289 1577 1334 re-
1629 1269 1711 1363 quis
1740 1268 1837 1339 aliud
1868 1263 2102 1358 Evangelimn
2133 1270 2310 1356 docuerit,
2350 1264 2539 1342 anathema
2568 1269 2614 1346 sit,

583 1383 770 1480 pugnatis,
792 1397 830 1450 'et
849 1394 926 1448 nen
949 1375 1057 1446 vultis
1074 1371 1256 1456 assentiri,
1282 1392 1363 1440 curn
1382 1367 1578 1438 manifestis
1632 1372 1688 1442 Ad
1719 1365 1808 1440 haec
1835 1369 1911 1440 loca
1938 1373 2109 1439 addamus
2129 1369 2263 1442 clarum
2287 1371 2532 1443 testimoninm
2560 1368 2615 1443 hoc
2639 1389 2640 1406 ¹

588 1486 802 1562 testimoniis
811 1481 898 1564 Dei,
924 1492 976 1549 tet
995 1475 1176 1545 miraculis
1190 1468 1505 1563 etProphetarum
1523 1471 1580 1538 di·
1633 1475 1731 1556 locu,
1756 1471 1818 1566 qui
1837 1476 1880 1542 de
1898 1468 1954 1541 his
1970 1472 2055 1565 ipsis
2073 1474 2132 1566 qni
2151 1471 2293 1544 titulum
2311 1475 2478 1545 tenebant
2494 1475 2614 1564 guber.

587 1593 654 1661 ctis
685 1605 747 1657 vos
772 1583 996 1656 convincam.
1064 1574 1215 1647 Causam
1245 1575 1355 1666 igitur
1376 1572 1581 1643 reiectionis
1633 1589 1797 1644 natorum
1814 1574 1959 1665 populi,
1983 1588 2018 1644 et
2035 1575 2223 1644 exsemine
2239 1571 2495 1647 Abrahaenati
2513 1591 2616 1662 erant,

588 1716 664 1762 non
679 1677 778 1774 Deo,
798 1689 863 1756 'sed
886 1679 1060 1752 voluntati
1084 1679 1233 1747 istorum
1258 1677 1404 1762 tribuit,
1422 1675 1492 1767 ‘qui
1517 1675 1581 1744 ad·
1633 1689 1734 1748 erant
1754 1675 1972 1762 circumcisi,
1999 1689 2033 1745 et
2056 1676 2296 1766 fungebantur
2312 1677 2510 1748 ministerio
2530 1679 2614 1748 ordi-

589 1804 778 1862 versantur
807 1783 1022 1874 Evangelio,
1052 1780 1145 1850 sicut
1175 1780 1260 1849 alias
1290 1779 1396 1850 dicits
1432 1776 1583 1865 Quoties
1635 1778 1735 1850 nario
1761 1778 1977 1868 intemplo,
2007 1800 2168 1869 capresse
2192 1779 2327 1872 inquit:
2362 1777 2436 1850 Vos
2461 1803 2504 1850 ex
2530 1793 2615 1870 patre

569 1895 687 1966 '‘volui
706 1915 767 1963 vos
781 1905 995 1980 congregare
1012 1896 1045 1954 et
1058 1882 1240 1953 noluistis.

629 2105 719 2205 Ego
740 2098 842 2206 quod
865 2095 943 2172 vidi
961 2094 1069 2197 opud
1088 2105 1231 2194 patrem
1251 2119 1370 2166 meam
1395 2090 1538 2192 loquor.

694 2261 786 2334 Cum
813 2274 914 2331 antea
938 2255 1164 2328 concessisset
1187 2250 1338 2321 ludaeos
1359 2251 1585 2318 adversantes

594 2390 668 2438 esse
704 2386 824 2435 semen
857 2355 1042 2444 Abrahae,
1082 2351 1141 2425 hic
1180 2354 1280 2423 addit
1317 2350 1582 2421 correctionem.

591 2463 688 2540 Estis
703 2489 823 2536 semen
842 2464 1036 2531 secundum
1053 2480 1215 2539 carnem,
1241 2455 1301 2523 sed
1322 2477 1442 2522 revera
1462 2470 1494 2524 et
1512 2452 1586 2543 spi-

592 2573 664 2641 ritn
682 2594 755 2640 non
772 2566 853 2636 estis
870 2563 935 2633 filii
950 2554 1135 2643 Abrahae,
1161 2559 1220 2626 sed
1238 2555 1302 2624 lilii
1318 2555 1473 2635 diaboli,
1497 2555 1583 2651 qnia

594 2675 677 2744 estis
692 2663 1021 2750 bostes'Evangelii,
1048 2675 1082 2732 et
1095 2659 1294 2728 interficitis
1307 2661 1466 2726 membra
1482 2679 1584 2725 verae

593 2773 773 2846 Ecclesiae
787 2768 867 2841 Dei.
918 2763 987 2834 Hic
1010 2763 1210 2834 doctrinam
1228 2759 1339 2830 tradit
1355 2758 1585 2828 neeessariam

595 2877 735 2964 cognita
763 2873 803 2942 in
830 2883 927 2941 tanta
949 2867 1166 2936 iudiciorum
1188 2859 1376 2944 varietate,
1407 2884 1513 2948 saepe
1537 2855 1587 2943 hi,

595 2981 661 3072 qni
685 2973 917 3045 dominantur
945 2971 984 3039 in
1008 2963 1185 3050 Ecclesia,
1214 2979 1249 3035 et
1273 2977 1419 3054 propter
1439 2962 1583 3031 titulum

595 3080 754 3150 iactitant
784 3099 821 3144 se
848 3097 922 3142 esse
951 3069 1140 3162 praecipua
1170 3067 1328 3134 membra
1355 3063 1478 3154 populi
1509 3062 1585 3147 Dei,

597 3194 681 3253 scint
705 3199 848 3271 prorsus
870 3190 966 3246 extra
987 3169 1205 3256 Ecclesiam,
1229 3181 1264 3236 et
1286 3179 1406 3236 tamen
1426 3166 1587 3254 flagitant

595 3279 848 3359 obedientiam,
874 3278 1001 3346 volunt
1016 3271 1133 3342 audiri
1147 3284 1181 3340 et
1195 3268 1382 3360 approbari
1395 3291 1477 3335 suos
1488 3290 1587 3335 erro·

596 3412 653 3458 res
675 3395 820 3477 propter
841 3381 978 3462 locum,
1004 3396 1063 3445 seu
1086 3371 1340 3442 successionem
1355 3369 1588 3452 ordinariam,

597 3494 769 3560 damnant
799 3504 960 3552 errorum
984 3471 1313 3569 reprehensionem,
1340 3482 1509 3564 tanquam
1533 3494 1588 3539 se.

598 3590 764 3661 ditiusam
795 3600 830 3655 et
860 3583 1087 3671 dissipantem
1118 3575 1309 3649 Ecclesiam
1341 3569 1419 3645 Dei.
1471 3571 1588 3642 *Porro

598 3696 780 3765 moderata
808 3684 955 3774 imperia
986 3696 1113 3750 rratnra
1138 3693 1256 3748 amant
1275 3674 1467 3769 politicum
1491 3675 1590 3743 ordi·

598 3820 682 3867 nem
717 3807 751 3860 et
783 3801 987 3880 potestatem
1019 3780 1256 3862 ordinariam,
1295 3791 1329 3847 et
1351 3798 1451 3864 aegre
1476 3776 1589 3845 disce·

589 3880 687 3968 'dant
708 3896 753 3963 ab
775 3916 834 3980 ea,
861 3890 943 3955 ideo
960 3906 1096 3987 semper
1114 3879 1217 3950 multi
1235 3878 1428 3948 imbecilles
1445 3892 1591 3970 propter

598 3996 666 4071 hos
683 4005 899 4087 praetextus,
925 3987 1060 4057 etiamsi
1079 3996 1275 4072 agnoscunt
1291 4002 1446 4067 errores,
1472 3995 1589 4051 tamen

602 4101 765 4196 quodam,
785 4092 903 4162 studio
927 4086 1138 4158 concordiae
1163 4106 1266 4153 saarim
1290 4082 1463 4153 indicium
1486 4082 1590 4151 dissi-

602 4202 752 4271 mulant.
804 4192 926 4286 ltaque
940 4186 1175 4282 prudentibus
1189 4199 1223 4256 ct
1238 4208 1320 4255 vere
1329 4182 1444 4255 Deum
1461 4186 1591 4256 timen-

600 4306 719 4386 tibus,
743 4310 834 4367 certa
862 4308 895 4365 ct
921 4291 1102 4384 perspicua
1125 4287 1393 4389 conlirmationc
1415 4311 1504 4376 opus
1529 4302 1591 4368 est,

602 4405 699 4501 qnod
715 4419 854 4469 necesse
868 4396 913 4466 sit
928 4390 1108 4462 adversari
1124 4390 1321 4473 erroribus,
1347 4402 1380 4459 et
1396 4392 1489 4484 qood
1509 4412 1593 4480 pro-

601 4524 680 4601 pter
714 4502 857 4575 titulum
887 4494 1069 4587 potestatis
1100 4491 1370 4579 ecclesiastieae,
1414 4514 1489 4559 non
1520 4491 1592 4559 sint

601 4607 759 4680 membra
790 4598 986 4674 Ecclesiae,
1027 4595 1088 4664 sed
1111 4606 1263 4685 propter
1290 4592 1520 4683 pertinaciam
1554 4593 1591 4661 in

601 4708 803 4790 erroribus,
831 4715 864 4773 et
878 4697 1139 4780 crudelitatem,
1167 4694 1238 4764 sint
1255 4689 1372 4763 hostes
1386 4690 1470 4777 Dei,
1495 4706 1592 4762 extra

600 4810 797 4884 Ecclesiam
822 4830 840 4873 a
855 4800 931 4872 Deo
955 4799 1056 4870 eiecti
1073 4812 1106 4866 et
1121 4796 1359 4887 relinquendi.
1412 4792 1489 4864 Hac
1505 4818 1594 4864 con-

602 4914 774 4987 solatione
793 4906 897 4976 nobis
912 4927 1007 4973 nunc
1024 4900 1124 4968 valde
1139 4923 1228 4990 opus
1243 4911 1305 4965 est.
1355 4894 1591 4989 Praecipuum

602 5025 848 5107 argumentum
878 5020 929 5075 cst
957 5003 1154 5094 sapientum
1185 5013 1218 5069 et
1244 4998 1470 5089 politicorum
1497 5000 1592 5067 viro·

539 5174 544 5193 1
604 5143 704 5198 raim,
743 5112 839 5207 quod
878 5108 928 5176 sic
957 5105 1084 5175 sentiat
1111 5100 1267 5171 Ecclesia
1302 5100 1424 5170 multis
1454 5101 1592 5175 seculis.

604 5220 712 5309 Quod
733 5214 938 5287 labefactata
963 5206 1148 5276 autoritate
1169 5203 1299 5273 summi
1322 5205 1449 5293 gradus
1470 5205 1506 5271 in
1525 5200 1592 5271 Ec-

604 5322 708 5391 clesia
724 5309 1085 5409 sequantnr'inlinitac
1101 5306 1365 5395 dissipationes,
1392 5328 1482 5397 qnae
1498 5305 1592 5373 obli-

605 5426 747 5490 vionem
773 5432 806 5486 et
831 5414 1013 5483 interitum
1031 5408 1218 5476 universae
1232 5407 1416 5496 religionis
1430 5408 1593 5493 afferant,

598 5541 638 5597 et
656 5520 724 5593 hoc
740 5530 920 5613 praetextu
934 5512 1165 5583 stabiliuntur
1180 5532 1329 5583 errores.

708 5656 785 5727 Etsi
813 5665 929 5722 antem
959 5644 1121 5717 homines
1149 5644 1225 5713 sani
1247 5668 1321 5713 non
1346 5656 1494 5736 possunt
1518 5666 1592 5713 non

1635 1880 1779 1952 diabolo
1799 1880 1902 1966 estis,
1929 1894 1965 1952 et
1983 1879 2187 1971 capite10.:
2213 1877 2287 1953 Vos
2302 1905 2375 1950 non
2391 1881 2473 1952 estis
2491 1907 2535 1950 ex
2552 1883 2616 1950 ovi·

1637 1981 1817 2056 bns'meis.
1849 1977 1906 2054 Ad
1923 1977 2008 2052 haec
2024 1981 2117 2055 dicta
2128 1983 2531 2075 adiungamusexempla
2542 1981 2616 2052 Pro-

1635 2079 1842 2178 phetarum,
1877 2077 2011 2183 Christi
2041 2097 2074 2154 et
2103 2081 2378 2178 Apostolorum,
2413 2086 2475 2178 qui
2505 2107 2616 2157 omnes

1637 2188 1682 2258 ab
1705 2185 1886 2258 ordinaria
1913 2198 2084 2278 potestate
2104 2187 2357 2264 dissenserunt.
2406 2183 2475 2256 His
2497 2185 2617 2258 eruditi

1637 2314 1676 2360 ac
1709 2287 1839 2357 muniti
1863 2287 2094 2374 testimoniis,
2127 2313 2200 2361 non
2223 2291 2465 2359 deterreamur
2487 2315 2507 2358 a
2531 2303 2617 2358 recta

1637 2388 1829 2474 sententia,
1852 2414 1933 2460 cnm
1954 2392 2147 2482 opponitur
2168 2391 2293 2465 titulus
2307 2385 2483 2460 Ecclesiae
2500 2394 2541 2462 ad
2559 2394 2617 2460 de·

1637 2492 1834 2562 sensionem
1857 2516 2038 2577 errorum,
2063 2493 2123 2562 scd
2149 2517 2222 2564 non
2248 2493 2419 2584 fingamus
2434 2493 2499 2584 ipsi
2515 2515 2618 2562 novas

1637 2594 1842 2686 opiniones,
1866 2617 1929 2664 nec
1951 2591 2082 2665 temere
2098 2610 2242 2686 propter
2258 2608 2377 2666 nostra
2397 2595 2514 2664 deliria
2530 2617 2614 2662 con·
2640 2643 2641 2652 κ

1637 2698 1821 2768 turbemus
1840 2689 2055 2786 Ecclesiam,
2081 2698 2142 2766 sed
2164 2711 2301 2768 tanturn
2323 2696 2377 2763 ibi
2397 2697 2617 2764 adversemur

1639 2799 1840 2868 ordinariae
1865 2798 2049 2889 potestati,
2080 2797 2145 2868 ubi
2168 2809 2262 2868 certe
2285 2797 2413 2867 veritas
2432 2799 2559 2868 tradita
2580 2795 2620 2863 in

1637 2901 1747 2969 verbo
1780 2896 1847 2967 Dei
1875 2913 1910 2969 et
1940 2900 2141 2990 apostolicis
2171 2897 2403 2980 testimoniis,
2442 2898 2533 2989 cogit
2558 2919 2623 2968 nos

1638 3000 1818 3072 adversari
1835 3001 1932 3072 salsis
1947 3001 2191 3094 opinionibus.

1741 3131 1905 3222 Longum
1937 3127 1998 3204 hic
2023 3147 2201 3204 certamen
2226 3132 2440 3208 describitur
2463 3131 2503 3202 in
2524 3145 2624 3211 terto,

1639 3235 1701 3306 ubi
1726 3236 1949 3306 contendunt
1971 3236 2162 3306 adversarii
2186 3232 2338 3321 Christi,
2361 3259 2401 3306 se
2421 3259 2497 3304 esse
2517 3259 2624 3326 popu-

1643 3340 1715 3409 lum
1736 3335 1820 3422 Dei,
1845 3352 1987 3408 econtra
2005 3335 2168 3408 Christus
2191 3353 2304 3428 negat.
2357 3335 2473 3408 Totus
2496 3332 2555 3404 hic
2577 3337 2623 3404 ts·

1641 3461 1702 3510 cus
1726 3438 1911 3530 praecipue
1926 3435 2018 3509 banc
2037 3439 2233 3511 doctrinam
2253 3439 2431 3521 continet,
2458 3438 2626 3521 videlicet,

1641 3565 1687 3610 ne
1710 3563 1918 3610 moveamur
1933 3542 2037 3611 titolo
2053 3536 2231 3613 Ecclesiae
2248 3542 2285 3611 in
2301 3540 2518 3613 refutatione
2535 3566 2626 3611 erro·

1642 3666 1743 3726 rom,
1769 3643 1829 3712 sed
1844 3642 1995 3713 sciamus
2011 3644 2206 3732 pertinaces
2221 3646 2422 3717 defensores
2439 3644 2628 3735 impiarum

1642 3744 1855 3837 opinionum
1877 3758 1973 3815 extra
1996 3740 2191 3815 Ecclesiam
2216 3769 2301 3821 esse.
2366 3744 2465 3817 Haec
2488 3762 2543 3817 est
2567 3745 2627 3836 piis

1644 3847 1836 3917 necessaria
1858 3860 1892 3917 et
1914 3846 2029 3915 dulcis
2043 3848 2271 3935 consolatio,
2296 3862 2450 3919 econtra
2459 3848 2631 3937 cogitetur

1643 3972 1750 4042 quam
1772 3947 1883 4019 tristis
1904 3950 2156 4021 condemnatio
2175 3950 2242 4033 sit,
2282 3953 2377 4044 qnod
2402 3950 2489 4022 dicit
2518 3948 2629 4021 hostes

1644 4073 1728 4121 suos
1749 4075 1790 4121 cx
1815 4064 1915 4141 patre
1936 4052 2081 4123 diabolo
2101 4074 2195 4137 esse,
2225 4046 2294 4123 boc
2315 4067 2383 4137 est,
2410 4047 2534 4123 hostes
2559 4050 2631 4131 Dei,

1644 4152 1798 4223 abiectos
1826 4152 1866 4225 in
1895 4166 2077 4225 aeternum
2103 4153 2270 4239 exitium,
2302 4154 2459 4245 captivos
2484 4151 2630 4233 diaboli,

1644 4268 1862 4340 excaecatos,
1896 4278 1999 4326 caeco
2028 4256 2149 4326 furore
2177 4270 2320 4327 ruentes
2353 4270 2476 4326 contra
2504 4254 2633 4335 Deum,

1643 4368 1767 4427 contra
1788 4353 2043 4447 Evangelium,
2068 4370 2191 4428 contra
2216 4380 2333 4427 veram
2348 4354 2415 4427 Dei
2436 4356 2634 4427 invocatio-

1644 4482 1748 4541 nem,
1774 4472 1898 4529 contra
1921 4483 2023 4529 veros
2042 4460 2176 4545 cultus,
2202 4473 2325 4529 contra
2342 4483 2466 4529 verum
2482 4456 2559 4530 Dei
2577 4481 2632 4547 po·

1644 4560 1785 4652 polum,
1809 4560 1901 4633 sicut
1917 4562 2139 4653 rapiuntura
2156 4560 2321 4651 diabolo,
2347 4574 2388 4631 nt
2401 4560 2489 4633 Saul
2508 4587 2555 4631 ex
2573 4558 2635 4629 alio

1643 4662 1772 4732 scelere
1796 4661 1834 4731 in
1853 4663 1957 4733 aliud
1980 4664 2192 4754 impellitur,
2225 4662 2409 4743 Marcion,
2444 4658 2636 4735 Mahome·

1646 4777 1719 4848 tus,
1746 4761 1874 4851 Arius,
1900 4789 1942 4835 ex
1964 4766 2044 4835 aliis
2067 4765 2201 4835 deliciis
2218 4765 2258 4835 in
2273 4766 2341 4835 alia
2359 4764 2450 4857 lapsi
2465 4780 2580 4854 sunt,
2608 4776 2639 4831 et

1645 4864 1852 4955 polluerunt
1882 4890 1919 4935 se
1946 4867 2158 4939 libidinibus
2193 4880 2227 4939 et
2264 4866 2365 4937 omni
2400 4869 2638 4958 turpitudine.

1646 4966 1748 5037 Hanc
1769 4967 1949 5039 miseriem
1965 4970 2088 5039 talium
2106 4983 2365 5041 excaecatorum
2383 4970 2561 5041 describit
2579 4968 2640 5039 tri·

1644 5070 1805 5140 stissimis
1824 5071 1940 5142 verbis
1953 5083 2079 5163 textus,
2104 5071 2256 5141 recitans
2272 5069 2387 5165 qualis
2399 5072 2446 5142 sit
2460 5072 2638 5143 diabolos

1696 5282 1773 5358 Ille
1804 5280 1992 5357 homicida
2023 5296 2103 5358 crat
2131 5284 2181 5357 ab
2204 5284 2334 5377 initio,
2367 5294 2399 5359 ct
2420 5286 2461 5359 in
2486 5288 2641 5359 veritate

1746 5412 1821 5458 non
1842 5389 1951 5463 stetit.

1746 5537 1829 5610 Non
1853 5543 1929 5611 sine
1950 5566 2078 5631 magno
2100 5542 2225 5613 dolore
2244 5538 2330 5613 haec
2346 5566 2366 5613 a
2382 5538 2533 5615 Christo
2553 5544 2642 5614 dicta

1645 5653 1747 5727 sunt,
1770 5643 1951 5712 diabolum
1970 5643 2075 5715 initio
2090 5642 2198 5715 luisse
2210 5640 2444 5730 homicidam,
2471 5648 2642 5717 meminit

604 5760 739 5833 moveri
754 5754 824 5826 boc
842 5750 1021 5844 plausibili
1037 5759 1263 5836 argumento,
1288 5758 1408 5815 tamen
1424 5740 1508 5845 huie
1525 5740 1593 5813 ho-
1646 5744 1755 5834 primi
1787 5745 1904 5835 lapsus
1934 5740 2101 5833 hnmani,
2133 5759 2169 5818 et
2198 5747 2325 5836 cogitat
2347 5748 2539 5817 diabolum
2564 5750 2642 5819 odio

603 5888 728 5935 manae
753 5856 944 5952 sapientiae
967 5851 1119 5923 sciamus
1139 5848 1409 5919 anteferendum
1427 5870 1500 5917 esse
1515 5846 1591 5943 pri·
1645 5843 1715 5918 Dei
1741 5846 1909 5918 avulsisse
1929 5870 1951 5917 a
1969 5842 2046 5920 Deo
2068 5842 2479 5941 generatumanum,er
2492 5864 2642 5943 propter
