5825 6950
579 660 655 735 esc
1169 634 1299 713 earn
1323 626 2009 713 urnscnurarxnorrrcs.
2296 622 2297 627 ‘
2366 733 2370 739 Ι
2505 646 2553 727 oa

583 830 779 904 sandoro
801 822 878 904 illi.
910 818 975 915 qui
993 811 1197 889 &tubulus
1217 808 1264 880 td
1280 820 1415 879 cenum
1431 824 1579 897 scopum
1628 832 1770 899 sumus,
1793 832 1856 883 seu
1870 834 1939 907 qua
1954 829 2020 881 nos
2033 807 2133 883 Deus
2146 806 2418 901 reputatiostos.
2463 810 2560 891 chain

584 935 749 1025 dirigunt
762 928 895 1011 telum,
917 924 968 993 ita
988 916 1108 990 omnis
1128 910 1241 984 animi
1262 909 1428 1001 cogitatio
1446 908 1492 979 ad
1509 918 1581 977 ata·
1629 909 1716 983 haec
1739 913 1984 1005 intelligentur
2007 934 2087 981 carm
2112 910 2302 983 definietur
2321 912 2421 983 ctiam
2449 907 2560 991 hum...

586 1053 687 1118 tam,
711 1028 870 1101 velutad
887 1045 1033 1117 scopum
1050 1015 1233 1107 dirigenda
1249 1026 1313 1085 est·
1369 1009 1527 1082 Proinde
1540 1006 1582 1077 in
1631 1016 1769 1087 iusticie
1787 1038 1850 1086 seu
1863 1014 1979 1086 civilis
1996 1012 2134 1086 iusticia
2145 1022 2161 1099 ,'
2181 1038 2272 1108 qnae
2288 1015 2561 1107 colligitur'nostn's

587 1136 658 1209 bac
678 1132 841 1225 Epistola
865 1123 1033 1219 inprimis
1054 1117 1297 1190 observandus
1313 1126 1366 1184 est
1385 1106 1447 1183 hic
1467 1114 1581 1195 locus,
1633 1116 1770 1188 viribus
1785 1131 1819 1190 et
1832 1116 2021 1212 operibus,
2046 1129 2081 1186 et
2106 1138 2186 1185 cum
2211 1116 2271 1185 fiet
2291 1117 2490 1208 comparatio
2506 1122 2564 1191 dci·

567 1224 677 1313 'baec
692 1231 901 1327 principalis
915 1240 966 1298 est
982 1224 1092 1297 totius
1104 1241 1228 1290 causae
1251 1215 1468 1309 propositio,
1495 1207 1582 1282 haec
1634 1220 1825 1293 mirionum,
1882 1216 2044 1307 Quantae
2068 1231 2186 1295 autem
2207 1218 2455 1289 consolationes
2474 1221 2506 1291 in
2522 1218 2566 1294 bae

589 1340 753 1412 definitio
781 1348 835 1404 est
854 1326 1079 1402 Christianae
1103 1320 1279 1399 iusticiae,
1313 1319 1410 1412 quod
1443 1313 1583 1386 iusticia
1634 1323 1715 1393 loco
1742 1320 1873 1393 territis
1902 1319 2127 1393 conscientiis
2158 1320 2358 1412 propositae
2383 1322 2467 1402 siut,
2500 1326 2567 1395 nulla

591 1446 640 1516 sit
669 1442 831 1520 eredere,
871 1433 968 1527 quod
999 1439 1143 1521 propiet
1164 1416 1349 1493 chrisum!
1374 1419 1411 1487 5ss
1435 1416 1584 1508 gratiam
1638 1420 1869 1495 voshurnaua
1879 1422 2126 1523 prodignitate
2141 1422 2313 1513 explicare
2324 1436 2439 1515 potest.
2461 1422 2568 1495 Etiamsi

591 1544 704 1639 patris
721 1538 956 1631 recipiamur,
982 1528 1078 1624 quod
1094 1521 1258 1596 Christus
1279 1523 1325 1594 sit
1347 1523 1528 1612 redemtor
1549 1530 1588 1590 et
1638 1525 1755 1597 desint
1769 1548 1895 1618 opera,
1919 1539 2037 1595 tannen
2060 1525 2246 1593 credamus
2269 1546 2336 1593 uos
2358 1540 2487 1617 propter
2497 1522 2569 1597 Chat

594 1640 911 1741 propitiatorium,
951 1634 1046 1727 quod
1071 1638 1217 1721 Pfflttiflf
1238 1648 1320 1695 ²⁰¹⁰
1348 1622 1477 1712 gratis,
1510 1620 1587 1691 ⁸5⁰²
1639 1640 1882 1719 stomapatre
1897 1628 1935 1697 in
1953 1625 2101 1717 gratiam
2117 1624 2227 1716 recipi
2249 1625 2367 1715 gratis.
2420 1624 2570 1699 Nanbaer

596 1748 730 1819 nostris
747 1740 881 1811 meritis
898 1735 1153 1818 iustifieemur,
1177 1727 1206 1796 si
1223 1725 1417 1796 credamus.
1642 1730 1783 1802 iusticia
1797 1729 1873 1799 sine
1890 1730 1965 1818 lege
1990 1728 2129 1819 patefit,
2144 1717 2372 1819 ”blasphemia
2395 1740 2444 1798 aar
2455 1728 2488 1798 in
2499 1724 2570 1798 chri.

661 1862 672 1894 ¹
700 1840 902 1936 Propositio
925 1836 1108 1930 aliquanto
1136 1829 1301 1923 pluribus
1325 1826 1442 1897 verbis
1464 1822 1590 1895 vestita
1644 1845 1757 1918 etum,
1782 1846 1816 1901 et
1832 1828 2075 1922 propiciatorii
2092 1823 2345 1921 prophanatio,
2373 1854 2441 1898 uon
2461 1830 2571 1921 accipere

598 1966 663 2023 est.
724 1945 912 2017 Accedunt
938 1938 1034 2010 enim
1061 1930 1356 2006 tirsumtittssfiee·
1414 1924 1511 1997 Hm
1534 1925 1591 1995 5¹1-
1642 1932 1940 2013 consolationem,
1975 1954 2049 2001 non
2073 1930 2181 2020 erigi,
2214 1931 2335 2001 oblata
2358 1952 2419 2025 per
2438 1927 2570 2002 Christro

599 2052 699 2126 stiria
715 2071 805 2143 quae
821 2042 940 2137 patefit
954 2042 993 2110 in
1002 2034 1222 2127 Evangelio,
1248 2032 1334 2101 olim
1352 2041 1386 2100 et
1401 2023 1592 2119 aProphe-
1644 2036 1802 2129 iusticia,
1828 2036 1887 2103 sed
1914 2036 2118 2124 desperare,
2151 2031 2234 2126 quia
2257 2032 2372 2103 desint
2393 2030 2484 2102 nobis
2502 2054 2572 2124 opert

559 2157 647 2240 ¹ris
667 2149 865 2245 praedicata
889 2157 952 2214 est.
1009 2136 1098 2214 Item
1123 2161 1165 2208 cx
1183 2133 1379 2207 contrario.
1430 2127 1593 2203 Christus
1643 2139 1749 2208 bona.
1799 2134 1864 2206 Est
1878 2148 1913 2205 et
1928 2130 2145 2225 blasphemia
2160 2134 2291 2224 eligere
2308 2156 2411 2228 opera
2431 2129 2487 2203 hac
2501 2146 2573 2225 spart

471 2316 478 2329 .
600 2252 766 2351 al’l’amit
782 2250 858 2317 ‘5¹¹⁹
872 2247 980 2335 ¹⁹8²(
1644 2239 1834 2330 opinione,
1867 2251 1908 2308 ut
1924 2261 1986 2328 per
2001 2260 2042 2306 ea
2065 2234 2309 2311 iustificamur.
2367 2237 2408 2306 ln
2428 2231 2504 2307 banc
2520 2256 2573 2303 seo·

705 2350 771 2423 Est
798 2367 834 2421 et
856 2341 944 2418 haec
971 2340 1144 2437 particula
1171 2338 1266 2411 iuter
1293 2334 1447 2425 insignes
1486 2328 1594 2405 huius
1644 2341 1790 2415 tentiam
1828 2340 1988 2433 sequitur
2017 2338 2266 2430 amplificatio,
2306 2337 2437 2409 exclusa
2463 2351 2504 2409 est
2525 2336 2574 2427 glo·
2606 2375 2607 2447 q

602 2454 786 2551 Epistulae
801 2446 992 2521 sententias
1006 2464 1218 2533 magnopere
1233 2439 1467 2518 observanda,
1494 2436 1589 2528 quod
1644 2444 1762 2517 stacio,
2606 2448 2607 2453 ι

605 2561 685 2632 sine
701 2558 777 2647 lege
798 2551 951 2625 revelata
970 2548 1015 2617 sit
1039 2543 1177 2615 iusticia
1197 2537 1277 2613 Dei.
1335 2541 1452 2610 Docet
1476 2553 1593 2609 autern

606 2685 683 2733 non
706 2656 843 2742 venisse
866 2648 1070 2734 Christum,
1115 2659 1154 2716 ιιι
1174 2643 1287 2734 legem
1309 2642 1437 2725 ierret,
1471 2651 1510 2709 ut
1533 2662 1596 2730 per

606 2777 730 2835 nostra
761 2779 868 2849 opera
891 2770 1111 2823 mereremur
1133 2744 1324 2818 iusticiam:
1363 2742 1425 2813 sed
1449 2742 1598 2827 venisse,

607 2880 649 2936 ut
663 2861 770 2955 gratie
787 2859 862 2927 sine
879 2852 1010 2924 nostris
1025 2848 1161 2920 meritis
1177 2849 1360 2917 credentes
1382 2842 1598 2917 iustificaret.

608 2960 764 3037 Memini
791 2954 1018 3030 scholasticos
1038 2951 1142 3046 anxie
1166 2972 1354 3042 quaerere,
1395 2945 1597 3047 quasxleges

610 3080 750 3159 praeter
766 3060 974 3149 decalogum
996 3068 1100 3126 antea
1118 3050 1332 3135 revelatum,
1359 3042 1524 3119 Christus
1544 3062 1601 3117 tu-

610 3168 706 3241 lerit.
755 3160 866 3256 Atqui
881 3159 980 3229 nulla
997 3148 1090 3227 nova
1109 3153 1166 3223 lex
1190 3151 1392 3246 quaerenda
1417 3162 1480 3223 est.
1531 3145 1601 3216 Hic

613 3268 800 3341 manifeste
816 3262 949 3333 Paulus
963 3270 1102 3349 separat
1115 3256 1161 3325 ab
1177 3250 1373 3343 Evangelio
1395 3250 1531 3341 legem,
1562 3272 1603 3319 ac

613 3377 716 3447 docet
736 3362 918 3440 Christum
943 3362 1080 3431 adferre
1108 3356 1284 3428 iusticiam
1306 3353 1414 3445 gratis
1436 3352 1514 3421 sine
1537 3375 1602 3421 no·

615 3472 698 3548 stris
714 3469 862 3547 meritis,
887 3459 1070 3538 Christum
1085 3483 1159 3531 non
1174 3481 1248 3528 esse
1263 3455 1513 3548 legislatorem,
1541 3455 1601 3523 sed

615 3577 863 3648 redemtorem.
895 3565 968 3638 Lar
982 3587 1046 3656 per
1060 3559 1203 3632 Moisen
1218 3561 1301 3629 data
1317 3571 1388 3642 est,
1413 3580 1477 3649 per
1492 3551 1599 3627 Chri·

616 3690 711 3751 sturn
727 3674 881 3743 donatur
895 3665 1054 3737 remissio
1069 3675 1291 3755 pcccatorum
1307 3672 1342 3730 et
1351 3658 1506 3751 Spiritus
1522 3680 1602 3728 san-

617 3793 711 3853 ctus.
766 3771 901 3844 Addita
922 3780 974 3838 est
998 3762 1261 3837 circumstantia
1290 3762 1417 3844 ctiam,
1449 3762 1492 3830 ad
1515 3782 1605 3853 quos

663 3877 793 3950 ttineat
807 3869 944 3945 iusticia
959 3869 1110 3938 revelata
1122 3867 1160 3935 in
1174 3863 1382 3955 Evangelio.
1432 3861 1495 3932 Ait
1508 3862 1603 3930 enim

1747 2590 1871 2667 Sumta
1902 2601 1954 2665 cst
1982 2605 2099 2663 aurem
2130 2590 2357 2685 amplificatio
2384 2588 2575 2685 propositionis

1649 2722 1688 2767 es
1705 2696 1803 2765 finali
1827 2718 1940 2769 causa.
1992 2692 2030 2765 Si
2053 2718 2158 2785 opera
2175 2695 2262 2785 legis
2286 2695 2499 2775 iustificareot,
2516 2688 2572 2757 linis

1649 2822 1796 2891 operum
1814 2812 1902 2867 esset
1917 2795 2041 2865 mereri
2055 2800 2216 2885 gratiam.
2253 2792 2357 2867 Esset
2373 2810 2406 2868 et
2424 2794 2519 2864 fiducia
2528 2812 2575 2859 oo·
2606 2733 2609 2879 i

1649 2902 1713 2971 stri
1728 2924 1790 2971 seu
1806 2896 1969 2990 gloriatio
1985 2896 2078 2967 finis.
2130 2896 2235 2968 Nunc
2260 2913 2415 2969 cessante
2435 2916 2529 2976 musa,
2551 2902 2577 2963 rt
2609 2913 2610 2973 ι

1651 3002 1768 3087 aiunt,
1792 3015 1902 3072 cessat
1924 2998 2085 3069 effectus:
2120 3001 2292 3091 operibus
2316 3000 2441 3073 nostris
2461 2994 2580 3067 adimitur

1651 3102 1863 3175 iustificatio.
1919 3095 2018 3190 Ergo
2041 3100 2212 3172 adimitur
2232 3104 2345 3174 nobis
2368 3100 2479 3173 bducia
2500 3094 2579 3173 nostri

1654 3220 1686 3276 et
1702 3204 1879 3293 gloriatio.
1937 3198 2020 3271 Non
2043 3202 2124 3273 ideo
2148 3204 2259 3293 magis
2280 3218 2437 3277 meretur
2455 3194 2581 3271 iustificari
2610 3198 2611 3207 ’

1654 3306 1805 3378 loannes
1837 3327 1942 3399 quam
1967 3302 2198 3395 Magdalena,
2240 3306 2328 3400 qnia
2357 3305 2492 3377 loannes
2507 3297 2582 3371 corti·
2611 3390 2612 3393 Ἴ

1654 3421 1782 3480 neuter
1797 3408 1897 3482 visit.
1950 3404 2069 3500 Atque
2093 3400 2151 3476 hic
2177 3406 2298 3478 obiter
2318 3408 2478 3504 repetitur
2495 3422 2582 3498 propo
2611 3394 2612 3403 ’

1654 3513 1752 3582 sitio:
1778 3505 2009 3580 A'rbitramur
2024 3505 2207 3580 hominem
2223 3510 2405 3582 iustificari
2417 3512 2493 3593 lide,
2514 3518 2583 3574 etes-

1655 3613 1767 3684 cludit
1782 3611 2019 3694 contrarium,
2044 3612 2120 3680 sine
2138 3613 2310 3704 operibus
2326 3613 2420 3704 legis.
2466 3601 2584 3681 athan

1656 3715 1801 3784 modum
1820 3709 1975 3782 detrahit
1989 3711 2154 3782 fiduciam
2174 3714 2308 3785 nostris
2336 3715 2491 3807 operibus
2511 3722 2536 3780 et
2553 3727 2584 3772 ιι·

1656 3813 1927 3887 tisfartionihos.
1993 3812 2209 3906 Sequeretur
2238 3817 2336 3886 enim
2367 3815 2484 3886 fiducia
2503 3805 2584 3892 nostri,

619 4008 659 4052 an
680 3998 820 4060 omnes,
858 3988 893 4045 et
922 3994 1028 4062 super
1048 3989 1171 4039 omnes
1192 3967 1393 4048 credentes,
1422 3977 1457 4034 et
1478 3965 1607 4053 repetit
1655 3933 1822 4012 umqum
1839 3915 1939 4000 fini&
1964 3937 2070 4006 (ΨΜ
2084 3917 2114 3985 ⁵³
2131 3917 2373 3994 iustificatam,

619 4083 773 4177 primam
797 4073 1098 4169 propositionem,
1135 4090 1260 4138 omnes
1289 4079 1540 4158 peccaverunt,
1572 4079 1606 4136 et
1759 4065 1885 4136 Brevis
1901 4066 2084 4155 occupatio
2098 4067 2218 4140 addita
2241 4083 2312 4142 est:
2343 4069 2434 4142 Num
2458 4065 2587 4138 abolemus

622 4204 749 4258 omnes
761 4193 847 4250 sunt
866 4175 967 4246 vacui
979 4173 1092 4263 gloria
1108 4170 1173 4242 Dei
1182 4221 1196 4255 ,
1222 4169 1259 4238 id
1282 4181 1355 4252 est,
1380 4167 1513 4237 noticia
1530 4162 1609 4252 Dei,
1658 4169 1796 4261 legem?
1829 4167 1920 4238 Nam
1934 4169 2103 4238 omuibus
2118 4170 2214 4239 sanis
2229 4165 2452 4257 homiuibus,
2477 4183 2588 4239 cumat-

498 4275 502 4293 '
622 4284 753 4374 fiducia
771 4301 863 4369 ¹arga
885 4277 1012 4349 Deoro.
1069 4271 1206 4345 Sumsit
1229 4282 1479 4342 ornamentum
1503 4271 1609 4340 etiam
1659 4276 1764 4344 diunt
1787 4294 1861 4340 non
1882 4270 2009 4338 mereri
2042 4293 2107 4341 nos
2134 4273 2303 4361 operibus
2336 4275 2514 4352 iusticiam,
2543 4283 2588 4332 mr

624 4413 666 4458 ex
681 4384 788 4481 typis.
838 4375 1001 4454 Christus
1023 4387 1076 4446 cst
1095 4371 1315 4467 propositus,
1350 4385 1391 4442 ut
1412 4372 1458 4441 sit
1481 4371 1609 4462 propi7
1660 4374 1771 4464 magis
1788 4370 1956 4442 loannem
1976 4373 2102 4442 mereri
2118 4373 2315 4456 iusticiam,
2341 4401 2444 4468 quam
2459 4365 2590 4459 Magdtle

624 4487 831 4568 notorium,
850 4482 913 4552 sed
928 4502 992 4572 per
1015 4477 1139 4573 fidem,
1164 4475 1266 4569 quasi
1290 4473 1401 4554 dicat,
1427 4468 1610 4544 Christum
1660 4501 1759 4548 nam:
1786 4497 1925 4542 necesse
1943 4486 1994 4546 est
2009 4475 2053 4545 iu
2076 4491 2230 4545 merrtem
2253 4478 2392 4558 venire,
2423 4475 2506 4570 quod
2524 4471 2589 4538 licut

625 4612 700 4662 esse
717 4609 840 4657 verum
855 4583 945 4653 illud
961 4576 1275 4673 propiciatorium,
1305 4599 1371 4666 per
1393 4577 1489 4667 quod
1515 4589 1609 4668 patet
1661 4579 1813 4668 turpiter
1830 4575 1968 4659 vivere,
1990 4576 2089 4670 ¹quod
2112 4577 2168 4649 les
2198 4579 2248 4648 ita
2271 4579 2469 4660 aboleatur,
2495 4587 2528 4644 ur
2542 4589 2592 4660 pst.

625 4693 744 4764 aditus
757 4690 801 4758 ad
818 4699 966 4778 patrem.
1017 4678 1119 4751 Sicut
1141 4680 1234 4770 apud
1259 4676 1551 4769 propiciatorium
1572 4674 1611 4746 in
1659 4679 1763 4752 candi
1789 4677 1929 4748 licentia
1966 4680 2211 4754 concedatur..
2258 4678 2392 4752 Paulus
2412 4675 2593 4750 breviterrt·

626 4789 856 4864 tabernaculo
877 4783 1089 4878 promiserat
1102 4776 1217 4864 Deos,
1248 4801 1286 4848 se
1308 4780 1515 4849 auditurum
1539 4803 1614 4850 esse
1661 4783 1813 4874 spondet
1833 4781 1877 4848 ad
1900 4772 1993 4848 harro
2015 4780 2270 4867 abiectionem,
2303 4781 2492 4854 namiulm
2511 4773 2593 4844 eaden

626 4907 710 4984 rota
726 4905 761 4962 et
774 4910 894 4982 preces
909 4883 1103 4978 pontificis:
1134 4883 1197 4951 sed
1219 4902 1315 4985 cesso
1335 4903 1460 4951 omnes
1480 4905 1614 4973 propo-
1663 4883 1820 4979 quaestio
1835 4881 1976 4971 copiose
1993 4883 2210 4958 tractabitur.
2238 4879 2450 4977 lmoinquit,
2463 4901 2526 4950 non
2538 4873 2593 4944 abo·

628 4992 768 5068 titionis
786 4984 1065 5060 circumstantias
1079 4982 1237 5054 recitare.
1289 4980 1372 5052 Non
1385 4982 1480 5050 enim
1496 4985 1613 5054 scribo
1661 4983 1917 5072 lemnslegem,
1944 4983 2005 5052 scd
2027 4984 2243 5075 perficimus,
2272 4987 2357 5081 quia
2375 4989 2430 5057 lex
2452 4973 2594 5073 requisita

627 5088 936 5168 commentarium.
984 5083 1172 5160 Caeterum
1186 5082 1389 5154 meminerit
1403 5083 1514 5155 lector
1529 5109 1615 5178 pro·
1663 5087 1768 5159 nobis
1781 5084 1958 5175 justiniam
1975 5107 2094 5156 coram
2114 5082 2203 5158 Deo.
2254 5083 2384 5183 Atqui
2409 5077 2595 5156 ianristro

628 5193 818 5296 positionis
830 5210 1025 5272 summam,
1056 5199 1091 5256 et
1112 5208 1190 5254 earo
1205 5183 1389 5255 dialectico
1403 5209 1502 5256 more
1517 5211 1615 5257 corn-
1663 5188 1793 5272 credit,
1816 5186 1887 5258 iarn
1905 5200 1955 5256 cst
1969 5185 2082 5257 iustus
2104 5209 2222 5258 coram
2245 5187 2344 5275 Deo,
2364 5185 2466 5260 babet
2483 5205 2551 5270 ergo
2565 5175 2596 5242 ir·

629 5292 842 5398 prehendat.
911 5286 1053 5358 iusticia
1072 5309 1205 5384 'comm
1233 5283 1312 5357 Deo
1339 5299 1418 5378 est,
1473 5290 1616 5365 credere
1663 5291 1716 5380 gis
1730 5290 1853 5368 finem,
1881 5289 2020 5359 tametsi
2037 5304 2217 5380 peccatum
2234 5286 2351 5362 adbuc
2370 5291 2409 5361 in
2431 5275 2596 5358 eame'htr

631 5399 727 5494 quod
744 5407 888 5488 propter
903 5371 1087 5460 Christum
1102 5389 1256 5458 donetur
1270 5388 1377 5459 nohis
1390 5390 1467 5461 sine
1483 5393 1615 5462 nostris
1663 5404 1748 5464 reat.
1798 5387 1845 5459 Et
1868 5401 1984 5458 tamen
2008 5391 2102 5460 idern
2126 5391 2299 5462 versiam
2328 5383 2598 5483 agnoseirttau.

630 5498 769 5572 meritis
788 5493 945 5571 iusticia.
975 5503 1009 5560 et
1029 5487 1187 5559 remissio
1203 5501 1445 5581 ,peccatorum
1497 5495 1615 5586 Atque
1663 5516 1743 5564 vere
1759 5491 1865 5562 sentit
1879 5486 1992 5562 Deum
2007 5491 2112 5560 nobis
2134 5494 2273 5574 adesse,
2297 5517 2435 5565 servare
2455 5511 2492 5562 ae
2510 5481 2597 5558 dalea·

631 5596 894 5688 haecdebnitio
911 5605 961 5664 est
979 5590 1136 5664 iusticias
1156 5585 1392 5682 Christianae.
1443 5593 1614 5666 Sirenim
1663 5596 1747 5668 dere
1776 5595 1967 5664 credentes.
2027 5589 2123 5663 Haec
2152 5595 2287 5684 primae
2315 5594 2452 5667 tabulae
2479 5576 2597 5676 impletio

630 5701 782 5807 timendi
806 5693 1151 5796 ⁶³⁰⁸⁸V9⁶³blffl⁰⁸s
1184 5713 1264 5762 tum
1279 5690 1535 5784 Paulosoocer
1557 5697 1613 5768 iu·
1663 5710 1725 5768 cst.
1774 5694 1862 5782 item
1884 5693 2038 5784 concipit
2059 5695 2177 5767 omnis
2198 5697 2334 5785 generis
2357 5688 2598 5767 bonosafferttl

631 5803 768 5892 stiriam
792 5797 880 5885 Dei.
920 5795 1071 5884 scilieet,
1101 5817 1170 5890 quo
1195 5817 1261 5886 nos
1285 5818 1404 5888 eoram
1425 5793 1507 5890 lieo
1530 5798 1613 5870 iusti
1662 5797 1710 5874 ita
1726 5797 1899 5870 secundae
1914 5795 2059 5898 tabulae⁸
2074 5797 2218 5882 obedit,
2250 5799 2356 5874 datur
2376 5797 2466 5872 enirn
2485 5783 2599 5882 Spiritus
