5825 6950
321 706 392 781 897
588 708 689 789 xltt.
739 712 774 785 8.
800 704 1100 788 ENARRATlO
1126 708 1284 786 EPlS'l'.
1311 708 1457 790 PAULI
1484 710 1552 791 Aa
1578 713 1839 799 ROMANOS.
1896 720 1999 797 CAP.
2022 720 2087 803 ll'.
2275 729 2354 829 §90

322 884 447 957 talibus
480 882 619 961 ritibus.
680 882 854 958 Homines
880 886 1082 957 existimant
1108 883 1307 959 sares-risos
1356 888 1615 979 applicatione,
1642 893 1739 984 qnod
1757 893 1922 967 virlelicet
1943 897 2133 984 promissio
2154 924 2236 971 vera
2253 902 2348 973 alite

319 1002 380 1057 ant
395 1010 463 1057 esse
478 988 575 1077 signa
593 989 821 1079 professionis
837 1004 1010 1073 externae,
1026 1012 1087 1057 seu
1104 986 1305 1059 distinctio·
1355 992 1552 1081 pertineat,
1577 1007 1613 1065 et
1632 991 1720 1065 fides
1736 995 1882 1068 intuens
1902 999 2192 1088 promissionem,
2218 1017 2348 1079 statuat

320 1091 378 1159 nis
401 1090 491 1161 inter
515 1088 705 1173 lramines,
736 1092 829 1163 sicut
850 1090 950 1180 'l'oga
974 1090 1202 1162 discernebat
1229 1088 1306 1162 Pso-
1356 1117 1438 1165 vere
1464 1120 1528 1165 rios
1552 1095 1660 1188 recipi
1679 1111 1713 1167 et
1731 1100 1926 1171 exaudiris
1943 1100 2024 1172 Deo
2047 1118 2193 1195 propter
2211 1107 2347 1177 media-

319 1190 677 1279 manurnaGrraecis,
710 1208 773 1265 aut
795 1217 868 1263 esse
890 1194 1077 1283 allegorias
1101 1204 1237 1263 tantum
1261 1196 1305 1263 de
1355 1207 1479 1267 torem.
1533 1195 1630 1269 Haec
1659 1200 1696 1269 in
1721 1200 1813 1271 reris
1835 1202 2010 1273 exercitiis
2034 1208 2276 1277 conversionis
2311 1222 2345 1281 et

317 1296 644 1387 nostrisoperibus.
696 1294 757 1369 Sic
779 1297 1036 1389 Anabaptistas
1054 1294 1305 1369 universaliter
1354 1298 1392 1367 in
1420 1322 1502 1369 vera
1532 1300 1776 1374 consolatione
1798 1306 1891 1375 fiunt
1920 1304 2127 1378 illustriora.
2185 1306 2235 1381 Et
2259 1312 2344 1404 quia

316 1399 445 1469 docent
475 1400 779 1491 anabaptismum,
827 1423 932 1497 quem
959 1392 1110 1482 habent,
1149 1420 1223 1467 esse
1247 1398 1305 1467 di·
1353 1402 1505 1494 requirit
1538 1403 1576 1472 in
1601 1429 1666 1474 usu
1696 1421 1999 1477 sacramentorum
2027 1410 2157 1497 fidem,
2194 1412 2344 1483 manile-

316 1501 543 1571 stiartionem
581 1502 635 1570 sai
677 1516 796 1573 coetus
831 1526 851 1572 a
892 1502 1037 1571 caeteris
1080 1494 1302 1571 haminibus:
1352 1517 1445 1574 stum
1472 1518 1541 1589 est,
1568 1508 1729 1576 damnari
1757 1522 1881 1579 tetram
1900 1509 2137 1598 impietatem,
2162 1538 2252 1607 quaa
2275 1516 2343 1585 liu-

315 1604 446 1675 dcinde
471 1626 543 1673 esse
562 1604 768 1695 allegoriam
792 1605 837 1675 de
862 1604 1052 1697 patientia.
1087 1626 1178 1697 quae
1205 1627 1302 1674 com·
1351 1605 1402 1695 git
1444 1606 1506 1678 illa
1547 1633 1655 1702 opera
1698 1611 1827 1684 mereri
1867 1610 2114 1685 remissionem
2153 1642 2195 1687 ea
2236 1641 2343 1709 opera

312 1705 530 1777 monelaciat
553 1729 613 1776 eos
639 1707 793 1779 velutin
818 1707 947 1777 fluctus
969 1706 1093 1797 mergi.
1145 1706 1302 1777 Coenam
1351 1723 1508 1802 operato.

315 1808 465 1881 Domini
486 1808 610 1881 dicunt
630 1834 703 1879 esse
717 1811 843 1881 foedus
863 1825 1007 1883 mutuae
1025 1810 1302 1895 berrevolentiae,

318 1914 407 1983 sicut
425 1936 562 2003 semper
577 1914 669 2003 apud
688 1936 812 1981 omnes
828 1927 947 2001 gentes
967 1911 1165 1984 communis
1182 1935 1301 1983 mensa
1350 1905 1397 1981 Sa·
1414 1904 1478 2001 ln',
1510 1912 1578 2014 qai
1603 1937 1649 1986 ex
1677 1909 1755 2008 lege
1793 1923 1881 1985 snat
1906 1909 2099 2006 haeredes,
2141 1918 2252 1991 irrita
2288 1931 2340 1995 etl

319 2016 386 2087 luit
410 2014 761 2103 signumamicitiac.
813 2013 919 2097 Tales
941 2028 1025 2085 sunt
1042 2010 1218 2085 lrumanae
1244 2014 1301 2083 in-
1690 2016 1891 2112 promissio
1928 2027 1991 2091 ele.
2249 2008 2253 2015 ’

319 2118 587 2211 terpretationes
606 2120 650 2187 de
665 2116 920 2189 Sacramentis:
947 2118 1078 2211 quibus
1094 2116 1158 2188 etsi
1182 2129 1300 2207 postea

316 2246 400 2293 suus
418 2220 514 2291 locus
531 2220 617 2305 erit,
642 2234 760 2291 tamen
777 2220 845 2291 alia
868 2219 1074 2319 principalis
1092 2219 1302 2310 iuterpreta-

316 2326 365 2396 tio
390 2324 488 2414 prius
504 2324 656 2393 tenenda
677 2334 748 2406 est,
775 2337 810 2395 et
837 2322 1086 2395 considerandi
1108 2335 1194 2394 sunt
1215 2321 1303 2392 listas
1403 2322 1512 2395 Nulla
1539 2327 1726 2418 promissio
1757 2330 1915 2419 pendeus
1945 2354 1987 2399 ex
2019 2328 2225 2405 conditione
2252 2334 2342 2426 legis

314 2426 541 2519 principales.
1456 2441 1510 2498 est
1527 2430 1630 2499 nobis
1647 2446 1720 2501 rata
1743 2448 1778 2501 et
1802 2446 1915 2516 certa,

420 2528 568 2619 Semper
596 2540 713 2599 autem
743 2529 958 2601 antecedant
981 2528 1053 2598 duo
1090 2526 1305 2620 principales
1404 2528 1684 2602 Promissionem
1725 2534 1857 2623 gratiae
1892 2549 2031 2626 oportet
2066 2558 2140 2608 csse
2175 2554 2286 2611 ratam
2306 2554 2342 2613 et

321 2634 414 2705 anes.
468 2630 591 2714 Prior,
617 2632 712 2721 quod
737 2645 954 2703 sacramenta
972 2643 1054 2700 sunt
1072 2654 1153 2723 pars
1169 2630 1304 2722 publici
1456 2647 1608 2718 certans,
1641 2631 1754 2726 Ergo:

320 2734 527 2819 ministerii,
557 2732 640 2827 qnia
665 2734 741 2803 vult
762 2732 859 2804 Deus
880 2733 1001 2823 colligi
1026 2729 1217 2804 Ecclesiam
1245 2755 1305 2801 ex·
1406 2734 1599 2806 Promissio
1637 2738 1872 2826 gratiaegnon
1905 2740 2034 2830 pendet
2064 2764 2104 2809 ex
2133 2742 2341 2817 conditione

315 2856 421 2909 terno
440 2837 657 2921 ministerio,
676 2850 711 2905 et
728 2837 804 2907 vult
817 2860 892 2905 eam
910 2860 983 2907 esse
998 2836 1304 2926 congregationem
1457 2839 1564 2927 legis,
1587 2842 1647 2910 sed
1665 2852 1716 2909 est
1732 2840 1882 2928 gratuita
1900 2856 1935 2911 ct
1949 2842 2151 2932 accipienda
2169 2845 2251 2915 fide.

288 2940 511 3011 risibilem.
563 2938 623 3011 Sic
642 2939 836 3028 baptismus
851 2954 900 3009 est
921 2962 1000 3031 pars
1016 2938 1217 3025 ministerii,
1233 2962 1305 3032 quo
1457 2937 1538 3011 Hoc
1566 2957 1813 3030 argumentum
1848 2957 2003 3014 sumtum
2035 2959 2086 3013 est
2115 2970 2156 3015 ex
2181 2948 2342 3020 fontibus

311 3044 509 3113 visibiliter
538 3040 718 3131 colligitur
747 3038 925 3121 Ecclesia,
965 3053 999 3111 et
1027 3055 1130 3112 sonat
1163 3054 1306 3116 exteros
1355 3042 1465 3114 totius
1487 3044 1669 3114 doctrinae
1691 3044 1960 3129 ecclesiasticae,
1999 3060 2033 3116 et
2053 3060 2105 3117 est
2127 3049 2341 3123 fundamen·

313 3146 499 3217 invocatio
519 3142 653 3227 Patris,
688 3141 774 3213 Filii
795 3157 831 3213 et
856 3143 1012 3233 Spiritus
1033 3142 1156 3214 sancti.
1355 3160 1432 3215 tum
1450 3169 1490 3214 ac
1508 3139 1668 3240 σύνεχὸν
1690 3148 1800 3218 totius
1821 3148 2102 3234 controversiae,
2127 3165 2162 3220 et
2186 3154 2343 3224 ostendit

421 3246 543 3319 Coena
567 3244 713 3319 Domini
740 3258 792 3315 est
815 3268 946 3315 nervus
968 3246 1130 3333 publicae
1160 3267 1308 3335 congre·
1358 3248 1550 3317 discrimen
1581 3250 1668 3338 legis
1696 3264 1733 3319 et
1756 3244 1953 3337 Evangelii.
2011 3247 2091 3320 Erit
2113 3270 2230 3321 autem
2256 3256 2341 3325 illu-

283 3398 284 3403 ,
317 3350 495 3443 gationis,
521 3350 557 3419 in
581 3373 649 3443 qna
676 3350 752 3417 vult
776 3345 1032 3439 Deuspulrlice
1055 3363 1307 3419 sonaretotam
1349 3346 1465 3419 ¹tetrius
1485 3352 1708 3422 considerato
1731 3349 1847 3442 primo
1871 3352 2041 3449 exemplo.
2107 3350 2198 3423 Cum
2222 3352 2339 3427 Adora
2378 3379 2383 3386 ·

316 3455 519 3526 doctrinam
543 3449 751 3542 Evangelii,
785 3453 1101 3544 utscriptumest:
1140 3448 1308 3540 Quoties-
1358 3467 1391 3524 et
1406 3448 1484 3522 Eva
1500 3454 1588 3545 lapsi
1606 3467 1709 3538 sunt,
1736 3478 1809 3523 non
1833 3466 1995 3545 poterant
2017 3454 2120 3524 aliter
2140 3457 2342 3528 ratiocinari

315 3583 459 3650 cunque
485 3555 745 3636 convenientis,
772 3567 921 3626 mortem
937 3551 1085 3624 Domini
1108 3553 1308 3626 annuncia·
1359 3579 1400 3624 ex
1425 3556 1518 3645 lege,
1551 3555 1621 3627 nisi
1642 3582 1679 3626 se
1702 3557 1773 3629 iam
1794 3555 1830 3623 in
1855 3571 1928 3625 tota
1956 3559 2162 3628 aeternitate
2187 3562 2341 3632 abiectos

314 3663 400 3732 lsitis
424 3661 538 3730 donec
561 3659 708 3729 venerit·
1360 3677 1509 3738 esse,.et
1528 3675 1640 3729 totam
1655 3682 1767 3748 genus
1782 3652 1977 3726 bertrannum
1994 3659 2063 3727 iam
2082 3661 2248 3751 perierat,
2271 3665 2342 3736 nisi

422 3761 610 3834 Secundus
634 3761 714 3830 linis
731 3772 783 3838 est
799 3757 964 3850 privatim
984 3759 1027 3850 ad
1045 3758 1203 3849 singulos
1226 3782 1308 3850 per»
1358 3759 1455 3831 Deus
1480 3762 1573 3830 edita
1599 3763 1834 3851 promissione
1861 3760 2058 3831 retraxisset
2075 3786 2134 3831 eos
2152 3788 2193 3832 es
2218 3779 2341 3851 morte,

315 3869 457 3949 sinens,
493 3866 589 3956 qnod
613 3876 828 3934 sacramenta
851 3873 935 3930 suist
950 3861 1049 3950 sigua
1072 3885 1147 3930 non
1171 3873 1306 3930 tanturn
1357 3879 1391 3932 et
1412 3858 1479 3932 lrac
1504 3863 1880 3954 promissionegrasiae
1897 3863 2112 3934 condidisset
2129 3860 2339 3937 Ecclesiam:

315 3993 398 4060 erga
416 3963 599 4052 homines,
624 3968 684 4034 sed
706 3989 787 4056 erga
809 3965 946 4043 Deum,
974 3979 1008 4034 et
1030 3979 1116 4035 suen
1138 3977 1306 4058 tanquam
1357 3966 1405 4036 ita
1422 3967 1550 4035 seimus
1566 3964 1681 4035 Deum
1701 3966 1790 4034 velle
1805 3964 1876 4034 sibi
1893 3964 1929 4032 in
1946 3988 2072 4054 genere
2088 3962 2246 4039 humano
2268 3969 2342 4040 col-

315 4071 522 4144 testimonia
545 4094 606 4142 seu
631 4069 777 4158 pignora
802 4065 1049 4158 promissionis
1069 4066 1212 4156 gratiae.
1261 4063 1308 4136 Ut
1356 4068 1464 4154 ligere
1495 4084 1673 4138 aeternam
1703 4065 1934 4147 Ecclesiam,'
1955 4066 2037 4160 quia
2063 4085 2201 4160 praeter
2229 4072 2341 4162 legem

315 4201 398 4246 cum
421 4175 530 4245 verbo
554 4172 726 4242 excitatur
746 4169 832 4240 fides
856 4193 917 4258 per
940 4167 1112 4260 Spiritum
1133 4181 1305 4248 sanctum,
1356 4171 1469 4240 edidit
1490 4171 1734 4241 admirandam
1749 4167 2042 4261 promissionem,
2068 4174 2112 4241 de
2137 4173 2340 4262 mediatore,

318 4277 456 4349 accedit
485 4271 552 4344 hoc
578 4287 761 4344 externum
793 4272 1032 4342 testimonium
1064 4286 1231 4365 tarrquam
1258 4271 1305 4338 si·
1355 4275 1399 4343 de
1419 4273 1624 4363 remissione
1641 4289 1862 4361 peccatorum
1880 4273 2052 4362 gratuita,
2077 4277 2121 4344 de
2138 4277 2340 4348 reconlilia-

317 4406 450 4472 gnum,
475 4394 509 4450 et
525 4378 667 4471 quidem
684 4374 866 4464 adplicans
881 4373 1079 4461 generalem
1098 4373 1305 4464 promissio·
1354 4377 1472 4458 tione,
1504 4389 1538 4447 et
1558 4379 1602 4445 de
1619 4378 1691 4448 vita
1713 4391 1865 4450 aeterna.
1917 4372 2014 4444 Haec
2036 4375 2137 4446 initia
2160 4375 2340 4450 Ecclesiae

320 4481 652 4570 aemadsiugulos,
675 4477 800 4566 idest,
827 4476 1017 4548 testificans
1033 4476 1305 4569 promissionem
1355 4479 1644 4562 considerentur,
1678 4495 1719 4551 ut
1743 4479 1802 4549 liat
1832 4477 2054 4568 conspectior
2087 4477 2272 4568 promissio
2306 4492 2340 4552 et

316 4591 358 4656 ad
381 4585 543 4674 singulos
568 4582 756 4674 pertinere.
1354 4580 1528 4671 cogitetur
1547 4584 1729 4675 quomodo
1756 4602 1897 4671 seraper
1920 4578 2078 4649 Ecclesia
2108 4580 2254 4653 collecta
2283 4585 2340 4668 sit,

420 4685 593 4758 Nominat
608 4685 716 4772 igitur
733 4680 864 4752 Paulus
886 4681 1189 4750 circumcisionem
1206 4681 1305 4770 sigil-
1352 4698 1494 4775 atquae
1523 4707 1579 4753 res
1603 4683 1725 4753 seceris
1746 4683 1938 4753 discrimen
1972 4681 2068 4752 inter
2086 4678 2279 4752 Ecclesiam
2304 4700 2341 4757 et

319 4795 392 4862 lum
410 4788 570 4859 iusticiae
588 4785 785 4875 lidei,qaia
801 4798 873 4854 erat
890 4784 1085 4854 testiliartio
1103 4784 1140 4852 iu
1156 4807 1304 4875 corpore
1352 4779 1537 4860 Etlrnicos.
1593 4784 1736 4857 Norunt
1763 4787 1877 4873 legem
1906 4783 2067 4877 utrique,
2107 4799 2141 4854 et
2170 4799 2340 4880 utrosque

321 4887 486 4966 Abralsae
504 4917 523 4959 a
541 4889 616 4960 Deo
638 4887 788 4968 tradita,
814 4885 1133 4956 corrsmonelaciens
1155 4909 1236 4954 eum
1260 4888 1304 4954 de
1352 4888 1408 4959 lex
1423 4901 1580 4972 accuset,
1599 4891 1659 4958 sed
1676 4887 1862 4979 promissio
1880 4885 2013 4975 gratiae
2035 4885 2119 4955 sarit
2137 4887 2340 4974 discrimen,
2375 4919 2379 4928 ·

323 4993 555 5088 promissione
570 5004 603 5061 et
619 4991 808 5061 ostendens
827 4989 1096 5078 promissionem
1119 4989 1163 5056 ad
1187 4987 1303 5074 ipsum
1353 5013 1493 5081 semper
1512 4992 1608 5061 enim
1624 5005 1761 5061 tantam
1783 4989 1834 5059 itt
1856 4988 1944 5072 luit,
1975 5001 2077 5058 estet
2094 4988 2160 5058 erit
2175 4989 2340 5061 veraDei

321 5099 507 5191 pertinere.
558 5093 659 5164 Sicut
679 5106 796 5162 autem
819 5085 1002 5162 Abraham
1027 5091 1304 5162 confirmabatur
1352 5079 1623 5179 Ecclesiasulsi
1636 5108 1757 5162 manet
1771 5090 1959 5183 promissio
1980 5105 2018 5160 et
2037 5088 2235 5161 intellectus
2256 5116 2341 5182 pro.

319 5213 462 5293 accepto
486 5195 553 5268 boe
573 5220 668 5264 novo
689 5193 791 5282 signo
817 5195 861 5261 de
885 5193 1003 5278 coelo,
1034 5193 1083 5262 sic
1100 5216 1166 5262 nos
1183 5192 1221 5260 in
1237 5215 1304 5262 usu
1353 5195 1535 5265 missionis
1549 5195 1691 5285 gratiae,
1707 5192 1939 5265 sicutPaulns
1955 5192 2087 5284 inquit:
2113 5190 2339 5264 Fundamen-

316 5321 620 5376 sacramentorum
643 5294 842 5366 confirmari
862 5311 1019 5386 oportet,
1053 5296 1155 5388 quasi
1173 5317 1304 5364 novam
1354 5310 1429 5368 tum
1446 5298 1543 5368 aliud
1562 5299 1646 5388 paui
1666 5323 1739 5367 uon
1761 5310 1892 5383 potest,
1919 5310 2057 5385 praeter
2071 5295 2108 5363 id
2129 5301 2225 5387 quod
2245 5300 2340 5389 pasi-

318 5429 442 5480 rocem
458 5417 519 5474 aot
535 5403 674 5488 signum
693 5421 732 5466 es
750 5398 848 5468 coelo
873 5399 1127 5490 acciperemus,
1159 5410 1193 5466 et
1217 5396 1306 5468 scire
1356 5415 1432 5472 turn
1459 5415 1530 5483 est,
1556 5403 1653 5493 qnod
1678 5415 1732 5470 est
1754 5398 1921 5469 Christus
1949 5396 2055 5468 leons

314 5511 424 5584 nobis
455 5504 626 5602 applicari
652 5499 935 5591 promissionem.
986 5495 1058 5570 Sed
1086 5499 1305 5568 consuetudo
1457 5501 1539 5573 Sint
1562 5501 1670 5592 igitur
1694 5503 1732 5570 in
1754 5514 1941 5591 conspectu
1967 5500 2027 5568 illa
2045 5499 2160 5590 prima
2183 5503 2342 5590 example

316 5613 423 5694 iacit,
451 5608 567 5678 utilla
589 5603 790 5672 testimonia
813 5598 880 5673 Dei
913 5601 1016 5672 nolris
1039 5600 1168 5670 tradita
1192 5599 1307 5670 levius
1357 5599 1456 5674 Adae
1471 5617 1506 5674 et
1521 5601 1631 5678 Evae.
1679 5601 1728 5672 Hi
1751 5603 1934 5694 perspicue
1954 5601 2203 5672 intellexerunt
2223 5603 2341 5673 suain-

309 5725 504 5786 tricentur.
554 5704 664 5779 Recte
685 5704 794 5794 igitur
816 5703 1008 5792 cogitemus
1032 5705 1076 5772 de
1100 5727 1166 5772 usu
1190 5725 1306 5772 sacra·
1356 5729 1431 5774 rem
1455 5707 1755 5798 propositionem,
1786 5703 1894 5774 Nulla
1918 5703 2105 5793 promissio
2128 5704 2283 5792 pendeas
2298 5731 2341 5774 en

311 5833 542 5892 aneatorum,
568 5823 602 5878 et
624 5807 775 5876 sciamus
798 5829 870 5874 esse
895 5805 1029 5896 sigilla,
1055 5805 1184 5894 idest,
1210 5828 1308 5874 rom·
1356 5807 1563 5877 conditione
1582 5807 1685 5898 legis,
1709 5821 1761 5876 est
1778 5805 1882 5876 nobis
1899 5818 1973 5875 eata
1988 5819 2022 5873 et
2040 5818 2153 5888 certa,
2181 5801 2250 5901 ipsi
2275 5835 2341 5878 uo·

305 5913 599 5990 *praelectiones
616 5912 658 5978 de
675 5906 911 6000 promissione
930 5921 961 5978 et
982 5907 1242 5980 testificationes
1264 5907 1309 5975 de
1358 5921 1439 5979 rent
1455 5909 1588 5998 legem,
1611 5913 1673 5982 sed
1689 5925 1766 6003 post
1780 5909 1918 6000 lapsum
1935 5906 2180 5998 intelligebant
2195 5931 2232 5978 se
2246 5910 2341 5981 ieros.

369 6023 559 6094 hlerssrrr.
579 6016 681 6084 Orsa.
709 6008 796 6080 Vos.
814 6012 895 6084 XV.
1507 6009 1557 6087 57

1591 2165 1751 2249 Quinto
1791 2182 2094 2251 argumentans.
