5825 6950
293 719 368 793 387
705 716 788 793 xil.
839 706 1141 789 ENARRA'IIO
1169 700 1670 784 tarvannensem.
1729 700 1836 779 CAP.
1864 706 1945 784 XV.
2273 712 2348 790 tat

299 892 470 965 mandato
499 877 758 981 sbtsmpme'dst.
808 886 936 959 'Potest
965 900 999 957 st
1027 881 1102 955 boc³
1118 889 1214 955 rect'e
1237 898 1323 980 rat
1353 876 1488 947 bellum
1504 876 1638 967 patriae
1655 876 1787 951 intulit.
1839 874 1890 949 lt'a
1908 880 1946 949 in
1965 876 2120 955 Ecclesia
2136 904 2236 975 saepe
2252 890 2344 957 acria

300 994 488 1087 madai,
508 989 735 1065 poectum
751 991 1211 1081 mandatom‚.qui2oemo
1228 990 1296 1064 ota,
1351 982 1424 1062 dit,
1449 981 1591 1050 utboni
1608 981 1876 1051 viriaciniuste
1899 982 2005 1067 laesi,
2043 987 2167 1057 dolore
2191 990 2344 1061 iniuriae

300 1110 468 1187 temperat
483 1091 886 1186 boic.posecapto,'nisi
901 1088 1185 1179 etEraugelium
1201 1092 1294 1157 recte
1317 1111 1320 1130 ¹
1347 1085 1467 1171 postea
1492 1081 1626 1151 iniusta
1654 1084 1844 1153 certamina
1867 1087 2055 1159 moverint.
2108 1091 2267 1160 Difficile
2290 1109 2341 1165 est

299 1200 483 1280 didicerit,
510 1211 546 1269 et
568 1199 689 1289 aliquo
715 1198 821 1265 niodo
845 1195 1007 1265 imitetur.
1027 1188 1195 1261 haedinas
1217 1190 1293 1257 vir.
1317 1142 1321 1219 Ι
1345 1186 1437 1254 irato
1450 1196 1486 1253 et
1502 1185 1642 1273 ardenti
1661 1186 1862 1275 cupiditate
1877 1188 2073 1275 vindictae,
2098 1186 2268 1262 cohibere
2291 1218 2340 1275 se,

300 1316 382 1373 tutes
397 1294 559 1381 Christi,
584 1294 1110 1387 bumilitatemetpatiehtiam.
1152 1290 1292 1363 Oriun-
1316 1320 1319 1334 ·
1344 1310 1415 1379 quo
1434 1286 1667 1356 minusextra
1690 1303 1800 1357 metas
1822 1305 1996 1379 erumpat.
2047 1292 2115 1363 Sed
2143 1288 2229 1363 hae'c
2253 1312 2339 1369 suut

300 1420 351 1476 tur
372 1402 475 1473 enim
497 1402 644 1472 dissidia
667 1424 709 1469 ex
731 1396 789 1469 his
810 1399 926 1469 trib'us
951 1397 1131 1475 lontibus,
1172 1395 1227 1463 vel
1249 1419 1292 1463 ex
1344 1389 1485 1478 piorum
1501 1390 1682 1471 exercitia,
1710 1391 1915 1459 unnsolum
1934 1394 2042 1463 iustas
2060 1396 2248 1480 molestias,
2275 1402 2337 1469 sed

300 1505 519 1597 ignorantia,
546 1504 601 1573 vel
616 1526 657 1573 et
672 1502 886 1582 ambitione,
911 1500 1033 1569 v'el'ex
1058 1496 1289 1587 impatientia.
1343 1491 1448 1561 etiam
1473 1491 1621 1559 iniurias
1644 1494 1812 1581 perferre.
1866 1491 2016 1583 Propter
2040 1492 2103 1565 has
2127 1522 2248 1567 cattsas
2269 1496 2337 1571 hoc

399 1604 452 1677 De
474 1606 678 1695 ignorantia
701 1604 818 1698 inquit
835 1602 983 1698 Paulus:
1009 1598 1153 1669 Habent
1174 1599 1289 1667 zelum
1314 1565 1318 1635 d
1342 1588 1795 1683 arbitrorproprieChristi
1813 1598 2018 1665 enuntiatum
2034 1599 2118 1681 dici,
2132 1601 2218 1692 quia
2232 1624 2336 1672 nemo

304 1707 385 1791 Dei,
408 1710 469 1777 sed
491 1733 565 1777 uon
579 1711 773 1778 secundum
789 1706 984 1776 scientiam.
1027 1700 1199 1771 Homines
1215 1725 1288 1769 non
1341 1710 1455 1785 potest
1472 1690 1555 1763 baec
1572 1698 1701 1779 lacere,
1728 1697 1797 1765 nisi
1816 1710 1850 1765 et
1865 1697 2069 1787 intelligens
2083 1700 2334 1791 Euangelium‚

304 1825 388 1882 recte
406 1810 569 1881 instituti
594 1812 632 1877 in
650 1808 863 1896 Evangelio,
891 1820 1100 1897 sequuntur
1116 1799 1290 1873 humanas
1342 1812 1376 1866 et
1390 1798 1514 1889 ¹aliquo
1531 1799 1639 1865 modo
1664 1792 1726 1867 bas
1748 1799 1944 1886 singulares
1967 1804 2004 1869 in
2021 1799 2163 1872 Christo
2188 1806 2335 1875 virtutes

300 1912 589 2001 imaginationes,
616 1926 655 1981 ιιι
669 1908 775 1981 rdulti
790 1906 983 1979 Ecclesiam
1003 1908 1221 1995 pinxerunt,
1253 1916 1289 1973 et
1341 1899 1504 1978 imitans,
1530 1900 1681 1983 wilica,
1709 1895 1947 1971 humililtlem
1970 1916 2004 1973 θῐ
2027 1905 2255 1993 pullentium,
2289 1912 2333 1977 de

297 2017 446 2107 pingunt
479 2028 649 2107 tanquam
673 2015 890 2083 mundanam
916 2010 1097 2100 politiam,
1134 2030 1287 2100 qttnrutn
1341 2002 1713 2094 quibusipseiuquit:
1751 2000 1886 2073 Discite
1899 2013 2011 2088 ame,¹
2038 2008 2121 2099 quia
2139 2008 2239 2078 ruitis
2254 2032 2333 2079 sum

291 2119 399 2211 aliqui
418 2137 497 2186 nou
518 2117 732 2196 ambitione,
764 2123 824 2183 aut
848 2112 1067 2201 impatientia
1091 2113 1288 2179 defendunt
1341 2117 1373 2174 et
1390 2098 1536 2173 humilis
1553 2105 1669 2173 corde.

293 2214 387 2291 bunc
422 2241 606 2301 errorem,
647 2218 708 2283 sed
735 2226 874 2285 tantum
902 2213 1060 2294 inscitia,
1101 2214 1286 2305 quianon
1551 2286 1558 2303 ι

296 2334 375 2393 sunt
390 2333 489 2391 recte
507 2319 675 2390 instituti.
709 2316 872 2387 Primum
888 2316 999 2405 igitur
1013 2316 1060 2383 ad
1075 2337 1286 2383 consensum
1465 2284 1653 2359 Mffl‘lffm
1670 2282 1743 2359 7³⁶0
1758 2285 1949 2363 dt'ltclt'tmt
1965 2314 2070 2366 tiemo
2086 2286 2212 2369 dadas.

300 2422 476 2493 doctrinae
507 2436 545 2493 et
571 2422 796 2496 voluntatum
816 2424 960 2489 necesse
978 2430 1032 2488 est
1051 2430 1146 2487 recte
1166 2432 1288 2487 tenere
1440 2421 1695 2497 Dedilectione
1710 2450 1813 2497 suum
1829 2430 2028 2522 exemplum
2044 2435 2226 2523 proponit:
2248 2460 2328 2505 eum

304 2523 542 2613 Evangelium.
730 2558 735 2570 ·
827 2531 831 2538 '
998 2579 1003 2587 .
1339 2530 2056 2617 egovosdilererimindignos,vicissim
2074 2531 2163 2603 mihi
2183 2540 2330 2627 rependi

396 2624 538 2697 Deinde
567 2627 718 2699 ambitio
748 2627 881 2696 multos
910 2625 1103 2706 incendit,
1128 2636 1170 2693 ¹1¹
1192 2644 1287 2691 ¹¹⁰V³
1339 2625 1699 2715 hocdebitumvolo,
1732 2645 1773 2701 ut
1794 2635 1882 2703 bene
1904 2636 2090 2717 meritum,
2124 2650 2160 2707 et
2184 2639 2346 2730 propter*

295 2744 351 2799 aut
366 2728 557 2820 popularia
571 2731 735 2817 dtsgsnata
752 2744 937 2821 spargant,
964 2742 1004 2799 ut
1017 2726 1210 2807 claritatem
1225 2737 1288 2793 sut
1340 2756 1395 2802 me
1409 2732 1560 2821 collegas
1577 2737 1683 2813 vestri
1701 2736 1856 2803 muneris
1881 2736 2047 2827 diligatis.
2098 2736 2190 2809 Acer
2211 2755 2245 2812 et
2268 2766 2328 2811 ve-

296 2834 491 2921 potentiam
514 2852 791 2924 cousequantur.
850 2833 1031 2901 Adversus
1062 2824 1160 2897 huuc
1186 2827 1288 2895 luro-
1339 2830 1484 2906 hemena
1501 2836 1647 2906 allectus
1663 2848 1715 2905 est
1742 2837 1950 2922 aemulatio,
1982 2864 2048 2909 nec
2067 2841 2172 2911 facile
2193 2856 2245 2912 est
2267 2868 2327 2913 ae-

294 2958 364 3002 rem
391 2956 502 3001 nemo
536 2947 655 3024 potest
678 2932 812 3005 muniri
838 2935 928 3011 utta,
968 2931 1131 3025 quamvl⁸
1158 2951 1285 3017 magne
1339 2940 1437 3007 mulo
1463 2961 1621 3027 parcere,
1647 2952 1706 3007 aut
1731 2942 1873 3018 cedere,
1900 2950 1942 3009 nt
1965 2937 2132 3011 historiae
2154 2946 2328 3035 plurimo-

294 3035 507 3122 praestantia
534 3036 677 3109 virtutis
710 3036 787 3104 sine
820 3036 1000 3121 agnitione
1027 3046 1063 3103 et
1085 3032 1290 3100 imitatione
1338 3043 1574 3110 nimdocont
1629 3036 1879 3109 Themistoclis
1897 3056 1932 3111 ot
1949 3040 2147 3129 Arioniae,
2181 3044 2327 3117 Pto-felt.

294 3132 439 3208 Christi.
491 3136 564 3210 Sed
580 3134 714 3207 Christi
732 3133 968 3207 humilitatem
987 3159 1078 3205 vero.
1093 3136 1199 3203 corde
1216 3130 1286 3201 sti·
1338 3138 1567 3223 tremonia,
1594 3138 1907 3235 SyllaeetMarii‚
1932 3141 2365 3237 Caesarisotltompeit·

294 3264 359 3331 osso
389 3240 504 3307 modo
536 3242 732 3317 intuentes,
768 3241 960 3327 reprimere
979 3260 1016 3307 se
1036 3258 1179 3329 quoque
1201 3258 1285 3323 pos·
1335 3256 1516 3313 utentem
1541 3239 1667 3313 horum
1692 3245 1946 3314 aemulationes
1968 3246 2129 3337 ingentes
2151 3250 2327 3320 tumultus

293 3355 393 3424 sunt,
420 3364 468 3416 nc
493 3340 742 3439 intumescant.
792 3338 911 3409 David
932 3358 1124 3427 agnoscens
1140 3359 1182 3405 se
1202 3336 1287 3445 {¹⁰¹⁶
1337 3347 1477 3413 ethelin
1495 3343 1613 3413 civilia
1636 3348 1854 3428 excitarunt,
1881 3350 1929 3415 sic
1954 3349 1990 3415 in
2010 3346 2164 3417 Ecclesia
2187 3352 2358 3422 senata

293 3446 407 3514 tutum
424 3466 500 3512 esse
516 3443 710 3527 adulterio,
742 3444 865 3527 caede,
901 3456 940 3513 et
956 3440 1161 3532 ingentibus
1182 3460 1284 3508 scau·
1336 3444 1407 3520 Sed
1431 3443 1603 3517 Christus
1628 3448 1772 3536 reprimi
1802 3462 1836 3518 et
1857 3450 2014 3539 extingui
2037 3450 2119 3520 odia
2141 3452 2324 3545 praecipit,

295 3547 379 3616 dalis
415 3559 537 3616 motae
574 3546 778 3630 seditionis,
812 3559 1050 3635 stupratarum
1081 3542 1285 3630 coniugum,
1337 3545 1404 3620 boc
1425 3551 1582 3619 osticium
1609 3549 1678 3618 sibi
1702 3551 1823 3629 deberi
1846 3553 1968 3636 docet,
1996 3565 2036 3622 ut
2056 3554 2206 3644 collegas
2227 3577 2325 3625 ame-

299 3650 464 3718 lsttarum
483 3649 800 3724 innumerabilium
821 3649 1001 3729 caedium,
1027 3645 1150 3713 abiicit
1170 3667 1223 3726 se,
1249 3659 1285 3714 et
1335 3675 1434 3737 mus,
1460 3666 1495 3722 et
1511 3652 1567 3724 eis,
1582 3675 1780 3740 parcamus,
1806 3656 2012 3724 accedamus
2031 3669 2175 3744 propter
2195 3655 2324 3748 ipsum.

300 3751 428 3838 cogitur
445 3751 549 3820 lateri
566 3752 785 3822 semisermo
810 3763 845 3821 et
865 3747 1086 3818 horribiliter
1106 3748 1283 3817 deforma·
1334 3753 1511 3824 Eusebius
1531 3752 1729 3842 Episcopus
1752 3752 1989 3826 Caesariensis
2018 3755 2193 3828 Basilium
2224 3783 2324 3850 pres-

303 3865 368 3919 tum
395 3875 491 3939 esse,
535 3854 586 3922 sic
616 3856 661 3920 de
685 3853 759 3922 suis
783 3852 932 3944 ortisque
956 3851 1122 3920 sordibus
1143 3847 1283 3938 cogitet.
1334 3858 1520 3950 hystrum,
1562 3857 1725 3926 incensus
1745 3858 1984 3928 aemulatione
2004 3859 2204 3946 premebat,
2239 3861 2324 3952 quia'

297 3950 443 4022 Stdiam
460 3956 506 4022 ιιι]
528 3950 1284 4042 hantimaginentcottserClttisttttn,qtten·
1335 3959 1576 4028 videbotettm
1595 3972 1738 4048 propter
1760 3960 1996 4028 emditionem
2020 3961 2237 4050 *magnifiorh
2264 3958 2323 4032 hio

298 4052 610 4138 ”humiliimis
638 4060 731 4146 ‘iuml
759 4051 1024 4125 iacethristns
1045 4076 1164 4122 coram
1185 4065 1283 4141 patre
1334 4061 1476 4152 utrique
1499 4059 1731 4128 concionatur
1750 4053 1934 4144 Christus,
1960 4061 2132 4152 praecipit
2155 4059 2322 4147 Eusebio,
2363 4131 2370 4142 ,

295 4169 506 4244 immiti&
531 4159 618 4226 iram
635 4159 830 4237 δῑῐδῑὶὓθῐιδ,
855 4160 955 4249 quusi
972 4159 1046 4245 ittse
1060 4155 1171 4231 mei&
1199 4153 1282 4231 1⁰5⁸»
1333 4175 1373 4231 ιιι
1396 4185 1479 4230 vera
1501 4163 1748 4230 betsevolcntia
1768 4164 2023 4253 complectatur
2037 4161 2229 4246 Basilium,
2256 4189 2322 4234 uec

293 4270 322 4326 tl
336 4255 489 4329 Dauidis
507 4260 697 4328 sceleribus
712 4257 911 4350 polluisset,
945 4255 1192 4326 bastetaniam
1216 4256 1282 4322 dt·
1333 4265 1504 4333 obtrectet
1533 4263 1583 4346 εἰ,
1620 4267 1679 4331 sed
1712 4259 1884 4333 honorem
1906 4265 1936 4334 ei
1961 4267 2231 4336 convenientem
2256 4266 2321 4334 tri.

292 4359 507 4432 iormitaitm
530 4362 567 4428 in
592 4384 666 4430 sese
691 4361 882 4430 transtulit.
934 4359 1031 4429 Haec
1056 4383 1128 4425 tton
1152 4370 1203 4424 est
1223 4379 1281 4426 re·
1333 4367 1428 4435 huot,
1486 4361 1544 4433 Ati
1575 4367 1727 4434 eundem
1749 4370 1896 4436 modum
1919 4380 1954 4436 et
1979 4365 2112 4437 Basilio
2139 4365 2321 4458 praecipit,

291 4458 427 4532 thorica
442 4476 476 4532 et
492 4462 611 4530 inanis
627 4464 871 4551 amplificatio,
897 4467 957 4530 sed
976 4485 1056 4528 vere
1074 4460 1154 4527 talis
1175 4459 1282 4527 dolor
1332 4479 1373 4537 ut
1387 4465 1586 4535 dissintnlet
1601 4466 1767 4548 iniurias,
1793 4491 1833 4536 ac
1854 4468 2070 4556 morigerum
2092 4491 2129 4539 se
2143 4463 2322 4558 Episcopo

289 4559 425 4636 Christi
442 4565 531 4643 luit,
558 4566 723 4634 derivans
740 4565 775 4632 in
793 4587 866 4633 sese
882 4567 971 4632 iram
986 4563 1072 4642 Dei,
1099 4586 1139 4630 ac
1160 4560 1190 4628 si
1205 4561 1280 4649 ipse
1332 4571 1517 4668 praebeat,
1542 4591 1616 4636 non
1633 4568 1912 4657 suggilletcum,
1938 4571 1997 4638 sed
2024 4593 2106 4638 vera
2128 4570 2236 4637 animi
2262 4593 2321 4637 re.

289 4666 486 4737 admisisset
503 4662 589 4737 haee
605 4684 724 4736 nostra
743 4667 881 4736 delicia.
925 4665 1017 4755 Quis
1031 4679 1149 4732 autent
1166 4673 1281 4753 potest
1333 4671 1585 4739 versutiarum
1601 4670 1693 4741 colat
1711 4671 2239 4762 proptertninisteriigrodom‚
2265 4683 2320 4740 ot.

289 4768 570 4856 magnitudiuem
592 4765 804 4840 humilitatis
836 4763 942 4838 huius
963 4789 1148 4848 enarrare,
1181 4764 1278 4857 quod
1332 4795 1402 4866 que
1433 4773 1480 4842 ita
1512 4785 1630 4860 parcat
1652 4771 1684 4840 ai
1708 4787 1851 4862 propter
1874 4767 2066 4844 Christum.
2123 4769 2319 4862 Exaggerat

290 4869 433 4942 subiicit
455 4867 652 4954 fitiusDei,
684 4886 852 4962 tanquam
876 4895 976 4940 teuto
998 4883 1178 4940 talliarum
1198 4881 1278 4936 tut·-
1332 4889 1449 4944 antero
1481 4870 1548 4944 hoc
1578 4889 1801 4965 praereptum
1827 4873 1871 4940 de
1896 4887 2017 4942 multia
2042 4873 2251 4954 dilectione,
2283 4887 2318 4944 et

291 4968 511 5053 pitudinum.
571 4963 674 5042 Hanc
697 4969 953 5056 humilitatem,
985 4995 1066 5039 cum
1088 4967 1186 5038 filius
1210 4966 1279 5040 Del
1332 4977 1451 5046 studio
1483 4977 1712 5052 concordiae,
1752 4995 1936 5044 recensens
1963 4997 2026 5044 sna
2055 4975 2243 5060 beneficia,
2276 4990 2318 5046 nt

289 5088 461 5160 praestet,
481 5099 561 5144 cum
578 5091 696 5145 nostra
715 5076 845 5166 probra
860 5075 898 5143 in
913 5097 950 5142 se
965 5072 1103 5141 derivat
1110 5119 1121 5154 ,
1148 5071 1280 5160 pudeat
1330 5080 1493 5149 ostendat
1506 5079 1575 5147 sibi
1593 5071 1660 5146 ltoc
1677 5077 1831 5146 osticium
1847 5075 1990 5166 deberi,
2016 5089 2056 5146 ut
2072 5075 2318 5166 collegasdili-

290 5191 371 5258 uos,
396 5178 494 5270 quod
510 5178 679 5246 nolumus
695 5179 835 5264 exiguas
856 5174 1038 5268 opinionis
1061 5185 1203 5242 nostrae
1225 5171 1279 5256 iae
1331 5203 1465 5269 gamus.
1518 5179 1602 5248 ldeo
1620 5181 1686 5248 ait:
1713 5177 1790 5267 Ego
1811 5179 1966 5248 animam
1989 5201 2101 5247 meam
2126 5201 2191 5269 pro
2215 5177 2319 5246 vobis

292 5278 508 5372 stampati,
540 5282 603 5348 sed
626 5278 807 5350 efferimus
827 5303 893 5348 nos
918 5277 1020 5368 quasi
1045 5275 1176 5342 vertice
1198 5297 1278 5343 coe·
1332 5306 1446 5372 pono,
1473 5281 1652 5352 commit-i
1669 5281 1736 5348 mei
1753 5281 1850 5350 estis:
1877 5277 1959 5352 Non
1987 5279 2056 5350 ism
2078 5279 2228 5350 nomino
2253 5299 2318 5348 vos

293 5370 360 5448 '⁰¹¹¹
394 5394 598 5470 tangentes,
627 5395 661 5452 et
691 5381 899 5450 blandimur
927 5379 994 5470 ipsi
1019 5377 1143 5456 nobis,
1176 5375 1278 5469 qstssi
1330 5404 1472 5466 servos,
1495 5405 1559 5472 ego
1575 5381 1662 5472 elegi
1683 5405 1761 5466 vos,
1789 5405 2009 5453 nonvosme
2029 5381 2201 5472 elegistis,
2226 5375 2317 5450 mibi

292 5481 536 5554 antecedamus
552 5485 719 5556 omnibus
733 5483 904 5572 sapientia
920 5496 955 5552 et
970 5480 1111 5550 virtute.
1329 5485 1439 5574 igitur
1454 5486 1632 5556 debitores
1647 5485 1741 5556 estis.

385 5583 535 5655 Tertius
558 5586 705 5654 morbus
727 5585 845 5654 affinis
864 5597 917 5653 est
938 5580 1147 5663 ambitioni,
1178 5579 1276 5649 scili-
1441 5649 1450 5668 ‚
1689 5651 1695 5663 ,
1725 5649 1732 5666 ,
2182 5647 2189 5665 ,
2280 5645 2287 5663 ,

294 5697 339 5755 tet
372 5687 610 5776 impatientia.
673 5685 783 5756 Multi
814 5685 955 5755 iniuriis
985 5682 1114 5753 irritati
1147 5683 1277 5750 labun·
1329 5641 1471 5723 omma
1488 5674 1582 5750 ‘1¹¹⁶‘
1599 5643 1728 5721 “uam
1745 5660 1892 5745 ‘'Pal'‘
1908 5672 2005 5732 ”¹²⁰⁹
2027 5643 2316 5750 Paiismwb's·

291 5789 341 5856 tur
368 5788 568 5880 cupiditate
591 5787 788 5866 vindictae,
819 5801 861 5856 ut
890 5784 1086 5856 discordias
1112 5782 1276 5852 excitent.
1431 5781 1473 5852 ln
1504 5779 1574 5852 hoc
1595 5783 1690 5853 dicto
1713 5781 1823 5852 simul
1843 5782 2052 5854 observetur
2074 5780 2249 5852 sententia
2272 5781 2319 5848 de

290 5872 331 5958 l't
367 5889 588 5964 Coriolanus
618 5891 777 5968 irritatos
805 5887 938 5960 iniusta
968 5885 1276 5969 condemnatione,
1329 5884 1528 5957 ministerio
1547 5881 1755 5975 Evangelii,
1785 5882 1970 5970 videlicet,
2002 5885 2099 5977 quod
2125 5880 2222 5954 Deus
2243 5903 2320 5952 nou

335 5993 516 6062 necessu.
545 5997 650 6063 Orsa.
678 5990 761 6062 Vos..
781 5992 860 6062 XV.
1568 5987 1620 6061 22
