5825 6950
336 674 396 753 ild
581 669 684 747 xttt.
735 674 771 751 8.
804 666 1106 749 uuaussarto
1129 668 1286 751 EPIS'l'.
1312 662 1462 746 PAULl
1487 654 1558 745 AD
1582 667 1845 749 ROMANOS.
1896 668 2004 749 CAP,
2031 671 2079 751 ll,
2265 672 2343 749 846

333 850 434 931 datio,
454 856 596 939 propter
621 841 714 917 hanc
738 844 1050 937 imaginationem,
1083 869 1174 939 quae
1199 844 1299 935 fingit
1352 826 1487 913 audire.
1544 840 1634 915 Nam
1655 840 1725 915 hoc
1750 844 1829 915 loco
1845 844 1978 917 Paulus
1997 842 2067 916 boc
2091 844 2234 938 proprie
2254 847 2340 936 agit,

331 948 445 1023 inlleo
467 949 768 1042 inaequalitatem·
818 947 932 1039 Saepe
949 947 1296 1021 clamanthomines:
1350 944 1525 1016 iusticiam
1541 970 1706 1017 nouesse
1728 949 1896 1019 noticiam
1918 972 1980 1019 seu
2001 948 2274 1038 professionem,
2299 962 2340 1019 ut

329 1051 461 1124 Etiamsi
479 1050 575 1122 Deus
592 1051 731 1145 aliquos
750 1051 895 1142 recipit,
921 1065 1039 1122 tamen
1057 1063 1096 1120 tu
1113 1074 1187 1119 non
1206 1073 1242 1121 rs
1258 1050 1296 1119 in
1349 1049 1450 1119 multi
1468 1044 1632 1120 homines
1654 1051 1724 1119 sibi
1746 1051 1970 1121 blandientes
1994 1053 2254 1140 imaginantur,
2276 1052 2339 1119 sed

329 1158 379 1225 illo
394 1176 557 1238 numero,
583 1174 648 1223 nec
662 1156 813 1244 scriptus
829 1154 866 1221 in
884 1150 957 1221 illis
971 1152 1102 1224 tabulis
1116 1153 1295 1225 fatalibus.
1348 1169 1421 1218 esse
1438 1150 1678 1223 obedientiam
1695 1156 1733 1221 in
1749 1154 1944 1228 voluntate,
1994 1150 2075 1223 Hoc
2097 1153 2261 1243 generale
2279 1150 2338 1219 di·

325 1256 398 1327 Tau
422 1270 547 1344 potens
573 1256 754 1333 Dominus
778 1278 853 1331 nou
875 1270 993 1347 posset
1022 1256 1177 1327 abiicere
1206 1279 1296 1348 quos
1347 1264 1440 1322 ctum
1465 1253 1503 1320 in
1526 1253 1663 1325 iusticia
1689 1255 1792 1344 legis,
1826 1276 1971 1347 prorsus
1996 1254 2089 1324 nibil
2112 1254 2262 1344 impedit
2283 1276 2336 1332 ea,

327 1358 440 1429 vellet?
1347 1378 1436 1444 quae
1454 1367 1574 1444 postea
1590 1357 1760 1427 dicuntur
1773 1362 1818 1426 de
1833 1357 1973 1429 iusticie
1988 1357 2082 1427 fidei.
2135 1350 2238 1425 Adsit
2255 1368 2336 1425 tan-

409 1454 640 1550 Opponcnde
651 1470 705 1532 est
718 1471 838 1534 eutem
853 1482 920 1531 vox
936 1457 1231 1552 promissionum,
1257 1460 1294 1528 in
1346 1468 1420 1526 turn
1438 1456 1475 1525 in
1493 1458 1782 1552 interpretatione
1794 1461 2002 1544 dexteritas,
2018 1478 2337 1549 noncorrumpsn·

329 1584 383 1655 qua
398 1557 586 1634 Deusvult
602 1562 745 1651 agnosci
763 1585 861 1635 suam
879 1563 1109 1635 voluntatem.
1148 1560 1196 1633 Et
1211 1586 1295 1654 pro·
1346 1572 1512 1630 surrecta
1527 1562 1633 1633 dicta.

325 1662 425 1733 missio
445 1676 499 1735 est
525 1662 747 1738 universalis.
799 1662 872 1733 Nec
893 1678 977 1735 sunt
998 1664 1035 1734 fu
1055 1662 1132 1733 Deo
1152 1679 1292 1734 coutra-
1436 1659 1571 1743 ,Postea
1593 1665 1748 1755 disputat
1773 1661 2013 1754 Augustinus,
2047 1658 2105 1731 Au
2126 1659 2261 1732 Gentes
2282 1662 2334 1731 le-

325 1765 473 1835 dictoriae
497 1766 713 1847 voluntates,
738 1766 822 1858 qtria
838 1764 935 1837 Deus
957 1780 1149 1857 estnvecar.
1211 1765 1294 1836 ldeo
1345 1784 1422 1853 gem
1437 1763 1603 1847 fecerint,
1627 1780 1661 1835 et
1679 1790 1724 1835 an
1751 1780 1877 1837 natura
1898 1765 2070 1838 fecerint?
2096 1762 2229 1833 Paulus
2252 1778 2333 1831 tan·

323 1888 440 1937 necesse
458 1882 511 1939 est
530 1892 596 1938 uos
617 1867 762 1962 obedire
781 1868 1024 1957 promissioni,
1052 1881 1086 1938 et
1106 1869 1206 1941 firma
1226 1870 1294 1938 fide
1344 1880 1419 1937 tum
1437 1861 1504 1936 hoc
1528 1869 1735 1939 ratiocinari
1757 1870 1855 1953 vult,
1880 1871 1919 1939 in
1936 1868 2115 1941 Gentibus
2138 1888 2212 1937 esse
2236 1865 2332 1932 noti-

331 1972 478 2055 statuere,
511 1994 593 2041 vere
617 1966 709 2039 lianc
726 1992 798 2070 esse
821 1970 1040 2057 voluntatem
1069 1966 1154 2051 Dei,
1186 1996 1294 2066 quam
1344 1966 1434 2037 clam
1450 1969 1536 2059 legis
1551 1973 1647 2063 quod
1662 1970 1747 2039 inde
1760 1972 2011 2057 ratiocinatur,
2034 1968 2117 2061 quia
2132 1966 2235 2037 multi
2251 1978 2333 2034 ten·

324 2071 455 2141 ostendit
479 2072 519 2141 iu
546 2070 805 2167 promissione,
844 2086 877 2143 et
912 2096 992 2144 vere
1016 2072 1131 2149 Deum
1165 2098 1294 2169 aequa·
1344 2082 1419 2139 tum
1452 2071 1600 2146 fecerint
1632 2074 1766 2143 iudicio
1794 2074 1969 2158 naturali,
2010 2083 2182 2166 quantum
2206 2064 2332 2137 ludaei

324 2172 376 2241 lem
400 2196 471 2242 esse
502 2176 689 2259 binnibus,
723 2176 818 2245 iuxta
841 2198 1061 2261 mensuram,
1093 2202 1201 2274 qtravn
1231 2201 1293 2247 sua
1344 2174 1418 2263 lege
1430 2175 1578 2265 scripta:
1599 2170 1647 2246 Et
1662 2175 1851 2245 diiudicari
1873 2177 1912 2245 in
1935 2172 2159 2245 conscientiis
2183 2166 2331 2240 honesta

323 2298 386 2343 voce
407 2274 575 2349 instituit.
608 2274 731 2346 'Haec
757 2276 829 2345 dixi
862 2278 1033 2363 breviter,
1066 2294 1105 2349 ut
1136 2281 1293 2349 iuniores
1344 2278 1524 2367 etturpia.
1573 2276 1849 2371 Hocsequitur,
1874 2280 2060 2348 sitantum
2085 2272 2274 2363 discipline
2294 2283 2332 2341 et

322 2368 513 2449 hocvlictum
534 2378 666 2449 maiore
682 2403 763 2448 cura
782 2380 991 2460 observent,
1017 2394 1050 2449 et
1067 2385 1111 2451 ad
1128 2384 1291 2451 timorem
1341 2392 1484 2449 externa
1506 2381 1595 2449 facta
1627 2381 1907 2454 considerentur.
1972 2376 2094 2467 Scipio
2116 2398 2190 2444 non
2213 2372 2336 2462 attigit

321 2476 487 2561 alendum,
526 2484 630 2553 etad
663 2481 939 2551 consolationem
969 2506 1068 2552 suam
1092 2508 1291 2553 accommo-
1343 2500 1508 2570 sponsam
1531 2481 1694 2566 alterius,
1727 2483 1811 2574 quia
1833 2483 1965 2553 sciebat
1988 2476 2204 2549 adulterium
2224 2488 2329 2565 turpe

321 2580 393 2647 dent.
457 2580 557 2665 Non,
578 2595 619 2653 ut
642 2597 852 2653 moveantur
873 2576 1064 2674 sophistica
1087 2587 1293 2672 certamina,
1342 2604 1434 2675 esse,
1460 2598 1532 2655 eta
1555 2581 1633 2654 Deo
1656 2584 1787 2673 puniri,
1856 2583 1955 2658 Fecit
1980 2582 2092 2671 igitur
2113 2600 2204 2669 opus
2226 2578 2327 2666 legis,

319 2684 360 2750 ted
379 2680 554 2753 discamus
578 2684 710 2754 intueri
733 2686 950 2755 voluntatem
972 2682 1039 2757 Dei
1073 2690 1291 2778 patefactam,
1342 2699 1375 2755 et
1401 2684 1533 2756 Paulus
1553 2709 1629 2755 non
1652 2687 1755 2769 dicit,
1791 2682 1927 2756 Gentes
1957 2686 2068 2773 legem
2092 2682 2232 2763 fecisse,
2264 2680 2327 2749 secl

320 2783 343 2849 iu
363 2808 395 2851 ea
420 2787 664 2879 acquiescere,
697 2800 730 2855 et
756 2786 788 2855 ei
814 2802 1016 2859 reverenter
1038 2791 1166 2877 gratias
1190 2814 1290 2881 agere
1341 2810 1380 2857 ea
1397 2802 1584 2880 quaesunt
1602 2789 1707 2876 legis,
1734 2789 1771 2857 id
1787 2802 1857 2874 est,
1882 2789 2001 2882 aliqua
2015 2785 2103 2875 legis
2117 2804 2237 2873 opera.

318 2908 363 2973 pro
376 2886 549 2959 immenso
563 2885 733 2959 beneflcio
749 2890 899 2962 donatae
915 2892 1160 2981 promissionis
1175 2908 1239 2969 etc,
1448 2888 1493 2961 Et
1523 2892 1735 2960 vocabulum
1763 2888 1898 2961 Natura
1933 2885 1992 2959 bic
2023 2885 2199 2977 significat
2231 2882 2326 2951 idem

617 2992 621 3000 '
1339 2993 1434 3084 quod
1452 2992 1606 3061 naturali
1628 2993 1778 3081 noticia,
1804 3004 2025 3061 monstrante
2044 2987 2235 3058 discrimen
2259 2980 2326 3053 lto-

1337 3106 1521 3164 nestorum
1537 3109 1571 3165 et
1586 3094 1757 3186 turpium.
1808 3092 1906 3164 Haec
1921 3105 1974 3164 est
1991 3090 2138 3183 simplex
2154 3100 2189 3157 et
2204 3087 2325 3157 native

395 3186 461 3257 Hic
484 3210 634 3259 necesse
658 3204 710 3262 est
736 3190 887 3279 intelligi
916 3186 985 3262 hoe
1016 3193 1170 3277 dictum,
1211 3194 1287 3266 sine
1336 3196 1532 3279 sententia,
1565 3220 1671 3290 quam
1698 3198 1810 3267 lector
1831 3196 2065 3286 amplectatur
2085 3188 2223 3261 reiectis
2245 3212 2325 3260 cor·

320 3290 421 3381 scripta
435 3290 518 3381 lege
542 3304 603 3361 aut
618 3293 854 3383 promulgata:
887 3296 970 3386 quia
990 3310 1108 3386 postea
1126 3320 1286 3387 expresse
1337 3298 1505 3386 ruptclis,
1532 3322 1620 3390 quas
1634 3298 1735 3367 finxit
1750 3296 1912 3385 Pelagius
1927 3308 1961 3367 et
1979 3294 2118 3367 caeteri·

292 3393 396 3463 ¹ultlit
423 3391 708 3467 correctionem:
750 3393 824 3468 imo
855 3408 888 3465 et
918 3394 1051 3467 Gentes
1082 3392 1287 3470 habuerunt
1437 3396 1485 3469 Et
1508 3402 1602 3493 quod
1626 3401 1744 3492 inquit
1763 3398 1922 3483 Paulus,
1958 3392 2062 3498 Opus
2090 3393 2260 3484 scriptum
2286 3392 2325 3462 in

333 3044 397 3145 Qui
410 3054 489 3123 sine
511 3050 590 3148 Iege
603 3063 858 3151 peccaverunt,
883 3055 964 3126 sinc
981 3052 1058 3151 lege
1071 3056 1255 3154 peribunt.

292 3489 425 3634 plegem,
450 3491 519 3566 hoc
544 3510 614 3582 est,
642 3497 811 3568 noticiam
834 3499 1052 3584 naturalem,
1080 3501 1285 3570 discernen·
1334 3501 1520 3585 cordibus,
1559 3503 1731 3592 significat
1753 3497 1817 3572 bas
1849 3503 1998 3572 noticias
2028 3497 2207 3570 naturales
2228 3499 2323 3566 dona

292 3691 293 3698 ἵ
321 3607 371 3662 ten
384 3591 527 3670 honesta
546 3612 580 3669 et
598 3600 726 3692 turpia.
777 3599 840 3670 Ait
864 3601 975 3680 enim:
1003 3597 1083 3672 Sibi
1100 3603 1185 3692 ipsis
1202 3619 1284 3676 sunt
1333 3625 1409 3673 esse
1423 3606 1593 3674 attributa
1610 3619 1768 3687 naturae,
1787 3605 2015 3676 etnobiscum
2024 3597 2217 3679 nascentia,
2232 3600 2324 3670 sicut

321 3695 375 3781 lec,
398 3713 429 3769 et
452 3715 502 3771 est
521 3699 560 3769 iu
577 3699 626 3769 eis
643 3702 856 3773 couscientia
874 3725 1041 3772 accusans
1057 3716 1091 3775 et
1106 3724 1284 3776 excusans.
1333 3706 1485 3776 noticiae
1508 3729 1742 3776 numerorum
1765 3721 1913 3778 naturae
1934 3705 2126 3776 attributae
2150 3717 2252 3783 suut,
2288 3713 2323 3772 et

321 3791 391 3888 Ergo
409 3814 456 3871 est
479 3803 518 3871 in
544 3803 594 3872 eis
617 3803 790 3873 naturalis
815 3804 969 3890 noticia,
995 3805 1200 3876 discernens
1217 3803 1282 3876 ho·
1333 3808 1518 3878 nobiscum
1536 3823 1742 3882 nascuntur.

321 3917 392 3970 nesta
413 3916 444 3974 et
467 3905 607 3994 turpia,
623 3977 627 3990 ,
645 3929 734 3998 quae
758 3930 795 3976 re
819 3907 893 4000 ipsa
921 3921 972 3978 est
993 3907 1050 3977 lex
1075 3905 1162 3996 Dei,
1195 3935 1281 3981 con-

292 4071 293 4084 ,
321 4021 420 4086 grurus
436 4031 515 4076 cum
536 3999 723 4098 Decalogo.

1485 3967 1580 4044 Ecce
1596 3980 1656 4054 lu,
1681 3971 1749 4071 qui
1762 3967 1930 4044 Iudaeus
1945 3971 2171 4048 nominaris,

396 4107 460 4176 Hic
477 4131 604 4206 rursus
621 4110 812 4180 observent
831 4107 980 4180 studiosi
1002 4111 1151 4180 describi
1172 4127 1238 4183 cta
1266 4155 1282 4169 ·
1442 4109 1558 4180 Antea
1582 4107 1716 4179 Gentes
1740 4109 1935 4194 accusavit,
1975 4132 2071 4179 nunc
2101 4123 2239 4178 accusat
2263 4106 2322 4178 lu·

322 4205 435 4288 probari
453 4210 566 4300 legem
586 4226 755 4296 naturae,
780 4225 814 4281 et
838 4227 929 4281 recte
949 4211 1106 4297 discant,
1134 4239 1223 4306 quae
1239 4231 1283 4285 stt
1331 4212 1449 4294 tlaeos,
1474 4226 1512 4280 ut
1528 4213 1712 4303 perveniat
1728 4214 1770 4280 ad
1788 4206 1879 4280 barac
1896 4212 2200 4304 exaequationem:
2227 4205 2321 4280 Om-

320 4303 356 4372 ltx
379 4327 539 4396 naturae,
566 4326 606 4383 ut
633 4337 759 4402 supra,
786 4325 820 4382 ct
842 4313 929 4383 alibi
948 4337 1052 4406 saepe
1068 4316 1112 4383 de
1132 4307 1280 4384 ‹lemon-
1331 4337 1394 4384 nes
1408 4309 1572 4383 homines
1589 4315 1627 4380 in
1644 4309 1710 4382 lrac
1724 4314 1978 4401 depravatione
1992 4329 2139 4382 naturae
2155 4315 2222 4380 sub
2239 4334 2320 4400 pec·

322 4411 523 4482 ttratiouibus
540 4415 702 4504 practicis
725 4416 810 4484 dixi.
863 4411 911 4484 Et
935 4411 1021 4484 haec
1046 4417 1195 4506 insignis
1219 4421 1281 4488 de-
1332 4428 1411 4485 cato
1436 4438 1527 4496 esse,
1568 4416 1730 4510 necllege
1763 4415 1911 4484 liberari
1934 4440 1954 4482 a
1977 4428 2119 4504 peccato
2142 4413 2244 4482 etsb
2267 4413 2320 4480 irs

321 4511 436 4599 tttiptio
450 4531 523 4599 est,
550 4521 644 4608 quod
668 4517 832 4589 videlicet
847 4518 914 4600 eit,
941 4517 1109 4588 noticiam
1129 4543 1204 4588 esse
1224 4543 1282 4589 ac·
1331 4515 1417 4596 Dei,
1444 4529 1484 4586 ut
1501 4518 1594 4584 infra
1610 4515 1760 4586 dicitur:
1786 4515 1969 4586 Conclusit
1984 4511 2123 4584 Omnes
2145 4515 2214 4582 sub
2236 4534 2319 4603 pee-

320 4627 465 4684 ttsantem
488 4629 525 4688 et
546 4633 780 4694 excusantem,
836 4617 1019 4707 Significat
1044 4619 1139 4688 enim
1168 4623 1281 4691 lucem
1333 4630 1460 4686 catum.
1512 4618 1572 4688 Sic
1586 4633 1705 4686 autem
1722 4617 1914 4707 accipiatur
1929 4612 2014 4684 baec
2031 4615 2252 4704 obiurgatio,
2279 4631 2320 4688 ut

320 4709 468 4801 divinam,
493 4741 601 4812 qnam
623 4714 719 4790 Deus
739 4721 818 4790 ideo
835 4721 1028 4792 transfudit
1049 4723 1085 4790 in
1110 4717 1282 4794 humanas
1333 4720 1528 4806 intelligas,
1568 4743 1642 4787 non
1674 4731 1811 4787 tantum
1837 4731 1976 4786 externa
1999 4716 2126 4786 delicta
2153 4717 2322 4797 accusari,

320 4831 441 4902 nentes,
465 4834 506 4892 ut
524 4823 597 4913 ipse
611 4837 836 4911 agnascatur,
860 4834 894 4891 et
917 4837 1096 4912 peccatum
1117 4823 1154 4892 iu
1179 4827 1283 4894 nobis
1333 4825 1391 4890 sed
1411 4823 1515 4890 etiam
1532 4816 1755 4913 hypocrisin,
1780 4832 1815 4890 et
1830 4819 1997 4887 fiduciam
2024 4817 2192 4907 propriae
2216 4819 2318 4888 iusti-

321 4934 465 5002 trguutur.
500 4922 603 4994 Sicut
621 4920 992 4994 homicidaescutiunt
1009 4919 1201 4995 horribiles
1220 4951 1280 5017 pa·
1331 4925 1425 5004 ciac,
1452 4923 1567 5016 qualis
1589 4934 1666 4990 erat
1685 4922 1885 5010 arrogantia
1910 4923 1947 4988 in
1979 4919 2137 5003 ludaeis,
2175 4932 2321 5010 propter

321 5035 412 5104 tores,
438 5026 543 5094 etiam
566 5048 646 5095 cum
669 5029 810 5096 suntin
838 5037 933 5109 tuto,
964 5039 999 5097 et
1028 5026 1148 5096 nullos
1170 5030 1282 5117 magi·
1331 5027 1475 5094 titulum
1498 5039 1533 5094 et
1558 5023 1825 5114 professionem.
1880 5017 1926 5092 Et
1944 5022 2104 5116 loquitur
2119 5018 2250 5092 Paulus
2272 5023 2318 5091 de

320 5127 419 5192 stratus
439 5137 614 5201 metuunt,
1334 5124 1490 5206 ludaeis,
1511 5138 1685 5220 quatenus
1711 5137 1809 5192 erant
1828 5123 1906 5191 sine
1932 5147 2013 5193 vera
2028 5123 2210 5208 agnitione
2221 5124 2317 5193 Mes-

398 5225 615 5314 Augustinus
631 5225 699 5298 lenc
715 5230 795 5300 loco
819 5229 863 5298 de
883 5229 1007 5299 multis
1034 5227 1203 5297 membris
1224 5229 1280 5296 ni·
1330 5229 1421 5309 siae,
1455 5229 1516 5319 qui
1540 5227 1676 5296 etiamsi
1700 5226 1916 5295 excellebant
1943 5225 2158 5314 disciplina,
2196 5237 2317 5296 tamen
2348 5296 2354 5304 ,

322 5317 483 5428 pisanus
508 5331 676 5420 disputat.
742 5330 948 5422 Respondet
971 5333 1032 5414 ils,
1066 5332 1127 5422 qui
1157 5344 1280 5400 contra
1329 5329 1430 5398 fateri
1449 5331 1678 5416 cogebantur,
1690 5321 1981 5395 sebaberecorda
1998 5327 2135 5408 vitiosa,
2152 5351 2217 5395 nec
2230 5327 2318 5416 lege,

322 5425 463 5496 luticiam
483 5432 562 5498 fidei
579 5433 690 5502 citant
708 5435 858 5502 dictum:
886 5430 1051 5502 Factnres
1067 5431 1153 5519 legis
1174 5431 1276 5502 iusti·
1329 5431 1386 5500 vel
1399 5430 1629 5512 ceremoniis,
1650 5429 1705 5496 vel
1723 5427 1901 5496 sacrificiis
1915 5451 1973 5496 eos
1989 5429 2133 5497 morbos
2152 5429 2242 5500 tulli.

322 5515 454 5603 liuntur.
506 5523 575 5604 Sed
591 5537 733 5624 propria
751 5549 784 5603 et
801 5534 985 5626 perspicua
1010 5533 1192 5623 responsio
1216 5546 1279 5616 est,
1431 5532 1544 5600 Addit
1570 5545 1686 5599 autem
1707 5543 1742 5598 et
1762 5523 2073 5619 reprehensionem
2104 5529 2316 5596 vanissimae

323 5611 578 5725 lttredescriptio
594 5651 646 5706 est
664 5635 930 5719 iusticiaelegis,
950 5657 1040 5724 qtrae
1056 5629 1146 5702 nihil
1165 5635 1279 5724 impe·
1330 5633 1589 5720 persuasionis,
1615 5657 1683 5725 qaia
1710 5631 1910 5718 fingebant,
1935 5651 1973 5698 se
1995 5643 2142 5720 propter
2167 5630 2316 5698 titulum

324 5719 438 5832 platta
461 5737 550 5806 dieta
572 5739 617 5807 de
635 5739 773 5808 iusticia
802 5737 894 5806 fidei.
946 5735 1040 5824 Quia
1070 5757 1192 5804 versem
1214 5749 1278 5816 est,
1328 5755 1388 5800 seu
1414 5735 1667 5822 professionem
1690 5747 1724 5802 et
1746 5731 1962 5800 ceremonias
1982 5731 2093 5800 iustos
2117 5752 2203 5804 esse,
2268 5729 2316 5798 Et

327 5829 471 5904 usticiam
502 5839 584 5930 legis
605 5863 700 5925 esse,
733 5840 847 5908 facere
870 5837 1002 5928 legem,
1036 5861 1110 5906 uun
1140 5851 1275 5908 tantum
1328 5836 1486 5925 regulam
1509 5837 1639 5921 tradit,
1677 5831 1805 5904 Valere
1829 5845 1991 5902 externas
2011 5833 2228 5904 ceremonias
2253 5833 2319 5917 ita,
