5825 6950
312 706 384 782 rto
725 703 808 786 xn.
866 659 1700 784 memoriammemoromns
1756 699 1863 783 cao.
1890 707 1954 782 vr.
2279 717 2362 796 am

310 895 488 974 meumque
511 877 686 970 intelligit
707 875 927 968 doctrinam,
959 896 995 953 et
1013 881 1199 980 explorare
1220 903 1306 951 con·
1358 877 1474 980 fidem!
1490 872 1748 965 intelligamus:
1785 876 1861 949 Nisi
1888 879 2188 958 manducaveritis
2211 897 2352 966 tarnem

314 984 495 1055 seientiam
523 1005 626 1053 suam
657 995 793 1074 potest,
826 996 861 1055 at
884 996 998 1055 textus
1017 985 1121 1055 dicit:
1148 983 1305 1072 ‘Quoties
1357 979 1423 1048 blii
1448 975 1625 1057 hominis,
1652 993 1685 1050 et
1709 979 1871 1052 biberitis
1890 987 2118 1073 sangninem,
2144 1015 2217 1062 non
2240 991 2349 1068 habe.

312 1107 430 1178 panem
463 1079 565 1154 hunc
586 1084 848 1156 manducabitis
874 1100 960 1171 ete„
991 1099 1142 1155 mortem
1165 1084 1305 1155 domini
1355 1080 1441 1152 bitis
1468 1083 1575 1150 vitam
1601 1081 1640 1148 in
1664 1081 1783 1162 vohis,
1811 1084 1847 1151 id
1872 1098 1943 1176 est,
1971 1090 2040 1156 nisi
2058 1091 2143 1161 tides
2160 1109 2272 1166 vestra
2289 1100 2349 1168 ni·

314 1187 525 1278 praedicate.
575 1183 647 1256 Hic
678 1210 752 1254 non
783 1187 853 1258 alia
883 1188 1071 1258 necessitas
1096 1188 1305 1277 imponitur,
1355 1195 1451 1254 tatur
1480 1183 1549 1252 mei
1580 1182 1741 1275 corporis
1766 1185 1964 1272 oblatione,
1996 1203 2028 1260 et
2050 1196 2232 1283 sanguinis
2255 1201 2347 1270 effu-

314 1277 378 1358 nisi
392 1301 431 1358 ut
454 1287 572 1358 simul
588 1289 649 1357 bat
665 1291 954 1360 commemoratio
970 1291 1015 1359 de
1029 1301 1144 1358 morte
1157 1285 1304 1372 Christi,
1353 1286 1466 1358 sione.
1527 1283 1686 1355 Multum
1711 1286 1800 1355 lucis
1823 1291 1958 1362 aceedit
1981 1295 2110 1378 textui,
2145 1321 2225 1368 enm
2248 1305 2345 1390 cogi-

318 1413 384 1460 mm
418 1389 586 1460 sumitur
613 1404 884 1465 sacramentnm.
950 1388 1163 1483 Quanquam
1194 1389 1303 1478 igitur
1353 1388 1445 1456 tabis
1474 1381 1530 1456 his
1553 1387 1671 1457 verbis
1696 1387 1887 1458 discrimen
1910 1394 2049 1463 ostendi
2071 1395 2168 1467 inter
2189 1414 2344 1473 caeteros

323 1491 493 1573 aetasilla,
523 1513 616 1586 quae
631 1492 701 1560 iam
718 1491 887 1582 intelligit
901 1493 1112 1578 doctrinam,
1137 1493 1302 1583 aliquan·
1352 1483 1567 1580 Prophetas,
1594 1501 1629 1558 et
1651 1490 1745 1558 inter
1762 1487 1945 1574 Messiam,
1972 1495 2035 1586 qui
2056 1497 2152 1566 solus
2168 1515 2217 1572 est
2231 1525 2343 1592 agnus

329 1597 368 1662 do
390 1594 491 1664 debet
519 1593 576 1664 nti
601 1607 838 1675 sacramento,
861 1605 911 1664 ut
928 1594 1071 1683 publice
1094 1593 1302 1686 profiteatur
1351 1592 1640 1675 manducandus,
1666 1588 1701 1660 id
1717 1603 1785 1673 est,
1810 1593 1921 1662 solius
1938 1591 2044 1666 huius
2059 1607 2342 1687 personaeobla-

329 1717 403 1764 snam
421 1693 540 1764 fidem
553 1717 671 1764 coram
687 1691 863 1780 Ecclesia,
887 1708 1009 1765 tamen
1023 1696 1299 1766 necessitasnon
1351 1690 1450 1761 tione
1472 1691 1601 1762 nititur
1624 1692 1722 1762 fides.
1774 1689 1910 1765 Caeteri
1936 1694 2135 1791 Prophetae
2158 1725 2232 1774 non
2258 1721 2342 1780 sunt

328 1795 506 1884 imponitur
522 1791 603 1880 bis,
629 1795 691 1888 qui
713 1797 965 1886 professionem
987 1799 1149 1867 nondum
1165 1797 1298 1867 intelli·
1350 1795 1610 1880 manducandi,
1641 1817 1706 1864 nec
1727 1795 1854 1866 nititur
1875 1797 1962 1866 fides
1984 1799 2142 1890 ipsorum
2168 1812 2340 1894 personis.

324 1911 406 1986 gont,
431 1911 472 1967 et
494 1897 582 1967 satis
605 1914 657 1972 est
678 1895 831 1968 infantes
854 1899 1003 1968 insertos
1025 1921 1100 1968 esse
1121 1897 1299 1969 Ecclesiae
1349 1889 1398 1965 Et
1427 1895 1576 1979 caeteri,
1609 1920 1812 1988 quanquam
1842 1915 1970 1969 sonant
1994 1925 2114 1971 vocem
2137 1901 2340 2001 Evangelii,

322 2023 371 2088 per
391 1999 625 2090 baptismum.
675 1996 772 2068 llaec
788 2002 904 2070 obiter
918 2000 1052 2071 dixide
1069 1997 1141 2086 his,
1167 2001 1229 2093 qui
1244 2001 1298 2069 lo-
1349 2009 1466 2066 tamen
1491 2019 1567 2066 non
1588 2011 1671 2068 sunt
1695 2020 1864 2089 personae
1880 2000 2004 2072 dantes
2022 2005 2130 2072 vitam
2148 2020 2339 2086 aeternam.

323 2125 387 2168 cum
407 2099 561 2170 loannis
589 2101 635 2168 ad
659 2104 896 2172 ceremoniam
920 2125 1051 2170 coenae
1068 2100 1215 2172 Domini
1239 2125 1297 2171 ae·
1349 2095 1446 2166 Haec
1461 2123 1531 2166 una
1544 2121 1704 2188 persona,
1727 2122 1816 2191 quae
1828 2114 1878 2171 est
1887 2097 2046 2187 Messias,
2070 2105 2163 2175 filius
2174 2103 2253 2190 Dei,
2277 2115 2338 2183 dat

322 2203 591 2282 commodarunt,
619 2216 653 2273 et
668 2201 793 2274 durius
807 2205 1068 2276 contenderunt
1085 2205 1130 2273 de
1145 2203 1297 2273 necessi·
1350 2199 1475 2283 iucem,
1502 2199 1687 2283 iusticiam,
1707 2213 1740 2268 et
1757 2201 1863 2268 vitam
1881 2217 2074 2277 aeternam.
2100 2203 2202 2279 Hanc
2218 2211 2336 2284 iudico

323 2315 392 2388 tate,
413 2327 525 2398 quam
542 2323 634 2395 opus
652 2315 715 2378 est.
1348 2301 1543 2391 simplicem
1558 2315 1591 2374 et
1609 2303 1764 2373 nativam
1782 2305 1992 2374 sententiam
2009 2328 2082 2376 esse
2098 2303 2205 2380 huius
2219 2313 2318 2386 dicti.

405 2451 481 2544 Ego
505 2449 1204 2548 banceoncionembuiussexticapitis,
1231 2480 1297 2528 nec
1398 2469 1920 2567 H000d12›c;rinsynagoga‚
1946 2482 2009 2566 <¹⁶-
2059 2469 2174 2548 me„
2199 2475 2335 2558 Dm,

335 2557 370 2625 de
386 2558 577 2626 ceremonia
598 2581 730 2628 coenae
747 2557 914 2642 Domini,
948 2582 1014 2628 nec
1034 2562 1080 2628 de
1102 2560 1310 2645 manducaq
1450 2583 1502 2644 ιρι
1522 2568 1583 2642 lu'c
1603 2596 1732 2644 sermo,

327 2659 403 2727 tione
421 2649 656 2729 ceremoniali
675 2659 855 2748 intelligo,
880 2662 940 2728 sed
958 2659 1048 2730 sicut
1065 2683 1170 2750 snpra
1187 2654 1294 2729 Chri·

320 2771 378 2828 stns
396 2761 576 2850 praefatus
598 2773 649 2830 est
670 2761 714 2830 de
735 2762 821 2843 fide,
844 2785 913 2854 qua
930 2763 1107 2832 credimus
1123 2763 1293 2850 placatam

318 2883 375 2930 esse
395 2863 489 2930 iram
506 2859 575 2932 Dei
601 2875 713 2932 morte
735 2861 821 2952 lilii,
848 2885 976 2953 eorpus
995 2889 1097 2933 suum
1114 2863 1294 2933 offerentis

316 2985 368 3054 pro
386 2963 520 3048 nobis,
545 2977 579 3035 et
601 2964 808 3053 sanguinem
831 2986 934 3034 snum
952 2966 1154 3050 fundentis,
1177 2981 1210 3036 et
1228 2988 1294 3034 nos

1449 2703 1607 2779 Octavus
1624 2708 1735 2778 locus.
1787 2704 1920 2778 Audita
1939 2713 2111 2782 concione
2124 2717 2169 2785 de
2183 2739 2243 2788 esu
2259 2721 2336 2789 veri

1345 2813 1447 2900 agni,
1473 2811 1583 2900 magis
1604 2810 1839 2880 offenduntur
1864 2808 2000 2898 ludaei,
2025 2837 2106 2885 cum
2131 2831 2248 2888 tamen
2275 2843 2335 2892 eos

1344 2918 1537 2983 admonere
1566 2911 1764 2982 ceremonia
1794 2911 1894 2999 agni,
1928 2914 1972 2984 de
2000 2911 2066 2985 hac
2088 2919 2250 2990 doctrina
2272 2925 2335 2992 de-

623 3065 632 3082 .
671 3066 680 3082 .
863 3066 911 3082 ..
1077 3067 1086 3084 .
1213 3067 1221 3084 .
1346 3016 1474 3085 buerit.
1522 3011 1627 3085 Certe
1643 3037 1714 3084 non
1732 3016 1860 3083 frustra
1875 3015 1943 3084 fuit
1956 3016 2116 3090 instituta
2132 3015 2218 3090 haec
2232 3045 2334 3092 man-

314 3080 447 3156 propter
473 3061 569 3134 hane
599 3079 775 3136 victimam
803 3088 913 3157 recipi
934 3091 954 3135 a
976 3063 1052 3137 Deo
1075 3092 1112 3135 in
1134 3082 1293 3158 gratiam,

314 3168 376 3235 “d
477 3166 487 3182 ο
537 3165 546 3184 ,
1109 3194 1116 3209 ⁴
1345 3118 1499 3190 ducatio.
1549 3118 1674 3204 Agnus
1696 3115 1915 3205 significahat
1937 3113 2140 3200 Christum,
2166 3126 2332 3194 mactatio

313 3265 321 3282 ο
378 3190 489 3285 enarr
512 3179 756 3286 vttaaeterna.
808 3163 860 3237 lta
878 3182 1012 3238 caetera
1028 3169 1072 3238 de
1087 3171 1208 3286 eadem
1223 3169 1291 3262 fide
1345 3219 1542 3310 pmionpm
1579 3241 1658 3292 ‘seu
1687 3229 1838 3286 monem
1891 3221 2116 3289 manducan,
2145 3223 2248 3292 fidem
2274 3228 2332 3294 ni,

312 3269 485 3357 intelligo,
512 3291 581 3361 qua
606 3269 829 3337 vivificantur
846 3270 1044 3355 credentes,
1070 3293 1153 3362 qnia
1168 3284 1293 3340 uttam·
1343 3333 1477 3390 tentem
1501 3269 1567 3387 hag
1587 3319 1661 3407 ipsa
1678 3270 1902 3408 pmonffi'et
1920 3316 2233 3408 ,omncpffionem’
2261 3349 2331 3418 qu,

310 3365 542 3488 mrchffiim
575 3369 638 3463 qui
659 3393 722 3462 pm
747 3369 852 3489 ¹¹⁰l³i⁵
873 3393 1002 3515 mrim
1024 3395 1137 3491 mum.
1151 3370 1291 3457 mulii
1343 3421 1516 3493 efficimur
1535 3420 1660 3489 fratres
1677 3427 1712 3490 el
1728 3412 1939 3490 cohaeredes
1954 3415 2107 3503 Christi,
2133 3447 2174 3493 ac
2187 3427 2330 3515 partici-

311 3485 339 3541 ἰ
361 3494 577 3562 ”mmm
606 3494 709 3542 mum
731 3472 835 3543 Μ’
900 3469 1003 3543 Hm
1024 3475 1224 3544 d⁰⁰¹¹¹⁰³m
1247 3477 1290 3543 de
1344 3548 1403 3616 pes
1421 3524 1567 3615 spiritus
1591 3522 1723 3613 ipsius,
1750 3535 1785 3592 et
1807 3520 1897 3591 sieut
1918 3520 2044 3593 Petrus
2066 3526 2246 3618 loquitur,
2273 3532 2331 3600 di·

308 3576 466 3662 passione
486 3596 570 3658 sua,
596 3589 630 3645 et
652 3575 695 3643 de
715 3574 784 3643 lide
799 3589 918 3644 nostra
937 3576 1185 3665 significatam,
1210 3590 1292 3647 aute
1369 3628 1378 3645 .
1678 3618 1712 3692 H
1792 3622 1801 3641 .
1866 3624 1905 3691 n,
1950 3625 1985 3695 b,
2051 3624 2092 3696 Μ

307 3673 341 3742 in
360 3674 637 3746 manducatione
659 3677 740 3766 agni
757 3676 911 3747 inculcat
928 3675 1087 3762 ludaeis,
1112 3679 1174 3774 qui
1189 3702 1289 3769 pror·
1342 3650 1446 3696 Μ’
1469 3638 1626 3695 mmm·
1717 3636 1863 3694 mnne
1896 3646 1949 3713 ¹3⁰
1976 3640 2035 3696 ‘¹¹¹¹
2094 3650 2188 3713 ⁰⁸⁰⁸2
2215 3628 2330 3719 ¹⁰³¹¹²s

415 3779 424 3795 .
742 3778 752 3794 .
783 3776 792 3795 .
1028 3780 1038 3797 .
1343 3742 1376 3798 et
1406 3727 1557 3811 similes,
1588 3750 1667 3794 cum
1697 3738 1921 3795 vescerentur
1949 3748 2040 3815 agno
2065 3725 2257 3817 paschatis,
2293 3748 2330 3807 et

309 3798 361 3847 ⁵⁰⁵
379 3780 470 3847 Μ’
491 3770 671 3847 habebant
692 3802 880 3869 ⁰9¹⁰¹⁰¹¹⁶⁸
895 3779 939 3849 de
951 3774 1114 3863 (Μηδίῳ
1139 3804 1212 3849 ¹¹⁰⁰
1231 3804 1290 3898 ω’.
1342 3832 1387 3899 de
1402 3825 1467 3897 hac
1484 3828 1742 3898 consociatione
1755 3828 1903 3896 fratrum
1921 3840 1954 3897 et
1968 3824 2203 3900 cohaeredum
2220 3829 2329 3903 Chri-

305 3880 881 4073 ξζὶᾚῗ,ὃῑῗᾞέᾞὲἓὲἒὲξέ
885 3904 976 4067 '12⁰3
978 3882 1290 4074 emmim&
1341 3946 1416 4051 stus
1436 3925 1498 3999 hic
1516 3929 1764 4008 concionatur,
1790 3930 1849 3997 sed
1871 3925 1993 3997 ludaei
2009 3930 2169 4001 fascinati
2185 3955 2329 4021 persua-

304 4098 379 4152 raut
399 4084 446 4151 de
469 4080 598 4151 fiducia
620 4075 730 4152 huius
745 4082 926 4168 victimae,
952 4086 1012 4153 sed
1027 4098 1165 4156 tantum
1179 4078 1290 4165 babet
1342 4056 1443 4102 ”⁰¹¹⁶
1468 4033 1513 4101 de
1536 4033 1686 4119 imper&
1708 4031 1909 4113 m⁰⁰d⁸⁰⁰‘
1934 4052 1999 4099 ¹¹²⁰
2021 4054 2124 4103 'uum
2141 4048 2264 4128 lypum
2283 4039 2329 4109 d‘

304 4182 384 4253 lini
400 4206 465 4254 ³⁰⁸
480 4204 621 4255 ⁸⁰m¹¹¹³
637 4184 681 4253 (ὴ
697 4182 849 4276 lm9⁰¹i⁰
865 4187 1057 4255 mundam·
1342 4260 1497 4306 errorem
1518 4258 1641 4305 eorum
1665 4235 1793 4305 refutat
1815 4228 1997 4318 Christus,
2029 4235 2192 4326 opposita
2213 4238 2329 4310 forma

400 4330 575 4405 Ostendit
590 4346 708 4405 autem
716 4331 880 4407 Christus
894 4337 1084 4407 discrimen
1098 4336 1290 4409 interPro-
1341 4340 1397 4408 sui
1415 4337 1530 4428 regni:
1556 4336 1722 4407 Absurde
1740 4335 1842 4403 vobis
1857 4334 1979 4405 concio
1996 4336 2040 4404 de
2054 4339 2327 4411 manducatione

304 4432 424 4525 phetas
453 4449 610 4507 caeteros
637 4448 672 4508 et
692 4458 777 4511 sese.
842 4436 1068 4511 Caeterorum
1092 4437 1289 4531 Propheta·
1341 4440 1501 4523 videtur,
1523 4439 1636 4525 magis
1658 4437 1747 4505 mira
1771 4457 1826 4503 res
1847 4434 1912 4506 erit
1935 4439 2145 4509 resurrectio
2170 4462 2190 4509 a
2212 4454 2327 4511 morte

304 4562 377 4607 rum
398 4562 482 4607 caro
499 4551 534 4610 et
550 4538 693 4627 sanguis
709 4562 782 4607 non
798 4542 1053 4620 manducatur,
1079 4542 1138 4610 sed
1155 4542 1290 4612 doctri·
1341 4556 1373 4611 et
1403 4541 1517 4611 forma
1548 4539 1669 4628 regni,
1713 4560 1793 4606 cum
1824 4536 1978 4625 potentia
2008 4538 2130 4608 divina
2159 4541 2326 4629 regnabo.

306 4664 347 4709 na
370 4653 512 4711 tautum
534 4641 696 4712 auditura
723 4639 821 4710 aliud
845 4654 896 4712 est
912 4665 1053 4710 carnem
1071 4637 1178 4711 huius
1191 4641 1289 4713 Mes-
1339 4641 1419 4713 Hoc
1457 4640 1564 4712 sentit
1594 4662 1674 4709 cum
1705 4639 1772 4710 ait:
1819 4635 1996 4707 Videbitis
2024 4638 2138 4708 hlium
2169 4636 2326 4713 hominis

306 4742 371 4810 siae
390 4745 609 4811 manducare
630 4753 664 4810 et
686 4742 810 4812 bibere
830 4742 1049 4831 sanguinem.
1101 4740 1172 4815 Hic
1192 4746 1288 4813 enim
1340 4746 1607 4827 ascendentem,
1645 4740 1810 4811 obierat
1839 4740 1955 4828 prius,
1990 4738 2027 4807 id
2058 4753 2127 4825 est,
2160 4746 2326 4816 ascendet

305 4843 341 4913 lit
361 4843 505 4915 victima
529 4866 595 4934 pro
622 4842 745 4927 nobis,
780 4858 815 4917 et
839 4844 1062 4913 sentiendum
1088 4859 1139 4916 est
1160 4846 1288 4915 fiducia
1340 4848 1384 4915 ad
1408 4858 1563 4934 patrem,
1596 4854 1806 4933 regnaturus
1827 4840 1949 4909 divina
1972 4842 2148 4935 potentia,
2176 4846 2324 4916 daturus

307 4936 406 5014 huius
420 4944 586 5014 sacrificii
599 4942 828 5016 nobisDeum
844 4947 1019 5037 placatum
1037 4968 1119 5017 esse.
1172 4944 1288 5017 lnter·
1340 4947 1515 5038 Spiritum
1544 4958 1705 5015 sanctum
1734 4956 1768 5013 et
1795 4942 1903 5009 vitam
1927 4954 2124 5024 aeternam,
2158 4945 2324 5017 defensu-

307 5044 378 5117 iecti
391 5060 477 5117 sunt
492 5059 527 5117 et
540 5045 601 5116 alii
614 5045 748 5130 saneti,
773 5061 815 5119 ut
830 5042 938 5131 Abel,
959 5060 995 5118 et
1011 5048 1113 5117 multi
1129 5044 1288 5140 Prophe·
1339 5072 1399 5118 rus
1416 5044 1623 5118 Ecclesiam.
1676 5044 1751 5114 Vos
1772 5042 1958 5133 expectatis
1975 5040 2162 5131 Messiam,
2186 5046 2247 5138 qui
2266 5048 2325 5117 det

313 5158 377 5231 tae,
402 5146 549 5231 Esaias,
581 5144 768 5228 Ieremias,
798 5163 834 5220 et
853 5149 936 5233 alii,
969 5150 1029 5218 sed
1051 5144 1182 5218 horum
1206 5174 1288 5219 caro
1339 5152 1442 5221 vohis
1471 5148 1659 5239 imperium
1688 5144 1833 5228 mundi,
1867 5164 1931 5229 ego
1959 5166 2016 5212 me
2036 5144 2152 5235 ipsum
2176 5149 2324 5217 daturus

310 5270 375 5317 oon
393 5262 444 5319 est
466 5250 590 5333 cibus,
613 5250 836 5339 necsanguis
850 5264 902 5323 est
917 5262 1039 5340 potus,
1063 5250 1189 5334 idest,
1213 5275 1287 5320 non
1340 5275 1437 5337 sum,
1470 5249 1566 5343 quod
1590 5249 1670 5339 plus
1693 5260 1761 5328 est,
1784 5258 1818 5316 et
1841 5241 2041 5335 societatem
2062 5257 2225 5317 aeternae
2246 5250 2323 5338 glo·

311 5368 354 5420 est
376 5351 601 5422 sentiendum
624 5345 691 5419 hos
706 5350 814 5421 fuisse
829 5350 990 5423 victimas
1004 5352 1182 5444 placantes
1197 5351 1287 5421 iram
1339 5354 1430 5424 riae:
1457 5352 1613 5440 regnabo
1629 5348 1724 5419 enim
1741 5346 1862 5416 diviua
1879 5345 2054 5438 potentia,
2079 5357 2143 5417 etc.

309 5444 386 5537 Itei,
409 5454 472 5522 sed
494 5452 592 5525 solus
605 5446 771 5524 Christus
795 5464 848 5523 est
869 5452 932 5522 illa
947 5454 1109 5540 victima,
1134 5476 1204 5547 qua
1219 5454 1288 5526 niti
1867 5513 1873 5532 .
1975 5510 1984 5530 .
2223 5512 2267 5534 ..

310 5574 369 5623 mos
397 5566 557 5655 oportet,
589 5555 698 5623 etde
728 5576 799 5646 qua
829 5554 1055 5626 statuendum
1086 5567 1160 5644 est,
1191 5558 1287 5647 quod
1390 5513 1472 5595 0⁰7
1472 5543 1495 5592 ⁰
1522 5540 1662 5635 Μ”,Ρζ
1662 5510 1762 5633 ‘lam
1791 5510 1892 5585 ⁹⁰⁶³
1914 5534 2132 5613 ‘imfimo
2168 5523 2324 5612 ⁸P⁸V¹¹¹¹⁸

310 5668 445 5746 propter
465 5678 544 5725 eam
566 5652 662 5725 Deus
683 5655 790 5725 nobis
812 5655 967 5726 remittat
989 5668 1141 5748 peccata.
1191 5654 1289 5729 Haec
1443 5629 1514 5705 ⁶⁸¹2
1538 5644 1604 5720 ful
1620 5612 1791 5711 Vllfiwl·

313 5752 389 5827 ides
416 5770 470 5829 est
495 5756 710 5842 necessaria,
742 5756 825 5827 ideo
847 5778 929 5826 cum
951 5758 997 5826 dc
1016 5759 1290 5830 manducatione
1416 5754 1488 5828 llic
1502 5778 1620 5828 nonus
1642 5754 1742 5823 locos
1765 5761 1834 5834 est,
1859 5746 1898 5817 in
1919 5772 1991 5843 quo
2006 5744 2187 5839 abrumpit
2202 5747 2327 5839 dispu-

311 5858 494 5931 aeeessan‘a
507 5858 695 5953 loquatur,
719 5881 795 5931 non
810 5858 1100 5948 ceremonialem,
1123 5859 1185 5932 sed
1198 5855 1292 5933 hanc
1340 5861 1533 5954 tationem,
1557 5881 1598 5929 ac
1615 5854 1711 5927 redit
1725 5851 1905 6028 sidolpcnm
1921 5870 2028 5945 supra
2043 5860 2247 5931 tractuum,
2271 5848 2328 5919 vi·

1342 4158 1453 4224 agno,
1478 4156 1544 4203 nec
1558 4126 1693 4202 Christi
1714 4131 1920 4201 concionem
1936 4131 2192 4222 intelligebant.
2243 4136 2329 4208 ldeo
2455 4156 2487 4173 ⁴·
