5825 6950
316 687 393 766 lio
606 685 710 768 Xlll.
764 690 799 764 t.
832 683 1230 766 montuosus
1252 688 1305 768 lli
1327 685 1485 767 EPIST.
1510 687 1660 769 PAULI
1686 691 1755 771 AD
1779 693 2051 781 ROMANOS.
2276 705 2351 786 ιιι

314 867 414 953 daei,
445 863 733 962 nequientem
755 861 824 938 Dei
845 856 1047 956 habebant,
1085 864 1149 964 qui
1171 863 1304 962 gloris-
1461 865 1511 944 ιι.
1550 865 1822 962 Argumentum.
1873 871 1982 946 lacols
2002 875 2132 950 eleclus
2152 891 2224 968 est,
2247 877 2344 957 Ειιιι

313 972 448 1043 untur
464 991 502 1040 se
517 969 647 1040 mereri
668 969 857 1045 iusticiam.
1355 972 1586 1063 repudiatur,
1612 973 1818 1070 priusquam
1835 974 1974 1071 aliquid
1998 979 2086 1049 boni
2101 995 2164 1054 aut
2184 982 2269 1056 mali
2290 985 2344 1057 le-

407 1073 534 1167 ltaqoe
558 1073 793 1164 disputabant
816 1071 1072 1165 promissiones
1096 1075 1141 1145 de
1155 1069 1301 1147 Christo
1353 1073 1494 1150 cissent.
1547 1073 1642 1147 Hinc
1658 1075 1791 1149 Paulus
1807 1081 2071 1151 conclusionem
2087 1081 2221 1174 effecit,
2251 1111 2343 1182 quse

309 1198 384 1246 non
404 1196 480 1246 ιιιι
494 1175 674 1267 impletas,
695 1175 780 1270 qnia
794 1198 870 1245 non
884 1176 1088 1267 contigisset
1105 1177 1190 1268 ipsis
1205 1179 1300 1251 salos
1352 1176 1537 1247 manileste
1558 1193 1661 1269 negat
1687 1182 1812 1253 merita
1835 1195 1957 1254 nostra
1989 1203 2128 1255 causam
2156 1187 2343 1263 electionis

307 1293 342 1350 et
370 1275 532 1369 Spiritus
564 1289 723 1364 sanctus,
755 1278 818 1374 qni
845 1279 979 1348 cultum
1008 1277 1077 1351 Dei
1108 1277 1299 1364 habebant,
1351 1298 1437 1353 esse.
1487 1277 1582 1372 Ergo
1599 1305 1706 1373 opera
1721 1305 1795 1354 non
1819 1297 1921 1356 erant
1941 1309 2065 1374 causa,
2091 1289 2152 1360 sed
2174 1290 2342 1364 voluntas

311 1380 375 1474 qni
398 1380 575 1450 iusticiam
590 1381 721 1452 mereri
744 1381 967 1452 videbantur.
1350 1381 1522 1455 vocantis.
1591 1383 1672 1455 Non
1695 1387 1823 1455 addam
1842 1380 1902 1458 hie
1923 1391 2103 1481 quomodo
2128 1393 2344 1466 cavillentur

408 1479 545 1554 Paulos
565 1483 710 1572 igitora
728 1483 870 1580 querela
890 1483 1048 1570 orditur,
1078 1497 1114 1556 et
1135 1484 1297 1576 deplorat
1349 1480 1415 1552 ista
1432 1483 1613 1560 nonnulli.
1665 1484 1823 1559 Tantum
1843 1483 1911 1558 hoc
1932 1491 2136 1565 meminerit
2151 1493 2282 1582 lector,
2307 1497 2339 1566 si

306 1580 524 1656 Indaeorum
552 1583 799 1656 delectionem.
859 1583 985 1657 Postea
1011 1588 1134 1674 docet,
1172 1601 1295 1660 nostra
1347 1606 1453 1676 opera
1469 1599 1630 1658 secutura
1645 1587 1684 1658 in
1703 1589 1774 1660 vita
1795 1603 1896 1662 erant
1917 1612 2020 1662 causa
2038 1593 2240 1687 electionis,
2262 1621 2339 1670 non

303 1687 428 1758 merita
451 1709 528 1757 non
548 1709 624 1758 esse
644 1709 786 1760 eanum
808 1686 1003 1760 electionis.
1346 1686 1448 1761 licuit
1463 1689 1580 1762 dicere
1595 1686 1728 1780 Paulo,
1755 1716 1830 1765 non
1843 1715 1884 1763 ex
1900 1695 2081 1786 operibus.

405 1786 562 1878 Querela
576 1802 644 1861 est:
671 1787 862 1862 Veritatem
878 1790 1032 1865 dieoetc.
1058 1787 1296 1866 Vehementer

305 1890 407 1962 doleo
423 1891 524 1985 quod
539 1889 663 1962 ludaei
677 1904 849 1985 pereunt,
873 1915 914 1962 sc
930 1893 1083 1985 optarim
1104 1917 1185 1965 meo
1201 1895 1294 1966 inte-
1743 1871 1940 1958 ⁰⁶⁰“W‘ffi

307 1996 374 2064 rito
390 2015 457 2063 eos
471 1992 659 2066 redimere.
711 1989 783 2064 llic
802 1992 920 2067 statim
944 1995 1089 2067 subiicit
1105 1999 1294 2070 correctio.
1445 1988 1552 2067 Vidit
1575 1991 1708 2066 Paulus
1739 1990 1832 2067 hane
1857 1999 1902 2068 de
1929 1997 2103 2072 electione
2126 2004 2338 2077 sententiam

307 2117 404 2180 nem,
429 2092 518 2166 Non
538 2097 635 2189 qood
652 2095 824 2168 exciderit
837 2118 953 2168 sermo
970 2095 1057 2180 Dei,
1077 2097 1197 2186 idest,
1218 2124 1294 2172 non
1346 2089 1540 2166 abhorrere
1562 2118 1582 2165 a
1603 2096 1738 2168 iudicio
1756 2099 1921 2171 rationis:
1947 2101 2028 2172 ideo
2045 2119 2334 2193 argumentum

305 2199 348 2268 sic
370 2209 462 2268 sunt
484 2197 613 2268 abiecti
637 2197 779 2283 Iudaei,
816 2212 859 2270 ιιι
882 2198 973 2268 nulli
995 2214 1128 2293 queant
1151 2203 1294 2289 servari,
1346 2195 1486 2268 ratione
1506 2211 1662 2270 sumtum
1684 2199 1825 2287 obiicit,
1858 2226 1932 2296 quo
1957 2199 2051 2274 nihil
2075 2227 2165 2298 opus
2186 2220 2283 2296 erat,
2305 2211 2339 2280 si

304 2315 339 2372 at
354 2299 619 2398 promissiones
632 2300 743 2371 tactae
757 2299 812 2371 illi
824 2302 957 2393 popolo
971 2301 1093 2374 irritae
1107 2304 1190 2376 sint.
1216 2301 1293 2375 lmo
1346 2296 1480 2369 Paulus
1505 2299 1667 2373 sensisset
1693 2302 1818 2374 merita
1845 2318 1966 2376 nostra
1989 2327 2129 2378 causam
2153 2309 2338 2382 electionis

306 2401 530 2472 firmissimae
544 2415 629 2474 sont
644 2403 913 2494 promissiones,
927 2426 1038 2498 quare
1051 2429 1125 2476 noo
1142 2407 1293 2479 dubium
1328 2409 1432 2474 'essa
1482 2399 1587 2473 Dicat
1602 2404 1697 2472 enim
1712 2403 1858 2500 aliquis:
1885 2405 1926 2478 Si
1944 2407 2064 2479 David
2086 2421 2122 2480 et
2135 2407 2222 2482 Saul
2238 2412 2337 2486 iuxta

309 2517 383 2589 ιιι,
402 2505 493 2596 quin
509 2500 666 2576 adhunc
677 2505 855 2597 populum
871 2507 1044 2597 pertineat
1060 2509 1167 2582 salos.
1347 2497 1440 2572 nihil
1455 2519 1648 2591 merentur,
1669 2506 1814 2600 iniquus
1829 2509 1939 2599 igitur
1957 2524 2007 2580 est
2021 2507 2137 2593 neus,
2162 2513 2226 2605 qui
2241 2509 2339 2587 hunc

405 2602 548 2676 Deinde
563 2607 725 2699 sequitur
740 2604 942 2700 Propositio
958 2607 1165 2700 principalis
1186 2605 1294 2683 buius
1346 2605 1464 2696 eligit,
1490 2607 1593 2678 illum
1614 2631 1688 2679 uon
1705 2608 1815 2700 eligit.
1865 2608 1948 2682 Non
1969 2613 2113 2684 videtur
2131 2608 2218 2686 haec
2238 2617 2339 2688 inac-

299 2707 568 2799 disputationis.
598 2707 682 2779 Non
696 2709 900 2802 omnesqui
917 2723 1059 2782 suntet
1076 2710 1294 2798 lsraiil,sunt
1346 2707 1498 2802 qualitas
1517 2722 1552 2779 et
1582 2706 1879 2808 προσωποιηψία
1906 2713 1946 2783 in
1974 2715 2146 2806 optimam
2168 2729 2335 2791 naturam

294 2809 544 2904 lanctusque
553 2811 940 2897 omneasuntlilii,ideo
948 2813 1031 2908 quia
1039 2811 1294 2888 suntAbralssc
1344 2808 1413 2878 Dei
1439 2813 1574 2882 eadere·
1627 2812 1668 2885 Si
1689 2814 1816 2885 merita
1839 2815 2001 2886 omnium
2026 2817 2125 2908 Parit
2146 2832 2247 2902 mul,
2273 2843 2339 2892 tur

294 2935 435 2988 semen.
460 2911 534 2984 Sed
548 2912 694 2984 inlsaac
706 2914 974 2986 vorabiturtibi
990 2939 1124 3004 semen,
1146 2914 1215 2990 hoe
1228 2932 1294 3005 est,
1346 2935 1421 2981 non
1446 2928 1529 2984 sunt
1550 2914 1648 3006 paria
1671 2914 1825 3007 praemia
1847 2930 1909 2988 aut
1922 2941 2026 3011 pares
2041 2921 2204 3011 poenae?
2236 2921 2337 2994 ludi·

299 3015 365 3084 islii
383 3013 596 3087 earnisnsm
612 3029 697 3087 sunt
716 3015 782 3086 lilii
797 3013 885 3101 Dei,
912 3019 973 3088 sed
997 3018 1063 3090 filii
1086 3020 1294 3112 promissio.
1345 3037 1420 3083 cem
1445 3016 1598 3086 maxime
1620 3019 1722 3088 decet
1741 3018 1954 3112 aequalitas,
1978 3020 2030 3092 sic
2053 3022 2149 3104 enim
2166 3023 2338 3120 inquiunt

302 3117 355 3186 nis
375 3131 591 3209 reputantur
619 3119 659 3188 in
687 3138 819 3192 semen.
871 3115 971 3191 Haec
1002 3135 1054 3194 ιιι
1085 3123 1294 3216 propositio,
1346 3111 1496 3189 Graeci:
1522 3111 1587 3190 ἶσα
1600 3109 1763 3212 πόλεμον
1778 3117 1825 3193 oti
1839 3123 1947 3194 ποιεῖ.

305 3221 361 3289 ιιι
384 3217 570 3310 implicata
590 3219 726 3311 primae
740 3221 965 3312 probationi,
992 3213 1292 3317 quemadmodum
1447 3218 1580 3292 Paulos
1595 3221 1734 3311 mitigat
1748 3216 1840 3293 hanc
1855 3223 2092 3296 abiectionem
2108 3219 2177 3296 hoe
2192 3227 2313 3303 modo.

305 3321 378 3390 lieri
400 3322 507 3396 solet.
559 3319 658 3393 lnfra
680 3334 798 3393 autem
824 3323 1013 3418 aliquoties
1036 3326 1075 3396 in
1093 3329 1294 3399 conclusio-
1447 3322 1550 3392 Deus
1567 3345 1642 3392 non
1657 3324 1775 3394 reddit
1790 3325 1887 3416 paria
1904 3327 2066 3415 paribus:

305 3423 411 3495 nibus
431 3436 467 3495 et
483 3423 633 3517 epilogis
646 3425 819 3516 repetitur
839 3426 1049 3519 propositio.
1100 3426 1293 3503 Conclusio
1503 3421 1618 3517 lgitur
1634 3425 1775 3497 videtur
1789 3449 1862 3497 esse
1870 3428 2068 3502 iniustitia.

303 3528 397 3596 enim
419 3521 516 3596 nihil
538 3540 608 3615 est,
639 3527 711 3597 nisi
729 3527 1038 3618 repetitiostatne.
1087 3527 1153 3607 ιιιι
1175 3548 1293 3607 autem
1396 3524 1441 3597 ln
1475 3520 1543 3597 hoc
1571 3541 1778 3617 argumento
1818 3530 1932 3601 maior
1963 3531 2216 3621 distinguenda
2251 3530 2332 3604 erit.

302 3623 388 3699 haee
412 3630 588 3701 sententia
611 3630 879 3721 propositionis:
904 3630 990 3702 Filii
1013 3630 1082 3705 Dei
1104 3636 1196 3712 liunt
1220 3637 1295 3709 ιιι-
1346 3626 1491 3701 Instieia
1514 3643 1566 3701 etl
1594 3631 1742 3700 reddere
1770 3632 1888 3722 [mita
1928 3654 2010 3703 tum
2036 3634 2196 3705 debitum
2226 3631 2339 3703 mlvi·

299 3730 441 3818 dione,
466 3754 541 3802 non
558 3744 795 3825 natura„aut
809 3733 945 3806 meritis
962 3736 1093 3807 nostris
1345 3744 1417 3803 tur.
1469 3728 1561 3803 Nam
1584 3732 1623 3801 in
1645 3732 1814 3803 donando
1838 3730 1932 3805 nihil
1955 3757 2047 3827 opus
2062 3747 2115 3806 est
2136 3732 2235 3831 paria
2251 3734 2339 3807 dare

516 3895 587 3973 Β*
612 3894 1082 3979 Pm‘duiin‘i‘il'n‘·
1346 3833 1573 4005 psrtbffiuor
1603 3957 1678 4005 non
1709 3930 1874 4008 cohaeret
1903 3960 1984 4009 cum
2017 3936 2178 4025 maiora,
2220 3936 2340 4009 maior

402 4032 435 4111 l.
484 4032 535 4107 Ut
556 4048 675 4109 antem
694 4050 862 4129 appareat
880 4033 975 4109 lsane
995 4052 1202 4134 perpetuam
1218 4060 1297 4112 esse
1346 4036 1442 4107 enim
1459 4037 1620 4132 loquitur
1635 4039 1681 4107 de
1697 4038 1830 4113 debito.
1881 4036 2008 4111 Minor
2021 4040 2183 4135 loquitur
2205 4040 2250 4111 de
2273 4038 2338 4110 be-

295 4136 498 4229 seeiptnrae
521 4139 751 4224 sententiam,
774 4140 873 4213 ducit
895 4158 1101 4232 argumenta
1125 4144 1212 4215 inde
1231 4166 1294 4215 ns-
1339 4139 1500 4225 ‘neliciis,
1531 4162 1621 4234 quae
1643 4141 1753 4231 gratis
1771 4142 1972 4228 donantur,
2001 4132 2099 4216 Deus
2119 4166 2194 4215 non
2216 4140 2336 4213 reddit

293 4262 370 4329 que
385 4238 538 4331 aprima
560 4240 754 4327 electione,
784 4242 847 4313 ubi
872 4239 1039 4316 Abrahae
1060 4244 1250 4339 posteritas
1272 4270 1291 4317 a
1344 4241 1463 4332 paria,
1496 4242 1648 4327 seilicet,
1682 4244 1766 4336 quia
1787 4242 2001 4338 quibusdam
2030 4246 2142 4315 donat
2172 4244 2335 4315 salutem.

292 4340 451 4435 reliquis
465 4344 631 4431 gentibus
645 4338 880 4436 separata'est
930 4340 985 4416 Et
996 4360 1048 4419 ιιι
1062 4348 1219 4441 primurn
1234 4372 1293 4419 ar.
1345 4340 1450 4413 Tunc
1465 4344 1621 4415 accusari
1638 4344 1776 4416 iusticia
1793 4358 1925 4437 posset,
1949 4346 1980 4418 si
1996 4344 2093 4418 Dens
2107 4346 2251 4417 deberet
2266 4340 2336 4415 hoc

287 4456 528 4529 gementum.
572 4443 756 4536 Scriptura
772 4448 906 4541 inquit:
937 4444 980 4516 ln
995 4446 1295 4523 lsaacvocabitor
1343 4444 1554 4516 beneficium
1576 4446 1764 4532 omnibus,
1802 4448 1864 4515 sed
1887 4448 1971 4541 quia
2001 4470 2077 4518 non
2100 4448 2225 4531 debet,
2256 4467 2333 4515 non

287 4564 435 4615 ιιιιιιιι.
485 4542 582 4636 Ergo
603 4548 669 4616 lilii
694 4546 763 4618 Dei
783 4562 923 4621 tantum
945 4565 1049 4636 sunt,
1080 4552 1144 4645 qni
1167 4574 1188 4623 a
1213 4550 1293 4625 Deo
1344 4560 1395 4619 est
1409 4546 1611 4628 iniustitia,
1636 4548 1732 4641 quod
1753 4547 1893 4641 aliquos
1914 4550 2062 4633 liberat,
2088 4546 2333 4619 misericordia

286 4644 495 4734 eliguntur.
549 4646 590 4719 Si
614 4662 744 4721 natura
771 4663 836 4722 aut
862 4652 988 4722 merita
1015 4654 1174 4725 facerent
1198 4654 1293 4727 filios
1343 4648 1455 4740 magis
1477 4662 1549 4736 est,
1582 4662 1621 4719 ut
1644 4650 1675 4720 si
1696 4648 1862 4741 princeps
1885 4650 2016 4722 eximat
2038 4670 2173 4742 poenae
2193 4648 2334 4743 aliquos

288 4744 392 4833 Dei,
418 4749 508 4842 qnid
522 4771 614 4840 opus
635 4764 724 4822 esset
745 4752 1071 4844 promissionibus?
1117 4752 1207 4829 Gom
1223 4756 1292 4848 igi·
1343 4752 1613 4835 condemnatos,
1645 4750 1831 4821 clementia
1852 4752 1929 4825 erit.
2003 4749 2152 4823 Interim
2176 4760 2334 4821 nonest

292 4862 357 4920 tur
387 4850 580 4942 promissio
602 4852 746 4940 efficiat,
782 4866 826 4925 nt
845 4855 960 4949 aliqui
977 4856 1066 4928 liant
1086 4857 1169 4944 filii,
1206 4881 1292 4950 ergo
1341 4852 1515 4939 iniustus,
1542 4854 1572 4925 si
1593 4852 1753 4947 reliquos
1771 4850 1936 4925 similiter
1956 4852 2231 4938 condemnatos,
2256 4872 2333 4921 non

294 4974 374 5021 non
396 4966 452 5025 est
471 4976 530 5023 ιιι
549 4968 752 5025 nostrarum
773 4956 915 5027 virium.
966 4958 1042 5029 Αιιι
1061 4960 1092 5029 si
1108 4974 1162 5031 ιιι
1182 4982 1291 5052 penes
1341 4953 1470 5026 esim'st
1494 4977 1639 5047 poenae.

295 5066 470 5125 naturam
488 5054 567 5125 lieri
588 5056 701 5143 filios,
739 5080 849 5151 qnare
869 5055 966 5130 lsaac
987 5060 1147 5151 eligitur,
1177 5059 1290 5133 Chal·
1443 5054 1560 5129 Diluit
1581 5052 1837 5147 igiturPaulus
1860 5054 2097 5127 abiectionem
2121 5080 2187 5147 per
2213 5068 2331 5127 trans-

296 5156 401 5242 daei,
433 5152 603 5250 Aegyptii
624 5172 686 5230 snt
708 5159 773 5228 alii
797 5184 873 5231 non
896 5162 1093 5253 eliguntur,
1127 5165 1189 5260 qui
1214 5190 1289 5235 non
1341 5157 1533 5241 lationem,
1561 5161 1690 5250 eligere
1711 5169 1764 5228 est
1786 5157 2069 5238 miserioordiae,
2101 5180 2175 5228 non
2197 5169 2249 5227 ιιι
2265 5157 2331 5224 de-

297 5257 422 5329 minus
442 5258 598 5330 civiliter
624 5261 795 5333 vivebant
825 5262 923 5335 insta
954 5277 1138 5352 naturam,
1181 5290 1288 5360 qnam
1340 5261 1469 5331 bitom.
1528 5259 1643 5351 lgitur
1664 5258 1820 5331 accusari
1842 5258 1981 5330 iusticia
2005 5280 2080 5328 non
2104 5272 2229 5348 potest.
2280 5252 2330 5327 Et

299 5356 505 5446 Abraham,
538 5358 661 5432 lasse?
710 5360 759 5435 Ut
781 5364 812 5435 ai
834 5365 916 5461 quis
938 5364 1188 5454 ratiocinetur,
1224 5392 1292 5439 eur
1340 5363 1426 5434 citat
1448 5363 1567 5434 locum
1591 5360 1736 5445 Erodi,
1776 5374 1816 5431 nt
1839 5362 2004 5433 ostendat
2027 5361 2136 5449 gratis
2156 5361 2329 5431 donatum

300 5480 362 5533 nos
374 5466 425 5533 ad
440 5458 678 5553 Ilmngelium
696 5466 857 5552 vocavit,
886 5488 961 5538 non
979 5470 1117 5542 vocavit
1133 5466 1288 5542 Alexan·
1340 5464 1552 5535 beneficium
1570 5488 1663 5551 esse,
1687 5462 1897 5533 electionem
1917 5484 1992 5533 non
2015 5462 2191 5533 debitum:
2218 5459 2330 5532 Mise-

303 5560 404 5637 ‘irum
419 5562 692 5654 Macedoniem,
708 5564 929 5657 Augustum,
954 5568 1152 5659 Socratem,
1177 5570 1289 5643 Pom·
1338 5567 1446 5637 rebor
1460 5583 1526 5640 etc.
1677 5612 1681 5623 .

302 5667 452 5746 mntem
474 5661 654 5752 Atticum,
694 5669 756 5762 qui
777 5682 872 5739 certe
892 5692 968 5740 non
990 5671 1113 5743 minus
1136 5674 1290 5747 civiliter
1441 5668 1555 5739 Addit
1576 5662 1789 5759 Epilogum,
1815 5665 1947 5759 inquo
1967 5666 2071 5756 ponit
2093 5660 2326 5757 principalem

302 5762 470 5841 visebant
484 5790 592 5861 qoam
605 5792 681 5841 nos.
733 5766 804 5841 llic
822 5792 963 5843 necesse
977 5784 1029 5844 est
1045 5795 1185 5847 eausam
1203 5778 1288 5848 mii.
1338 5770 1619 5862 propositionem
1636 5763 1742 5839 huius
1763 5766 2026 5859 disputationis.
2077 5764 2168 5837 Nam
2185 5764 2224 5833 in
2248 5762 2325 5855 epi·

297 5878 374 5945 etre
396 5872 678 5945 in·vn!untatem
699 5869 779 5944 Dei.
1337 5872 1430 5965 logis
1457 5882 1669 5967 repetuntur
1696 5870 1983 5965 propositiones,
2026 5867 2112 5949 imo¹
2137 5864 2324 5938 interdum
