5825 6950
326 715 393 795 no
485 703 585 784 ιιιι.
635 682 998 786 a‘auauuauo
1024 705 1182 786 uersu.
1209 701 1414 785 aaronis
1439 699 1509 782 ao
1534 701 1865 787 nraurunuu.
1924 707 2029 785 car.
2049 710 2080 790 1.
2209 713 2309 788 raro

324 885 419 981 priori,
438 879 523 973 quod
548 878 593 950 sit
612 895 792 969 peccatum
815 880 1071 954 irremissibile.
1128 881 1265 954 Paulu·
1310 881 1429 955 licam.
1495 878 1594 956 Haec
1635 881 1842 955 discrimina
1884 897 2107 976 peecatorum
2150 883 2302 958 iudicari

323 985 428 1080 aliquod
448 981 626 1053 discrimen
652 983 807 1066 indicat,
834 1009 916 1056 curn
939 987 1009 1058 ait:
1040 983 1136 1076 Quia
1156 987 1240 1078 igno
1309 1001 1429 1075 postea
1446 1001 1612 1076 possunt,
1636 1011 1717 1060 cum
1734 987 1896 1058 videmus
1911 986 2053 1080 aliquos
2074 987 2300 1079 indulgenter

325 1113 381 1161 rans
395 1085 459 1159 leci.
1307 1089 1379 1161 sois
1396 1088 1579 1163 furoribus
1597 1091 1641 1162 ad
1659 1089 1916 1183 poenitentiam
1931 1087 2048 1160 redire
2062 1090 2232 1168 noluisse.

392 1186 449 1259 Sed
467 1183 522 1257 hic
543 1186 711 1259 oriamur
729 1189 971 1283 quaestiones,
1010 1188 1156 1278 Aaron,
1188 1190 1256 1263 Pe·

326 1315 386 1376 rus,
411 1285 595 1375 Manassm,
620 1313 697 1360 non
721 1305 957 1382 peccaverunt
976 1291 1197 1383 ignorantia,
1222 1310 1257 1366 et

323 1416 404 1466 amen
425 1393 545 1484 recepti
578 1404 681 1478 sunt,
713 1405 748 1464 et
777 1416 851 1463 esse
884 1394 1029 1489 aliquod
1065 1398 1255 1468 discrimen
1406 1392 1523 1486 Supra
1539 1395 1582 1465 de
1600 1393 1692 1487 Lege
1708 1395 1939 1466 concionatus
1955 1406 2025 1479 est,
2050 1415 2148 1464 nnnc
2170 1391 2296 1468 inserit

324 1495 434 1586 uempla
467 1495 668 1566 ostendunt.
742 1490 859 1567 Aliter
900 1497 1053 1594 deliquit
1091 1499 1256 1572 diabolus
1304 1495 1690 1587 summamEvangelii‚
1715 1500 1776 1568 sed
1793 1496 1897 1567 valde
1912 1496 2087 1582 breviter,
2107 1496 2190 1590 quia
2206 1495 2295 1565 scri-

323 1599 395 1666 ciens
413 1609 443 1666 et
458 1597 606 1686 superbe
628 1596 826 1688 despiciens
839 1599 977 1684 Deum,
1004 1601 1108 1673 aliter
1125 1599 1255 1684 Adam,
1303 1599 1356 1671 bit
1373 1601 1418 1668 ad
1438 1601 1656 1686 auditorem,
1689 1599 1750 1694 qui
1772 1600 1887 1670 fuerat
1911 1597 2023 1690 ipsius
2046 1620 2162 1668 comes
2183 1597 2292 1688 longo
2396 1659 2401 1674 ,

324 1706 420 1780 taron,
448 1698 612 1784 scientes,
645 1700 708 1769 sed
729 1702 883 1791 superati
905 1701 1139 1774 infirmitate?
1182 1703 1251 1778 Sed
1302 1714 1480 1791 tempore,
1513 1717 1548 1771 et
1563 1703 1654 1772 bene
1672 1714 1886 1791 cognoverat
1900 1711 2011 1773 totam
2027 1699 2211 1772 doctrinae
2228 1722 2295 1768 so·

325 1823 355 1870 os
372 1798 559 1891 omittamus
579 1794 643 1870 has
665 1801 909 1894 quaestiones,
934 1817 971 1875 et
991 1804 1187 1878 iudicemus
1209 1810 1253 1878 de
1301 1827 1388 1878 cem.
1439 1799 1493 1874 Ac
1510 1803 1614 1874 initio
1636 1803 1846 1874 asseveratio
1864 1802 1979 1893 posita
1996 1817 2068 1892 est,
2094 1797 2222 1873 Certus
2240 1811 2293 1872 est

324 1901 530 1976 olontateDei
547 1902 643 1972 irrata
662 1904 811 1972 verbnm
829 1904 963 1995 ipsius:
998 1903 1105 1978 Hunc
1121 1911 1252 1980 audite.
1301 1928 1417 1974 sermo
1439 1920 1473 1976 et
1496 1905 1696 1977 firmissime
1722 1904 1999 1998 amplectendus.
2049 1901 2129 1973 Hae
2151 1923 2291 1974 asseve-

323 2001 404 2070 lmois
418 2002 472 2096 qui
486 2003 597 2073 credit
612 2004 651 2072 in
666 2002 791 2089 filiurn,
810 2002 918 2080 hahet
933 2009 1042 2080 vitam
1059 2025 1252 2102 aeternam,
1300 2007 1437 2080 ratione
1459 2008 1498 2077 in
1521 2009 1625 2080 nobis
1648 2032 1790 2102 quoque
1811 2008 1917 2078 tidem
1941 2004 2210 2086 confirmemus,
2249 2015 2291 2074 ιιι

324 2104 514 2174 ,ηιειειιιιιυι
547 2105 661 2176 filium
695 2105 783 2192 Dei,
824 2120 860 2180 et
895 2109 1143 2184 iusiurandum
1186 2116 1251 2186 toti
1301 2132 1341 2177 ex
1368 2109 1655 2181 dubitationibus
1678 2109 1891 2194 eluctemur,
1929 2121 1964 2179 et
1990 2129 2072 2177 vere
2094 2117 2290 2179 statuamus

324 2229 383 2302 qno
397 2205 531 2296 peccati.
585 2206 746 2278 Sciamus
763 2207 868 2278 etiam
888 2215 1157 2287 anteferendum
1178 2239 1252 2288 esse
1300 2233 1366 2280 nos
1388 2211 1499 2304 recipi
1520 2226 1554 2283 et
1577 2211 1747 2285 exaudiri.

323 2309 383 2378 iun
397 2305 460 2376 Dei
482 2307 567 2379 voci
587 2308 690 2398 legis:
717 2308 783 2382 etsi
797 2324 914 2383 sutem
932 2310 1019 2386 haec
1041 2338 1158 2407 pugne
1180 2319 1250 2390 dit.
1402 2310 1470 2383 llic
1487 2327 1602 2384 autom
1618 2326 1752 2405 repetat
1767 2311 2014 2407 unusquisque
2027 2310 2122 2402 apud
2141 2329 2215 2380 sese
2230 2309 2289 2380 in·

324 2409 374 2478 :ilis
387 2423 415 2478 et
428 2432 555 2498 magua
572 2427 643 2492 est,
665 2426 784 2482 tamen
801 2408 867 2485 hae
880 2418 1023 2506 regulae
1039 2443 1141 2490 verae
1157 2433 1252 2508 suut,
1298 2429 1430 2503 lteram
1452 2415 1651 2487 doctrinam
1675 2415 1719 2484 de
1736 2411 2010 2496 Ῑῑιιῐῑῦιιῑῐῡῠθ,
2036 2414 2082 2482 (¹0
2102 2432 2172 2504 (1¹¹⁸
2195 2433 2290 2481 8θῶ-

334 2535 388 2578 ron
403 2512 649 2600 negligendae,
682 2514 778 2584 iuxta
795 2515 886 2587 illud
901 2515 1023 2614 Moysi
1037 2523 1153 2615 capite
1172 2525 1249 2600 tlt:
1298 2541 1361 2609 per
1379 2518 1503 2588 eodem
1520 2518 1627 2586 modo
1644 2515 1818 2598 dicimus,
1848 2529 1883 2586 et
1901 2513 2086 2584 exordium
2103 2504 2289 2584 doctrinae

326 2613 351 2678 oi
368 2637 428 2680 uon
451 2614 609 2684 audierit
624 2615 758 2702 filium,
784 2640 847 2708 ego
868 2621 965 2691 ultor
989 2646 1062 2693 ero.
1297 2643 1338 2688 ex
1354 2619 1472 2689 verbis
1486 2615 1633 2688 Domini
1650 2617 1823 2687 sumimus
1834 2644 1842 2688 :
1853 2614 1921 2687 ‘lte
1937 2615 2180 2707 praedicantes
2201 2635 2289 2706 poe·

371 2713 457 2785 lianc
481 2716 767 2787 consolationem
789 2742 927 2806 veram,
951 2736 992 2794 ιιι
1009 2725 1105 2814 dixi,
1130 2740 1251 2800 tenea.
1296 2719 1484 2792 nitentiam
1507 2733 1540 2790 et
1558 2720 1800 2789 remissionem
1825 2731 2048 2810 peccatorum
2075 2715 2113 2786 in
2139 2714 2286 2786 nomine

325 2837 366 2896 os,
393 2831 422 2886 et
445 2839 512 2888 nos
541 2818 910 2910 ipsos·exuscitemus‚
955 2838 990 2894 et
1012 2827 1101 2899 atior
1126 2853 1251 2901 omnes
1295 2845 1388 2896 meo.
1425 2818 1523 2891 Haec
1538 2821 1613 2891 fieri
1629 2833 1768 2913 oportet
1784 2821 1821 2890 in
1839 2818 2079 2892 conversione.
2122 2814 2287 2888 Primum

321 2931 437 2987 rtemur
459 2921 505 2988 ad
532 2919 791 3010 poenitentiam
816 2938 850 2994 et
872 2925 918 2994 ad
939 2925 1066 3011 iidem,
1098 2928 1189 3004 sicut
1216 2945 1250 3003 et
1296 2936 1434 3014 oportet
1450 2923 1550 3014 argui
1569 2936 1770 3013 peccatum,
1796 2920 2029 3016 perterrelieri
2045 2920 2170 3004 corda,
2195 2919 2287 2991 sicut

323 3019 417 3088 ostoli
447 3017 513 3092 hos
556 3021 652 3114 ipsos
682 3017 873 3094 hortantur
899 3027 945 3096 ad
974 3032 1250 3120 poenitentiam,
1294 3036 1328 3095 01
1346 3024 1526 3095 Dominus
1549 3023 1688 3117 inquil,
1714 3021 1825 3094 Marc·
1844 3025 1877 3096 1·
1899 3046 1995 3113 cap.:
2030 3021 2136 3110 Agite
2158 3019 2287 3110 poeni·

320 3121 380 3190 ibus
400 3117 501 3197 Aeto.
527 3123 568 3196 4.
594 3125 735 3194 dicunt:
772 3122 880 3196 Hunc
901 3141 1020 3200 autem
1045 3133 1161 3206 lesum
1184 3158 1249 3206 ros
1294 3127 1456 3197 tentiam.
1507 3124 1552 3196 Ει
1570 3127 1605 3199 2.
1622 3120 1789 3198 Corinth.
1807 3131 1843 3204 7.
1864 3123 2015 3194 dicitur:
2042 3120 2206 3194 Tristitia
2228 3143 2285 3190 se-

322 3223 478 3303 cifiristis.
520 3219 577 3296 Et
604 3225 708 3295 multi
732 3249 774 3296 ex
795 3221 853 3298 his
874 3253 956 3299 vere
978 3236 1140 3306 conversi
1163 3250 1249 3309 suut
1293 3230 1452 3299 cundum
1476 3225 1592 3298 Deum
1616 3227 1874 3321 poenitentiam
1902 3224 2014 3296 efficit
2044 3225 2089 3294 ad
2121 3223 2284 3294 salutem.

324 3321 440 3398 Deum.
491 3323 546 3398 Et
572 3327 646 3397 sint
666 3329 773 3398 nobis
803 3329 841 3398 in
870 3349 1060 3425 conspectu
1087 3340 1248 3430 exempla
1293 3325 1340 3400 Et
1356 3324 1482 3400 Esaiae
1499 3329 1647 3402 ultimo:
1689 3326 1747 3400 Ad
1772 3351 1877 3424 quem
1902 3323 2112 3419 respiciam?
2135 3325 2180 3396 ad
2196 3345 2284 3395 con-

320 3449 392 3523 on,
433 3427 543 3502 Pauli
574 3442 611 3502 et
635 3429 829 3502 multorum
852 3433 1034 3525 aliorum,
1071 3439 1136 3535 qni
1164 3465 1246 3513 eum
1294 3431 1418 3505 tritum
1443 3446 1477 3503 et
1501 3426 1748 3514 humiliatum,
1798 3441 1834 3503 et
1864 3442 2072 3502 trementem
2100 3446 2283 3510 sermones

321 3546 385 3601 sent
403 3547 676 3623 persecutores,
705 3547 823 3623 postea
841 3539 1003 3608 conversi
1026 3557 1122 3616 sunt,
1293 3558 1402 3607 meos.
1452 3529 1501 3605 Ει
1523 3532 1772 3605 iusiurandum
1796 3530 1986 3623 flagitatio
2002 3528 2108 3601 nobis
2131 3551 2284 3600 conver·

340 3632 377 3703 st
397 3636 463 3727 qui
486 3657 587 3705 vero
612 3636 745 3706 nolunt
766 3637 892 3707 audire
915 3634 1009 3711 hanc
1031 3644 1247 3717 consolatio-
1292 3638 1429 3707 sionem
1447 3660 1527 3706 curn
1545 3637 1682 3729 inquit,
1707 3629 2064 3707 Ezech.18.etflb.:
2090 3627 2186 3701 Vivo
2202 3651 2280 3722 ego,

333 3783 342 3811 ,
372 3738 460 3827 quid
477 3738 616 3809 attinet
633 3730 678 3806 de
699 3736 749 3807 eis
770 3737 969 3829 disputare,
1000 3768 1079 3815 cum
1104 3772 1146 3817 eo
1167 3747 1246 3839 ipso
1292 3738 1378 3809 uolo
1405 3752 1557 3809 mortem
1591 3736 1803 3827 peccatoris,
1843 3736 1904 3805 scd
1933 3748 1974 3806 ut
1994 3745 2222 3804 convertatur
2245 3743 2280 3802 et

323 3838 460 3908 ibiliter
497 3850 671 3930 peccent,
715 3841 812 3933 qnod
843 3855 929 3913 tunc
960 3860 1090 3937 negant
1122 3872 1244 3919 vocem
1292 3840 1399 3910 vivat.
1458 3836 1507 3910 El
1538 3834 1707 3929 Exempla
1741 3849 1960 3925 congruunt,
2004 3831 2140 3918 Adam,
2178 3829 2256 3905 Eva
2264 3881 2279 3918 ,

326 3940 440 4025 agelli,
470 3938 612 4012 Gratia
635 3942 803 4013 exuberat
826 3966 932 4034 supra
954 3964 1148 4036 peceatum,
1197 3948 1245 4023 Ει
1265 3965 1268 4004 =
1290 3938 1427 4023 David,
1453 3953 1663 4011 accusantur
1679 3953 1712 4009 et
1728 3933 1950 4009 horribiliter
1966 3946 2212 4029 expavescunt.

323 4040 565 4126 carneadia,
593 4053 634 4111 oc
649 4042 767 4130 potius
783 4045 910 4113 matins
931 4047 1007 4119 fieri
1022 4054 1158 4123 aeterni
1173 4048 1243 4123 bo·
1391 4039 1469 4114 llos
1494 4064 1641 4135 pavores
1663 4054 1853 4112 accensum
1877 4036 2038 4109 iraenei
2062 4046 2280 4107 vocaverunt

323 4138 407 4227 Dei,
434 4166 558 4239 quarn
586 4143 778 4230 coningere
794 4146 837 4213 ad
855 4145 980 4221 lilium.
1030 4150 1115 4223 Hoc
1135 4157 1243 4225 modo
1264 4208 1267 4218 .
1289 4144 1419 4216 usitate
1445 4144 1715 4227 contritionem,
1747 4144 1791 4212 de
1813 4166 1882 4235 qua
1908 4153 2003 4212 recte
2022 4138 2175 4210 docendi
2195 4148 2280 4209 sunt

321 4258 372 4314 mt
387 4247 505 4315 multi
527 4246 705 4315 omnibus
723 4247 915 4333 aetatibus,
940 4265 980 4321 ut
997 4248 1106 4340 Saul,
1131 4251 1244 4326 Achi.
1264 4317 1266 4330 ,
1290 4240 1472 4333 homines,
1506 4267 1552 4314 ne
1570 4244 1626 4315 vel
1645 4244 1749 4315 nobis
1763 4244 1833 4337 ipsi
1853 4242 2083 4314 blandiamur
2101 4262 2203 4310 coeca
2222 4259 2278 4307 se-

320 4346 363 4429 el,
392 4344 529 4433 ludas,
553 4345 688 4429 Arius,
710 4359 744 4416 et
758 4362 882 4418 nostro
898 4353 1243 4442 temporeLatomue
1289 4348 1458 4433 curitate,
1486 4348 1543 4418 vel
1567 4369 1712 4417 ruamus
1736 4346 1775 4416 in
1801 4344 2100 4435 desperationem,
2125 4338 2181 4408 vel
2204 4336 2278 4408 lae-

319 4450 486 4535 niensis‚
516 4446 781 4531 Hoffmeister,
808 4464 842 4519 et
857 4450 919 4519 alii
933 4453 1060 4541 multi,
1086 4482 1241 4551 qnorum
1288 4450 1397 4518 datur
1420 4452 1533 4538 gloria
1556 4448 1621 4517 fiffi
1644 4444 1730 4533 Dei·
1768 4459 1802 4518 ⁰¹
1833 4445 1995 4518 delfflffl'
2019 4437 2278 4530 Evangeliums

315 4550 468 4641 plorum
490 4548 727 4639 cogitatione
742 4570 1063 4641 expavescamus,et
1079 4574 1240 4652 petamus
1287 4551 1377 4620 sicut
1403 4548 1570 4623 monachi
1597 4562 1706 4622 tetros
1737 4569 1874 4619 errores
1902 4546 2102 4627 linxerunt,
2144 4538 2277 4635 quibus

317 4654 372 4741 egi
392 4669 431 4726 et
457 4653 688 4724 confirmari
705 4648 843 4742 Spiritu
859 4668 993 4729 sancto.
1034 4656 1134 4733 Sicut
1149 4662 1240 4733 scri.
1286 4648 1523 4742 Evangelinm
1541 4672 1684 4745 prorsus
1699 4652 1924 4721 obscuratum
1946 4659 2016 4731 est,
2042 4657 2076 4716 et
2093 4668 2175 4715 vera
2190 4666 2278 4713 con·

333 4770 390 4827 est
424 4754 529 4842 Luc,
563 4752 645 4823 11.:
686 4750 833 4842 Quanto
860 4756 971 4847 magis
996 4774 1098 4851 pater
1123 4778 1239 4833 vester
1260 4837 1263 4846 Ι
1287 4754 1413 4825 solatio
1431 4756 1500 4846 piis
1516 4752 1696 4824 mentibus
1714 4763 1830 4839 erepta
1846 4766 1911 4825 est.
1946 4746 2162 4840 Quanquam
2179 4746 2276 4815 enim

316 4855 363 4925 tis
387 4858 508 4928 dabit
536 4854 728 4949 Spiritum
752 4871 914 4930 sanctum
935 4861 1154 4952 petentibus,
1189 4862 1238 4938 Et
1258 4923 1262 4934 ,
1286 4878 1410 4927 verum
1426 4870 1498 4941 est,
1524 4868 1689 4949 oportere
1705 4854 1742 4923 in
1760 4852 1863 4923 nobis
1878 4872 1953 4923 esse
1968 4850 2122 4944 aliquam
2139 4846 2277 4921 contri-

310 4958 403 5030 ndio
432 4959 650 5030 discamus
678 4956 883 5046 veritatem,
927 4974 962 5031 et
984 4986 1170 5039 caveamus
1193 4990 1239 5039 ne
1259 4959 1262 4976 '
1285 4959 1437 5043 tionem,
1471 4960 1611 5053 aliquos
1631 4978 1796 5045 pavores,
1830 4968 1864 5025 et
1881 4953 2022 5025 dolores
2044 4950 2141 5045 quod
2160 4949 2276 5020 Deum

314 5082 600 5153 ppugnemus.
1257 5039 1561 5162 {offenderimnm
1610 5072 1729 5129 tamen
1759 5052 1797 5125 hi
1826 5058 1898 5127 dou
1929 5074 2066 5124 errores
2095 5048 2276 5167 salsissimi

310 5162 508 5236 {aeterum
539 5172 642 5233 sunt
659 5158 865 5244 discrimina
882 5162 978 5235 iuter
996 5181 1113 5239 errata
1133 5169 1237 5261 igno-
1257 5196 1260 5210 ·
1283 5175 1386 5247 sunt,
1426 5164 1522 5257 quud
1548 5172 1707 5254 oporteat
1737 5158 1969 5229 sufficientem
1991 5176 2064 5225 esse
2088 5150 2275 5223 contritio·
2313 5166 2327 5179 ⁸

310 5286 329 5347 s,
347 5279 386 5336 et
409 5266 578 5337 delicta
595 5275 726 5335 contra
744 5264 1008 5353 conscientiam,
1021 5294 1113 5364 quae
1130 5271 1236 5343 etiarn
1257 5295 1260 5306 ·
1284 5286 1387 5349 nem,
1413 5279 1448 5336 et
1465 5266 1560 5358 quod
1578 5260 1759 5332 sufficiens
1776 5257 1944 5331 contritio
1959 5268 2136 5327 mereatur
2149 5252 2275 5323 retnis-

308 5367 404 5439 licia
428 5379 554 5440 sunt.
625 5363 716 5435 Nam
732 5377 766 5436 et
781 5365 939 5439 affectata
954 5368 1157 5460 ignorantia
1172 5374 1235 5443 de-
1255 5427 1259 5478 ,
1282 5365 1418 5436 sionem
1447 5378 1683 5457 peccatorum.
1737 5358 1896 5433 Primum
1920 5357 2015 5430 enim
2035 5356 2134 5429 nulla
2156 5364 2274 5449 potest

331 5484 393 5543 est
421 5482 588 5543 contra
624 5467 893 5538 conscientiam:
933 5484 967 5540 et
988 5470 1173 5543 interdum
1194 5473 1235 5546 fit
1282 5488 1356 5537 esse
1374 5467 1556 5538 sufficiens
1573 5462 1764 5549 contritio,
1787 5474 1822 5534 et
1838 5486 1916 5533 cum
1934 5460 2059 5531 crescit
2075 5456 2179 5527 dolor
2195 5452 2272 5524 sine

305 5595 333 5641 a
353 5568 620 5663 ignor-antia
638 5563 983 5656 blasphemia,ntin
1000 5566 1233 5645 multirpha.
1283 5569 1547 5655 consolatione,
1589 5564 1761 5654 mergitur
1787 5558 1895 5634 homo
1918 5564 1955 5632 in
1984 5573 2134 5631 mortem
2169 5569 2205 5627 et
2229 5554 2269 5623 iu

343 5700 445 5746 cum
478 5666 688 5742 videlicet
709 5672 815 5739 corda
835 5673 995 5744 convicta
1018 5676 1232 5747 testimoniis
1280 5684 1465 5741 aeternum
1496 5670 1659 5758 exitium,
1700 5666 1796 5737 iuxta
1825 5665 1915 5735 illud
1949 5660 2077 5737 Roma.
2104 5658 2158 5733 3.:
2196 5654 2271 5727 Lex

303 5828 314 5855 ,
349 5790 505 5846 tamen
539 5769 695 5842 ardent
718 5772 821 5857 odiu,
854 5784 888 5845 et
912 5790 1089 5848 conantur
1112 5779 1231 5850 delere
1279 5772 1369 5843 iram
1392 5772 1514 5847 efficit.
1566 5768 1679 5854 Item,
1704 5768 1739 5837 2.
1763 5762 1926 5841 Corinth.
1949 5765 2000 5839 da
2026 5761 2099 5834 Lex
2125 5757 2273 5851 oceidit·

303 5872 407 5949 Dei:
449 5890 497 5949 et
521 5868 639 5946 aliis
655 5874 883 5963 persuadere,
914 5899 989 5949 esse
1009 5880 1230 5953 eamdiabo·
1251 5869 1416 5959 [Deinde
1449 5874 1683 5945 certissimum
1718 5888 1769 5941 est
1805 5868 1938 5940 remitti
1971 5876 2109 5961 peccata
2146 5859 2270 5932 Gratis

1617 1247 1749 1329 Certus
1776 1264 1829 1329 est
1851 1278 1981 1329 sermo.
