5825 6950
552 713 604 793 57
1168 704 1295 777 omn
1321 702 1438 779 usn
1466 697 1677 776 semera
1704 695 2006 782 uxaoarrca.
2101 773 2106 784 ,
2555 715 2605 788 oa

557 888 715 959 ferenda.
767 879 1040 958 SicutChristus
1051 881 1116 951 ait:
1140 879 1334 973 Recipient
1345 879 1553 972 centuplum
1605 875 1763 969 potentia
1788 889 1923 969 potest,
1948 895 1990 953 nt
2010 881 2232 954 resuscitatio
2254 898 2500 967 mortuorum,
2526 888 2602 957 foe-

558 993 596 1060 in
622 987 689 1060 hac
713 989 806 1073 vita,
838 989 897 1056 sed
921 1010 1002 1056 cum
1027 984 1271 1057 tribulatione.
1325 980 1377 1052 lta
1401 977 1462 1054 hic
1485 983 1555 1053 fuit
1605 980 1774 1050 cundatio
1796 981 1945 1052 effectae
1966 985 2126 1054 mulieris
2149 998 2185 1056 et
2202 987 2343 1061 sterilis.
2394 987 2491 1059 Haec
2514 1013 2602 1082 pro·

558 1096 679 1186 aliqua
698 1092 821 1161 matris
837 1090 1046 1173 solicitudo,
1070 1078 1277 1178 praesertim
1294 1107 1415 1175 passae
1432 1085 1554 1175 repul·
1606 1083 1682 1174 pria
1714 1082 1886 1154 miracula
1915 1083 2094 1156 Ecclesiae
2122 1089 2314 1180 diligenter
2340 1092 2601 1164 consideranda

559 1221 654 1279 sam,
687 1195 749 1262 sed
774 1206 896 1286 postea
918 1191 1097 1261 cumulate
1118 1191 1269 1259 sarcitur
1288 1211 1401 1260 mora.
1462 1187 1554 1258 Nam
1605 1200 1697 1256 sunt.

558 1294 724 1370 Christus
746 1290 944 1367 honorifice
966 1317 1095 1364 munus
1118 1291 1263 1376 tribuit,
1296 1295 1392 1382 quod
1416 1303 1557 1382 poterat

560 1416 635 1471 toto
667 1422 763 1468 anno
786 1399 967 1476 sufficere,
1001 1395 1166 1464 videlicet
1191 1417 1249 1464 sex
1270 1389 1481 1484 amphoras,
1516 1406 1556 1464 ut

559 1527 627 1572 nos
650 1525 828 1571 vocamus.
880 1498 969 1568 Nam
994 1521 1064 1566 una
1089 1493 1217 1590 hydria
1240 1497 1446 1567 continebat
1468 1499 1555 1568 diras

559 1616 743 1684 metretas,
768 1599 838 1673 hoc
859 1615 910 1670 est
932 1602 1108 1687 sexaginta
1124 1613 1266 1670 nostros
1281 1594 1490 1684 cantharos,
1516 1612 1556 1670 ut

561 1731 740 1778 vocamus.
806 1704 1063 1796 Respondebat
1100 1703 1210 1792 igitur
1246 1699 1374 1798 hydria
1413 1717 1555 1772 nostrae

560 1805 765 1902 amphorae.

561 2071 651 2143 quae
674 2043 903 2118 hauddubie
925 2045 1126 2116 doctrinam
1148 2059 1183 2115 et
1205 2044 1486 2116 consolationem
1512 2049 1555 2114 de

560 2150 727 2240 coniugio
756 2148 939 2242 proponit.
988 2145 1038 2219 Ut
1062 2163 1180 2218 autem
1203 2148 1308 2218 initio
1332 2148 1423 2233 dixi,
1457 2150 1555 2238 plae-

560 2277 702 2346 runquc
737 2254 897 2344 picturae
927 2250 1085 2340 coniugii
1110 2251 1321 2340 significant
1349 2247 1555 2331 Ecclesiam,

560 2369 596 2427 et
634 2351 695 2425 hic
730 2355 913 2447 aptissime
946 2357 1099 2448 quadrat
1130 2353 1246 2442 imago
1275 2355 1319 2420 ad
1350 2350 1555 2426 Ecclesiam.

560 2457 797 2530 Conflictatur
824 2455 981 2526 Ecclesia
1013 2455 1135 2525 multis
1165 2471 1200 2525 et
1228 2456 1336 2525 variis
1365 2456 1556 2540 aerumnis,

561 2561 766 2632 concutitur
787 2559 912 2643 hellis,
936 2558 1130 2648 dissipatur
1144 2556 1555 2653 saevitia'tyrannorum,

562 2663 737 2755 premitur
757 2661 852 2732 odiis
875 2660 1096 2746 domesticis,
1128 2661 1269 2731 laborat
1287 2661 1433 2751 inopia,
1463 2662 1555 2732 dila-

561 2781 702 2836 ceratur
723 2764 881 2835 dissidiis
901 2767 1181 2853 gubernatorum
1208 2778 1242 2834 et
1265 2765 1386 2856 pravis
1410 2765 1555 2853 opinio-

561 2870 685 2937 nibus:
720 2892 795 2936 non
825 2866 897 2936 levi
920 2868 1062 2952 dolore,
1094 2867 1133 2935 in
1158 2861 1215 2936 his
1239 2866 1347 2936 tantis
1368 2867 1472 2936 malis
1495 2891 1553 2936 ex-

561 2971 740 3040 cruciatur
764 2967 903 3055 Maria,
930 2969 966 3039 id
989 2983 1058 3052 est,
1081 2991 1163 3059 pars
1178 2966 1378 3052 Ecclesiae,
1405 2971 1554 3056 sincera,

560 3086 603 3144 ut
637 3095 765 3162 magna
800 3073 998 3162 desperatio
1031 3071 1101 3142 fuit
1128 3071 1344 3157 multorum,
1384 3087 1555 3160 regnante

560 3170 762 3260 Antiocho,
788 3175 934 3244 visa'est
951 3174 1095 3266 penitus
1109 3174 1298 3246 interitura
1312 3175 1470 3246 coelestis
1489 3178 1555 3246 do-

560 3277 686 3352 ctrina.
739 3276 800 3350 Sic
814 3275 1029 3350 Diocletiani
1048 3291 1208 3370 tempore
1227 3299 1356 3368 magno
1374 3279 1413 3347 in
1430 3279 1554 3351 dolore
1622 3343 1631 3358 .

560 3382 707 3453 fuerunt
732 3382 802 3471 pii,
827 3394 972 3474 propter
992 3393 1229 3475 tyrannorum
1244 3381 1445 3452 saevitiam:
1471 3379 1555 3454 Cla-

560 3487 681 3555 mabat
695 3484 806 3573 igitur
819 3482 957 3567 Maria,
982 3485 1020 3553 id
1037 3496 1113 3568 est,
1133 3507 1216 3575 pars
1228 3481 1409 3555 Ecclesiae
1427 3485 1555 3557 melior

560 3589 606 3655 ad
625 3581 823 3669 Christum,
847 3599 883 3655 et
896 3584 927 3654 is
941 3610 1016 3655 non
1032 3586 1151 3655 statim
1168 3610 1245 3655 eam
1263 3585 1442 3669 liberavit,
1469 3589 1553 3680 quia
1607 3649 1615 3665 .

559 3690 781 3783 plaerunque
794 3688 922 3759 defessi
936 3688 1183 3777 magnitudine
1198 3688 1451 3773 afflictionum,
1477 3714 1554 3759 car-

559 3792 637 3863 nali
665 3791 795 3863 affectu
825 3790 1021 3878 expetimus
1049 3789 1316 3871 liberationem,
1351 3806 1392 3862 ut
1419 3790 1554 3863 Paulus

561 3893 699 3987 inquit,
736 3890 846 3965 Rom.
870 3891 924 3967 8.:
965 3888 1065 3981 Quid
1097 3916 1258 3976 oremus,
1290 3894 1383 3964 sicut
1413 3909 1554 3983 oportet

559 4020 635 4067 uon
658 3996 801 4068 scimus.
860 3992 931 4065 Sed
954 4008 1075 4065 tamen
1096 4019 1172 4065 non
1197 3996 1421 4066 obliviscitur
1444 3992 1550 4067 Chri-

558 4114 633 4169 stus
662 4120 747 4167 suae
773 4094 971 4181 Ecclesiae,
1011 4111 1046 4167 et
1076 4121 1153 4167 eam
1183 4112 1362 4188 oportuno
1393 4113 1553 4191 tempore

559 4202 702 4272 liberat.
756 4198 857 4269 Sicut
878 4199 1011 4269 dicitur
1024 4197 1149 4270 Esaiae
1164 4197 1245 4274 49.:
1272 4199 1367 4273 Num
1387 4203 1552 4303 oblivisci

558 4316 674 4394 potest
700 4313 813 4373 mater
833 4301 1007 4373 infantem
1028 4324 1153 4383 snum,
1186 4317 1321 4374 utnon
1343 4304 1553 4375 misereatur

558 4406 623 4475 lilii
644 4405 738 4476 uteri
759 4403 841 4474 sui?
873 4403 939 4473 etsi
961 4404 1021 4473 illa
1043 4404 1155 4475 oblita
1180 4406 1309 4496 fuerit,
1341 4429 1405 4496 ego
1433 4421 1552 4478 tamen

557 4532 634 4577 non
663 4508 856 4580 obliviscar
887 4506 951 4576 tui.
1009 4504 1107 4578 Haec
1135 4508 1181 4577 de
1204 4508 1374 4598 allegoria
1396 4511 1552 4582 satis'est

558 4610 712 4685 novisse.
761 4609 828 4681 Est
849 4609 945 4678 enim
970 4608 1088 4679 vicina
1113 4610 1257 4681 collatio
1279 4613 1500 4703 privatarum
1518 4628 1552 4685 et

558 4711 784 4802 publicarum
813 4735 1085 4797 aerumnarum,
1118 4725 1152 4781 et
1181 4713 1221 4783 in
1247 4707 1408 4807 utrisque
1432 4715 1551 4786 lucere

557 4815 663 4886 debet
677 4814 868 4885 invocatio.
912 4814 971 4884 Ad
986 4814 1192 4903 allegoriam
1208 4815 1312 4886 etiam
1330 4812 1398 4887 boc
1411 4842 1550 4887 accom-

556 4916 737 4987 modatius
757 4930 825 5002 est,
857 4918 955 5010 quod
977 4910 1243 4988 architriclinus
1263 4918 1462 4990 admiratur
1484 4922 1550 4993 ho-

556 5043 647 5088 num
666 5020 792 5088 vinum
815 5033 992 5110 postremo
1015 5020 1104 5093 dari.
1155 5018 1340 5090 Postremo
1357 5022 1452 5090 enirn
1470 5039 1550 5123 post

557 5122 668 5193 multa
685 5134 720 5191 et
734 5122 842 5213 longa
859 5120 1051 5192 certamina
1068 5121 1284 5213 glorificatur
1299 5118 1469 5201 Ecclesia.

690 5340 773 5415 Hor
784 5342 880 5445 fecit
901 5342 1051 5416 initium
1071 5343 1265 5442 signorum
1290 5342 1412 5422 Iesus.

658 5492 804 5565 Utilitas
839 5494 1094 5565 miraculorum
1124 5497 1352 5570 describitur.
1419 5496 1547 5573 Monet

1655 1351 1844 1532 Etdpropc
1868 1367 1947 1428 erat
1963 1351 2116 1430 Pascha
2133 1355 2380 1445 Iudaeorum,
2412 1373 2444 1435 ct
2469 1388 2600 1436 ascen-

1736 1463 1781 1542 it,
1810 1469 1870 1535 etc.
1988 1467 1991 1474 '

1705 1591 1761 1666 Ex
1793 1597 1870 1687 ipsa
1901 1598 1991 1667 serie
2022 1599 2216 1690 superioris
2243 1603 2478 1685 narrationis,
2517 1607 2600 1676 satis

1605 1714 1750 1789 apparet
1758 1695 2022 1789 Evangelistam
2039 1696 2099 1771 hic
2114 1705 2159 1771 de
2178 1701 2472 1793 primoPaschate
2488 1707 2601 1802 loqui,

1605 1803 1702 1894 quod
1724 1802 1794 1871 fnit
1815 1818 1893 1893 post
1910 1803 2128 1894 baptismum
2144 1820 2180 1875 et
2197 1806 2341 1877 initium
2361 1810 2599 1899 praedicatio-

663 1943 844 2016 fflclenu,
873 1938 1060 2014 historiam
1093 1941 1353 2034 simplicissime
1384 1941 1556 2033 pereuni,
1605 1904 1661 2022 nis
1676 1899 1834 1990 Christi,
1859 1921 1894 1976 et
1918 1901 2006 1976 haec
2022 1908 2180 1979 narratio
2197 1910 2354 1980 ostendit
2369 1935 2443 1981 non
2460 1924 2598 1984 tanturn

1605 2033 1644 2076 m
1674 2020 1852 2098 postremo
1878 2004 2048 2080 Paschate
2077 2012 2339 2084 nummularios
2362 2025 2398 2083 et
2421 2037 2598 2105 caupones

1605 2135 1646 2178 ex
1668 2109 1802 2200 templo
1825 2111 1946 2201 pulsos
1968 2135 2043 2180 esse
2066 2135 2086 2180 a
2104 2107 2270 2199 Christo,
2291 2115 2354 2184 sed
2374 2116 2481 2187 etiam
2504 2134 2597 2205 ante,

1604 2235 1643 2281 ac
1665 2213 1824 2284 fortassis
1838 2215 1979 2306 saepius
1992 2215 2042 2286 ita
2059 2215 2254 2286 incanduit.
2306 2215 2380 2288 Nec
2396 2218 2493 2291 enirn
2512 2246 2596 2290 con-

1603 2329 1810 2385 sentaneum
1836 2330 1887 2387 est
1911 2317 2017 2388 talem
2042 2317 2160 2388 virum
2184 2319 2261 2388 sine
2285 2341 2411 2408 magna
2428 2321 2593 2413 indigna·

1605 2418 1702 2486 tione
1734 2419 1890 2510 putuisse
1912 2434 2067 2510 spectare
2089 2420 2313 2492 manifestam
2333 2423 2589 2516 turpitudinem

1604 2515 1730 2588 harum
1749 2523 2066 2597 nundinationum.
2117 2521 2404 2595 Consentaneum
2418 2542 2471 2598 est
2485 2529 2590 2618 igitur

1605 2645 1708 2713 saepe
1738 2624 1783 2692 ab
1813 2649 1855 2693 eo
1885 2619 1978 2695 hanc
2000 2626 2140 2696 turbam
2165 2650 2366 2718 cauponum
2390 2629 2582 2718 dissipatam

1604 2747 1690 2798 csse.
1750 2723 1903 2797 loannes
1933 2722 1993 2797 hic
2023 2741 2179 2800 recenset
2202 2729 2442 2820 expulsionem
2461 2733 2585 2802 factam

1604 2828 1722 2919 primo
1746 2824 1930 2904 Paschate.
1991 2824 2194 2902 Matthaeus
2218 2845 2252 2901 et
2274 2828 2390 2902 Lucas
2412 2848 2589 2903 recensent

1604 2930 1847 3022 expulsionem
1870 2934 2000 3004 factam
2023 2933 2062 3002 in
2085 2933 2143 3002 die
2165 2931 2382 3008 Palinurum.
2450 2933 2590 3006 Marcus

1604 3047 1763 3104 recenset
1790 3036 1897 3105 aliam
1927 3036 2054 3106 factam
2084 3034 2258 3128 postridie
2279 3037 2359 3108 festi
2380 3035 2590 3127 Palmarum,

1604 3149 1676 3207 tres
1688 3160 1772 3224 ergo
1787 3152 2034 3212 numerantur.

1707 3237 1776 3312 Hic
1794 3254 1910 3310 autem
1927 3241 2150 3332 disputatur,
2175 3242 2205 3310 si
2224 3240 2342 3312 noluit
2356 3235 2488 3314 habere
2504 3243 2588 3335 poli-

1605 3356 1709 3430 ticam
1736 3344 2053 3438 gubernationem,
2084 3367 2194 3437 quare
2216 3343 2351 3435 expulit
2375 3368 2592 3444 cauponese

1604 3444 1763 3537 templo?
1816 3443 2011 3536 Quaeritur
2028 3446 2118 3525 ‚item
2141 3446 2186 3518 de
2211 3445 2387 3539 exemplo:
2414 3443 2475 3518 An
2494 3449 2594 3519 liceat

1604 3549 1752 3617 caeteris
1773 3550 1946 3620 ministris
1960 3546 2157 3633 Ecclesiae,
2182 3550 2360 3643 corporali
2376 3552 2412 3621 vi
2428 3555 2595 3623 adversus

1604 3651 1752 3741 impios,
1785 3653 1970 3723 doctrinae
1994 3654 2242 3744 propagandae
2264 3676 2384 3737 causa,
2409 3656 2474 3725 uti.
2531 3652 2594 3724 Fa-

1604 3752 1722 3823 cilima
1744 3767 1794 3825 est
1809 3754 1993 3847 responsio
2006 3756 2064 3847 pie
2080 3754 2264 3829 institutis.
2315 3753 2502 3843 Primum,
2532 3754 2596 3827 hoc

1603 3855 1734 3925 facturo
1758 3852 1893 3930 Christi
1922 3882 1997 3928 non
2023 3858 2091 3931 fuit
2114 3881 2206 3951 opus
2227 3857 2393 3950 politicae
2418 3860 2596 3949 guberna·

1604 3958 1728 4039 tionis,
1763 3984 1828 4030 nec
1851 3961 1983 4031 factum
2009 3974 2062 4030 est
2082 3962 2118 4030 vi
2142 3960 2339 4053 corporali,
2373 3962 2433 4031 sed
2459 3962 2597 4055 impeto

1604 4057 1760 4149 Spiritus
1781 4062 1817 4133 S.
1841 4088 1911 4156 quo
1933 4064 2063 4135 exarsit
2083 4076 2201 4135 tantus
2224 4064 2280 4133 vir
2299 4074 2421 4135 contra
2445 4063 2595 4157 impios:

1542 4204 1551 4220 ·
1602 4164 1694 4233 sicut
1707 4159 1809 4234 Eliae
1832 4191 1939 4258 opus,
1965 4168 2026 4260 qui
2048 4167 2198 4238 iusserat
2220 4166 2339 4257 ignem
2355 4166 2400 4235 de
2417 4167 2520 4237 coelo
2536 4170 2596 4237 de-

1603 4268 1791 4353 scendere,
1817 4283 1850 4338 et
1875 4270 2062 4339 absumere
2084 4268 2225 4341 milites
2279 4266 2376 4339 Haec
2397 4269 2488 4341 facta
2512 4285 2597 4341 sunt

1603 4392 1686 4437 vere
1710 4370 1833 4439 divina
1855 4384 1891 4442 et
1913 4372 2126 4462 singularia,
2151 4396 2218 4442 nec
2240 4370 2423 4441 referenda
2446 4374 2595 4445 suntad

1602 4498 1808 4545 communes
1831 4473 2124 4561 deliberationes,
2150 4489 2211 4543 aut
2233 4472 2382 4563 regulas.
2434 4472 2530 4545 Tale
2547 4490 2597 4547 est

1602 4592 1636 4648 et
1654 4575 1752 4647 Petri
1776 4578 1928 4659 factum,
1955 4602 2034 4648 cum
2061 4578 2136 4649 sola
2158 4597 2243 4645 voce
2266 4576 2398 4646 occidit
2410 4576 2595 4649 Ananiam

1601 4682 1843 4753 mentientem.
1896 4679 1986 4751 Tale
2007 4694 2083 4751 erat
2105 4680 2235 4751 facturn
2258 4672 2438 4750 Ecclesiae
2461 4676 2597 4750 Corin-

1601 4780 1713 4864 thiae,
1749 4808 1830 4853 cum
1860 4782 2184 4855 excommunicatus
2213 4779 2367 4850 incestus
2397 4784 2595 4853 excruciari

1601 4888 1716 4977 coepit
1745 4910 1765 4954 a
1797 4886 1952 4961 diabolo.
2020 4884 2110 4955 Tale
2138 4895 2213 4953 erat
2242 4882 2373 4953 facturn
2398 4878 2598 4970 Ambrosii,

1601 5013 1680 5085 cum
1697 4986 1896 5059 Stilliconis
1911 4988 2025 5060 scriba
2041 4985 2366 5057 excommunicatus
2380 4986 2499 5057 furere
2512 5012 2596 5058 coe-

1602 5092 1664 5183 pit.
1716 5089 1814 5163 Haec
1833 5092 1992 5184 exempla
2010 5090 2130 5160 omnia
2154 5090 2201 5159 ad
2218 5086 2455 5159 ministerium
2468 5084 2595 5161 Evan-

1600 5194 1703 5284 gelii,
1737 5218 1799 5265 seu
1830 5194 1975 5286 spiritus
2003 5192 2201 5283 pertinent,
2235 5189 2317 5285 quia
2350 5212 2485 5282 poenae
2517 5216 2595 5265 non

1599 5320 1708 5365 manu
1723 5312 1782 5366 aut
1798 5296 1834 5364 vi
1850 5296 2026 5388 corporali
2044 5295 2258 5387 irrogantur,
2284 5292 2345 5362 sed
2360 5314 2446 5364 voce
2458 5294 2594 5365 docen-

1599 5399 1664 5482 tis,
1695 5422 1759 5491 per
1788 5423 1895 5491 quam
1920 5398 2076 5488 Spiritus
2101 5412 2241 5469 sanctus
2264 5408 2316 5465 cst
2336 5395 2469 5467 efficax.
2539 5396 2595 5467 Ac

1598 5522 1700 5591 saepe
1722 5500 1851 5569 similia
1876 5501 1915 5570 io
1929 5498 2085 5573 Ecclesia
2106 5500 2293 5582 accidunt,
2316 5520 2418 5588 saepe
2440 5497 2523 5569 talis
2541 5514 2595 5569 est

464 5628 475 5636 ·
555 5600 652 5668 enim
681 5593 767 5669 haee
790 5598 881 5668 facta
904 5620 1010 5688 supra
1032 5611 1216 5683 naturam,
1249 5600 1450 5670 testimonia
1474 5624 1547 5672 esse
1598 5626 1666 5671 vox
1688 5626 1791 5671 verae
1806 5602 2199 5683 excommunicationis,
2225 5600 2314 5669 sicot
2330 5602 2502 5698 scriptum
2519 5614 2593 5673 est:

554 5701 757 5785 doctrinae,
781 5701 864 5794 quia
885 5700 1077 5771 ostendunt
1094 5697 1210 5771 Deum
1234 5697 1355 5772 adesse
1376 5699 1462 5773 huic
1480 5707 1545 5774 do·
1596 5702 1811 5774 Benedicam
1832 5706 2124 5777 benedicentibus
2140 5703 2225 5787 tibi,
2250 5701 2457 5771 maledicam
2477 5704 2594 5773 male-

554 5806 655 5873 ctori.
706 5801 824 5873 Multa
851 5801 947 5872 enim
970 5803 1182 5888 factasunt,
1207 5805 1544 5897 qnaeimitarinul-
1598 5806 1798 5878 dicentibus
1813 5807 1902 5892 tibi,
1929 5822 1963 5877 et
1979 5824 2018 5879 ut
2034 5807 2151 5878 oratio
2164 5817 2367 5876 sanctorum
2382 5799 2490 5877 habet
2505 5831 2594 5897 pro·

554 5906 625 5975 lius
648 5919 848 5988 creatorae,
880 5926 946 5973 nec
969 5902 1194 5993 angelorum,
1228 5930 1293 6015 nec
1316 5908 1543 5979 diabolorum
1597 5910 1818 5995 missionem,
1843 5910 1939 5981 iuxta
1956 5910 2046 5982 illud
2092 5910 2122 5979 si
2136 5910 2208 5980 duo
2223 5906 2468 5980 consenserint
2483 5932 2593 5999 super
