5825 6950
546 641 619 720 155
1132 621 1406 700 sumum
1432 598 1971 701 scuteranxsonrrca.
2112 644 2116 659 ·
2510 632 2598 714 rso

546 810 674 883 rotrodi
704 819 785 900 post
806 801 903 876 Adae
934 803 1092 893 lapsum,
1130 795 1322 868 Ecclesiam
1352 819 1396 866 er
1423 809 1558 885 reguo
1589 798 1741 894 experiri
1763 796 1863 888 prius
1884 798 2031 886 volunt,
2061 812 2250 894 etpostea‘
2264 805 2437 878 assentiri
2497 805 2595 880 ldeo

549 913 683 1007 peccati
705 925 740 980 ct
763 908 886 978 mortis
909 908 1077 986 educere,
1115 904 1207 972 etin
1232 902 1370 969 deserto
1395 922 1473 967 eam
1497 899 1535 967 in
1589 915 1736 972 manent
1756 901 1796 970 in
1819 901 1995 993 tenebris,
2021 925 2086 972 nec
2110 905 2315 996 intelligunt
2333 905 2598 1000 Evangelium,

548 1014 617 1088 hoc
632 1013 768 1085 mundo
781 1008 993 1079 mirabiliter
1015 1017 1111 1094 regat
1133 1017 1167 1073 et
1188 1016 1319 1084 servet,
1352 999 1418 1070 etsi
1444 1000 1538 1070 iutc'·
1560 1065 1561 1068 ,
1591 1028 1655 1074 nec
1672 1003 1843 1074 beneficia
1859 1003 1938 1072 eius
1961 1006 2162 1095 accipiunt,
2187 1012 2248 1078 sed
2273 1012 2472 1092 credentes,
2502 1013 2598 1082 ideo

548 1120 619 1188 rim
633 1137 761 1204 magna
775 1110 970 1181 multitudo
985 1107 1120 1186 deficit,
1144 1117 1179 1173 et
1202 1103 1275 1172 ruit
1298 1103 1337 1171 iu
1359 1117 1536 1172 aeternam
1591 1107 1674 1200 quia
1697 1105 1767 1174 fide
1790 1103 1988 1194 accipiunt,
2019 1120 2055 1177 ct
2077 1131 2115 1178 se
2137 1122 2334 1183 sustentant
2358 1137 2445 1182 voce
2471 1109 2600 1198 Dei,

548 1222 639 1290 iram
661 1231 700 1287 et
720 1228 878 1285 aeternas
901 1230 1043 1301 poenas.
1110 1203 1201 1276 Cum
1238 1205 1347 1294 igitur
1375 1206 1540 1274 videmur
1592 1207 1825 1301 experiuntur
1839 1206 2050 1294 efficaciam,
2075 1223 2110 1280 et
2132 1212 2320 1285 donentur·
2335 1211 2475 1308 Spiritu
2501 1237 2600 1285 san·
2648 1225 2649 1240 ¹

550 1318 814 1412 potentissimos
828 1337 926 1402 reges
948 1311 1046 1381 urhis
1066 1321 1261 1397 terrarum,
1294 1320 1328 1377 et
1351 1307 1538 1376 maximam
1593 1327 1648 1383 eto
1676 1322 1709 1378 et
1734 1307 1933 1378 novalnce.
2144 1347 2147 1356 ,

551 1419 741 1493 hominum
779 1413 1045 1486 multitudinem
1081 1423 1308 1479 contemnere
1341 1409 1540 1478 doctrinam
1695 1407 1844 1501 Semper
1872 1409 1982 1496 igitur
2011 1411 2118 1480 nobis
2147 1413 2187 1482 in
2211 1413 2437 1488 invocatione
2461 1431 2599 1487 nostra

552 1513 1087 1617 perProphetasetApostolos
1106 1512 1284 1594 traditam,
1310 1511 1539 1599 etexiginuru
1595 1513 1640 1583 sit
1664 1513 1701 1581 in
1725 1525 1917 1601 conspectu
1940 1506 2026 1582 haee
2048 1515 2222 1585 sententia
2246 1511 2391 1593 Christi.
2440 1517 2536 1588 Nam
2557 1520 2601 1588 in
2650 1540 2651 1580 l

553 1639 692 1697 coetum
716 1645 790 1690 esse
813 1614 1054 1710 profitentium
1084 1637 1161 1682 eam
1185 1612 1402 1694 doctrinam,
1437 1612 1543 1679 orba·
1594 1615 1763 1693 omuibus
1798 1608 2007 1682 hominibus
2042 1615 2132 1685 ratio
2174 1611 2330 1688 humana
2375 1619 2602 1690 naturaliter

553 1742 630 1796 tum
652 1721 855 1818 praesidiis,
880 1733 915 1788 et
938 1716 1196 1787 conflictantem
1222 1713 1329 1783 variis
1352 1711 1544 1794 aerumnis,
1595 1715 1733 1810 quaerit
1750 1715 1906 1803 primurn
1932 1715 2195 1807 experientiam.
2256 1714 2394 1791 Omnes
2416 1719 2467 1791 sic
2490 1722 2601 1812 cogi-

553 1830 654 1899 illam
676 1825 864 1914 imaginem
887 1818 1066 1890 Ecclesiae
1095 1818 1134 1885 in
1157 1818 1304 1906 deserto
1327 1815 1543 1895 intueamur,
1587 1835 1711 1894 ramus
1727 1819 1896 1900 libenter,
1922 1837 1988 1885 uus
2004 1813 2119 1888 Deom
2137 1820 2463 1906 immaturam,
2488 1824 2519 1891 ei
2538 1825 2598 1892 vi.

552 1919 590 2000 et
606 1949 679 1997 uon
695 1926 898 1995 deficiamus
914 1945 933 1990 a
951 1918 1047 2003 Deo,
1072 1921 1132 1987 sed
1151 1919 1301 1987 sciamus
1323 1917 1406 1985 duci
1422 1911 1546 1984 Ecclc·
1598 1925 1761 1989 doeemur
1776 1919 1883 1986 nohis
1899 1918 2064 2008 prodesse
2079 1921 2350 1998 invocationem,
2402 1922 2472 1995 sod
2492 1922 2599 1996 Deo,

554 2034 641 2100 siam
657 2053 754 2098 nuuc
769 2049 912 2120 quoque
935 2045 997 2113 per
1012 2025 1210 2102 desertum,
1242 2033 1275 2087 et
1298 2019 1366 2108 tegi
1392 2020 1490 2085 nube
1512 2028 1545 2086 ct
1598 2024 1674 2092 vult
1688 2044 1755 2090 uos
1769 2020 1868 2110 prius
1890 2023 2033 2091 credere
2049 2024 2269 2112 profuturam
2294 2047 2368 2095 esse
2389 2025 2597 2098 invocatio-

554 2133 708 2204 ilammis
734 2125 961 2208 coelestibus,
1001 2135 1035 2193 et
1061 2124 1180 2191 adesse
1206 2123 1330 2190 ducem
1351 2114 1548 2200 Christum,
1599 2147 1701 2206 oem,
1735 2136 1853 2213 postea
1875 2144 2059 2193 cernemus
2083 2125 2282 2196 efficaciam.
2341 2123 2484 2220 Siquis
2511 2131 2597 2198 vult

556 2237 648 2307 sicut
669 2231 741 2300 illis
759 2229 884 2300 adfuit.
933 2223 1085 2294 Prorsus
1109 2227 1230 2292 eadem
1256 2245 1312 2291 res
1336 2221 1488 2311 geritur,
1514 2231 1548 2286 ri
1601 2229 1817 2295 voluntatem
1837 2223 2065 2310 cinsfacere,
2101 2227 2137 2295 id
2162 2239 2232 2310 cst,
2260 2227 2330 2296 fide
2347 2230 2505 2317 accipere
2520 2225 2596 2302 hoc

557 2347 700 2430 geretur
720 2355 834 2425 usqcte
858 2331 901 2400 ad
924 2328 1029 2396 finem
1053 2326 1199 2406 mundi,
1239 2324 1384 2392 cumin
1408 2337 1547 2392 aeterna
1602 2325 1860 2416 verbumquod
1885 2347 2063 2416 propono,
2096 2322 2156 2398 hio
2176 2342 2296 2418 posteo
2320 2332 2597 2420 exporieemf.

556 2436 785 2508 tabernacula
815 2446 849 2503 el
876 2429 1170 2501 consuetudinem
1196 2425 1269 2496 Dei
1300 2424 1548 2495 introducetur
1600 2429 1774 2511 ficariam,
1811 2427 1937 2496 sentiet
1958 2452 2078 2498 revera
2101 2453 2141 2498 ex
2166 2431 2246 2500 Deo
2270 2453 2368 2520 esse„
2421 2432 2521 2504 Sicut
2556 2447 2594 2505 01

497 2615 502 2620 ,
556 2535 726 2610 Ecclesia.
1601 2530 1686 2600 alibi
1704 2528 1835 2598 Paulus
1859 2528 1992 2620 inquit:
2026 2528 2219 2622 Accepistis
2241 2531 2405 2622 spiritum
2422 2537 2589 2622 adoptio-

898 2697 905 2716 ,
1138 2695 1145 2713 ,
1604 2634 1657 2700 nis
1688 2631 1864 2716 filiorum,
1908 2655 1979 2724 quo
2004 2631 2196 2704 clamamus
2219 2630 2449 2726 Abbapater.
2502 2633 2590 2726 lpse

651 2763 657 2774 ·
698 2696 1188 2800 N‘W‘mmsmim‘ms
1205 2689 1410 2771 ‘'‘d‘b‘mi‘
1600 2734 1745 2826 spiritus
1770 2731 1976 2802 testificatur
2007 2736 2148 2822 spiritui
2181 2749 2322 2814 nostro,
2356 2737 2449 2827 quod
2474 2735 2594 2807 simus

664 2837 813 2908 initium
841 2837 969 2927 capitis
994 2835 1119 2905 recitat
1147 2831 1304 2924 pcricula
1328 2824 1484 2912 Christi,
1515 2838 1550 2897 et
1602 2834 1668 2903 filii
1691 2831 1769 2904 Dei.
1834 2831 1956 2926 ltaque
1986 2840 2168 2908 credentes
2199 2836 2403 2925 intelligunt
2423 2833 2593 2928 Evange-

560 2953 683 3013 narrat
703 2963 782 3009 eum
805 2953 1020 3008 contemtum
1036 2949 1071 3005 et
1087 2936 1243 3004 derisum
1268 2953 1344 3002 esse
1365 2930 1474 3001 aruis
1489 2953 1549 2998 cn·
1602 2938 1708 3017 lium,
1744 2949 1777 3004 et
1800 2958 1891 3004 nova
1915 2936 1993 3006 lnce
2019 2939 2218 3018 donantur,
2252 2953 2293 3013 ut
2318 2943 2356 3012 2·
2371 2934 2536 3011 Corinth.
2556 2939 2595 3014 3.

560 3043 687 3134 gnatis.
740 3038 958 3130 Proponitnr
975 3061 1057 3126 ergo
1072 3037 1187 3126 imago
1203 3032 1397 3117 Ecclesiae,
1421 3047 1456 3102 et
1469 3055 1546 3100 mo-
1601 3037 1749 3108 dicitur:
1774 3032 1866 3106 Cum
1882 3060 2071 3124 conversus
2092 3041 2200 3110 iueris
2221 3042 2264 3109 ed
2289 3041 2497 3124 dominum,
2521 3065 2594 3112 au-

560 3167 689 3214 ncmur
716 3138 904 3231 Evangelii
939 3140 1193 3231 professionem
1228 3159 1302 3204 nou
1334 3155 1409 3203 esse
1436 3133 1549 3201 relin-
1601 3142 1734 3211 seretur
1769 3137 1942 3212 velamen.
2010 3138 2113 3212 Item:
2162 3141 2477 3212 Trauslormamnr
2506 3155 2591 3211 tan.

561 3247 758 3341 quendam,
785 3243 920 3312 etiamsi
943 3243 1025 3311 odia
1051 3261 1271 3309 summorum
1296 3249 1332 3306 et
1354 3235 1549 3304 amicornm
1601 3266 1707 3335 qoam
1732 3240 1907 3310 odomioi
1928 3241 2075 3330 spirim,
2107 3266 2127 3312 o
2153 3244 2265 3332 glorio
2288 3243 2325 3312 io
2349 3243 2518 3332 gloriam,
2552 3245 2595 3314 id

560 3347 745 3418 subeunda
764 3346 846 3417 siut.
898 3342 969 3413 liic
992 3343 1089 3411 iocus
1109 3339 1308 3410 communis
1328 3359 1431 3427 turpe
1451 3358 1489 3404 ὅθ
1510 3336 1549 3403 iu
1601 3356 1670 3422 cst,
1695 3342 1807 3412 aluce
1826 3343 1947 3411 divina
1971 3343 2009 3412 iu
2025 3347 2140 3415 lucem
2157 3346 2400 3438 splendentem
2419 3345 2455 3412 in
2474 3346 2596 3416 uobis.

561 3464 635 3522 tota
658 3444 805 3519 historia
830 3444 1019 3533 Evangelii
1041 3442 1164 3526 offert,
1197 3454 1232 3511 et
1253 3435 1346 3509 nihil
1362 3433 1469 3508 habet
1484 3437 1549 3507 ob-
1602 3444 1673 3535 Qui
1690 3467 1773 3515 vero
1792 3467 1865 3513 nou
1880 3445 2046 3534 credunt,
2072 3442 2200 3519 horum
2214 3449 2319 3519 corda
2338 3447 2596 3537 magiuxeoo.

561 3552 750 3621 scurilatis.
815 3547 986 3616 Videmus
1015 3545 1110 3613 enim
1139 3542 1348 3637 qcrotidiana
1378 3540 1551 3630 exempla.
1602 3561 1738 3617 oaourr.
1791 3546 1875 3617 ldeo
1900 3571 1972 3639 quo
1997 3550 2109 3637 magis
2132 3548 2350 3633 refutantur,
2377 3548 2594 3621 somniares

563 3652 648 3723 loeo
681 3674 754 3719 ooo
783 3651 918 3739 indiget
947 3650 1052 3736 longa
1084 3644 1338 3726 declaratione,
1376 3642 1436 3709 scd
1459 3640 1549 3711 illud
1601 3648 1675 3720 odii
1692 3648 1851 3719 flammas
1866 3663 1988 3719 contra
2002 3648 2237 3741 Evangelium
2253 3650 2470 3740 concipiunt,
2499 3650 2597 3722 sicut

561 3753 846 3835 meminerimuu,
872 3745 930 3818 his
953 3764 988 3819 ei
1011 3748 1188 3818 similibus
1210 3741 1346 3815 Christi
1368 3742 1552 3812 concioni·
1602 3748 1755 3821 Roman.
1773 3752 1810 3821 2,
1828 3750 1974 3821 dicitur:
2002 3748 2249 3823 Obscur'enlur
2261 3752 2358 3821 oculi
2373 3775 2510 3825 eorum,
2544 3750 2598 3825 Et

561 3859 630 3926 bus
645 3855 893 3924 confirmemus
909 3873 999 3929 nore
1026 3874 1071 3917 ne
1093 3847 1306 3918 iracundiis
1328 3857 1364 3915 ct
1386 3866 1551 3935 pereeeu-
1604 3847 1872 3925 2.Coriuth.4.:
1896 3852 1934 3923 Si
1945 3871 1996 3927 est
2006 3852 2400 3943 velatumEvangclinm
2415 3866 2598 3939 nostrum,

562 3960 681 4040 tione,
717 3956 919 4025 deficiamus
941 3955 1054 4022 aDeo
1081 3963 1116 4021 et
1142 3972 1164 4020 a
1186 3946 1347 4019 doctrine
1377 3946 1551 4017 divinitus
1605 3954 1887 4045 inperenntibus
1910 3968 1963 4025 est
1983 3958 2160 4044 velatum,
2194 3956 2232 4023 in
2260 3956 2391 4048 quihus
2411 3971 2597 4025 excaecata

562 4058 704 4131 tradite.
1603 4068 1655 4125 est
1677 4056 1993 4139 mensincredula,
2026 4058 2155 4137 idest,
2189 4057 2270 4149 quia
2293 4079 2393 4125 mens
2414 4079 2487 4125 nou
2513 4058 2600 4129 vult

1603 4159 1762 4239 credere,
1787 4156 1825 4226 fit
1841 4158 1951 4246 magis
1963 4182 2082 4245 caeca,
2107 4181 2171 4228 nec
2195 4158 2293 4230 videt
2312 4157 2430 4251 qualis
2453 4158 2500 4228 sit
2524 4160 2599 4229 do-

612 4221 662 4299 St
672 4223 757 4323 puis
774 4220 852 4295 cult
875 4218 1098 4294 voluntatem
1114 4213 1234 4315 ipsius
1242 4215 1393 4316 fucere,
1418 4237 1551 4311 cogno·
1603 4259 1715 4331 mim
1734 4255 1933 4349 Evangelii·

666 4323 807 4399 scalde
829 4320 1012 4396 doctriua.

638 4460 709 4533 Hic
724 4460 865 4533 orditur
877 4457 1001 4528 utilem
1018 4453 1241 4533 concionem,
1271 4474 1312 4521 ac
1325 4453 1482 4544 primum
1498 4452 1551 4522 ai·
1654 4418 1734 4521 Q“i
1754 4424 1898 4521 ‘limini
1920 4418 2086 4517 di‘ffi‘lm
2116 4423 2194 4496 ‘5¹¹5
2220 4420 2288 4521 ‘1¹¹¹'
2309 4420 2410 4539 miri!
2433 4446 2497 4543 St..
2530 4420 2600 4497 Ιιὶι·

561 4564 680 4639 firmat
708 4566 752 4633 de
774 4562 957 4643 doctrina,
989 4558 1085 4650 qtsod
1113 4555 1160 4626 sit
1188 4555 1320 4628 divina.
1372 4552 1456 4624 Mea
1485 4556 1551 4625 do·
1706 4548 1820 4595 Vim
1848 4534 1913 4601 ⁶⁸¹·
1978 4520 2114 4599 Nilum
2135 4522 2263 4597 Muses
2284 4520 2384 4597 dedii
2412 4524 2514 4598 rubus
2540 4525 2598 4599 Is·

563 4666 677 4738 ctrina
693 4689 768 4734 non
783 4684 835 4735 est
848 4686 947 4750 mea,
974 4660 1035 4729 sed
1050 4657 1126 4727 eius
1150 4656 1213 4749 qui
1241 4657 1338 4726 misit
1360 4678 1426 4725 me.
1480 4654 1550 4726 Po·
1702 4628 1813 4721 gem?

563 4784 636 4839 stea
651 4769 754 4837 docet
769 4766 949 4858 quomodo
972 4760 1104 4852 percipi
1132 4754 1218 4828 haec
1242 4758 1404 4829 doctrina
1428 4759 1551 4849 possit.
1676 4758 1899 4831 Asseveratio
1927 4773 1997 4839 est,
2028 4781 2097 4852 qua
2122 4760 2269 4842 iterum,
2302 4772 2342 4833 ut
2362 4782 2463 4850 saepe
2488 4760 2596 4857 alias,

562 4866 619 4941 De
646 4864 812 4937 humanis
840 4864 1014 4935 doctrinis
1041 4861 1140 4950 prins
1165 4860 1344 4929 cernimus
1366 4860 1551 4952 experien-
1601 4874 1748 4933 testatur
1764 4862 1996 4931 seductorem
2014 4862 2170 4930 veracem
2193 4886 2286 4951 esse,
2310 4858 2423 4934 aDeo
2441 4860 2596 4933 missum

563 4973 670 5050 tiam.
696 4983 815 5059 postea
831 4966 1059 5045 assentimur,
1084 4975 1124 5033 nt
1142 4963 1241 5053 prius
1255 4962 1456 5053 experimur
1471 4962 1550 5049 igue
1601 4978 1634 5032 et
1651 4964 1781 5035 iustum
1807 4984 1892 5034 esse.
1942 4958 2077 5055 Estque
2094 4962 2266 5052 praefatio
2283 4964 2463 5063 sequentis
2478 4962 2595 5035 alter-

462 5060 471 5075 *
563 5073 621 5141 uri
639 5093 803 5155 menum,
829 5079 946 5159 postea
962 5065 1148 5136 statuimus
1162 5064 1278 5153 iguem
1295 5085 1369 5132 esse
1385 5062 1550 5133 calidum.
1600 5066 1762 5139 cationis.
1815 5060 1937 5134 ludaei
1952 5062 2062 5148 enim,
2088 5088 2167 5135 cum
2184 5060 2277 5135 nihil
2294 5078 2437 5161 possent
2452 5064 2490 5133 in
2510 5090 2597 5137 mo..

563 5170 619 5245 De
635 5196 720 5242 voce
731 5169 916 5259 Evangelii
941 5167 1138 5238 contrarius
1154 5179 1204 5236 est
1219 5166 1321 5234 ordo.
1373 5161 1478 5231 Prius
1495 5186 1551 5231 re-
1602 5166 1701 5236 ribus
1725 5180 1759 5237 et
1776 5166 1875 5235 iactis
1890 5160 2024 5235 Christi
2048 5166 2207 5255 culpare,
2238 5166 2449 5240 calumniari
2474 5165 2597 5237 viola.

565 5274 677 5369 quirit
692 5271 789 5342 Deus
809 5293 1005 5354 assensum,
1031 5280 1151 5359 postea
1173 5266 1333 5358 sequitur
1347 5263 1500 5333 efficacia
1517 5277 1551 5334 et
1600 5266 1733 5337 tionem
1751 5264 1886 5337 sabbati
1902 5264 2078 5335 solebant:
2114 5264 2252 5339 Multae
2274 5268 2369 5339 enim
2392 5266 2526 5337 fiebant
2552 5268 2595 5339 in

566 5374 794 5468 experientia.
853 5372 902 5445 Ut
927 5372 1025 5462 prius
1048 5369 1162 5438 credit
1183 5363 1393 5437 MosesDeo
1411 5365 1550 5434 iubenti
1601 5368 1755 5438 sabbatis
1771 5366 1979 5440 curationes.
2032 5364 2103 5438 Hir
2119 5363 2282 5440 Christus
2302 5371 2386 5441 iacit
2403 5368 2508 5439 initio
2524 5392 2596 5439 en·

563 5478 682 5568 iprum
699 5478 846 5544 educere
870 5472 1063 5566 populum,
1095 5480 1217 5560 purten
1240 5468 1354 5537 ceruit
1378 5466 1549 5536 currilium
1601 5465 1759 5554 tithesin,
1785 5469 1936 5538 affirmat
1951 5490 1987 5537 se
2004 5490 2163 5539 veracem
2179 5472 2377 5556 doctorem,
2403 5484 2438 5541 et
2455 5470 2595 5541 iustum

562 5578 653 5665 Dei,
693 5589 728 5648 et
751 5576 948 5647 mirandam
981 5572 1235 5643 defensionem.
1302 5566 1416 5637 Valde
1441 5568 1551 5656 igitur
1582 5594 1696 5656 esse,
1720 5572 1902 5641 illosvcro
1925 5568 2088 5644 iniustos.
2139 5565 2187 5641 Et
2201 5592 2404 5666 quanquam
2420 5567 2595 5642 Philoso-

561 5678 709 5773 pco‘dest
731 5673 823 5749 hanc
847 5676 1004 5766 regulam
1026 5670 1240 5742 meminisse.
1300 5668 1408 5761 impii
1428 5690 1549 5760 asper·
1600 5669 1693 5764 phus
1707 5672 1854 5767 aliquis,
1886 5683 1928 5742 ut
1947 5668 2118 5743 Socrates·
2129 5685 2270 5763 putaret
2290 5668 2377 5745 haee
2398 5671 2595 5763 gloriosius

561 5794 696 5855 nentur
716 5774 952 5870 Evangelium
973 5770 1060 5862 Dei,
1099 5772 1163 5865 qui
1189 5770 1263 5841 vim
1297 5783 1332 5844 et
1359 5771 1550 5885 efficaciam
1600 5774 1692 5857 dici,
1724 5796 1838 5874 quam·
1853 5767 1993 5845 homini
2014 5772 2223 5865 conveniat,
2246 5796 2328 5847 cum
2350 5774 2420 5863 eit,
2450 5775 2594 5848 nnllam
