5825 6950
584 638 690 711 1247·
1192 628 1462 705 citiarum.
1490 630 1699 705 salutm
1729 628 2028 707 uxunuctca.
2512 640 2592 714 ιιιι

570 811 761 900 ,pastionem
786 807 974 898 patientur.
1032 804 1140 895 erod
1167 821 1284 876 autem
1308 804 1418 893 dicit,
1450 830 1487 874 se
1509 807 1577 875 im·
1627 830 1730 899 posse
1744 806 1940 875 satisfacere
1959 803 2026 889 legi
2046 800 2131 889 Dei,
2159 818 2192 877 ει
2207 806 2429 907 disciplinam
2445 833 2513 879 esse
2529 836 2592 900 per-

560 904 563 914 ¹
586 920 682 1007 plere
705 938 765 993 ea,
798 936 888 1005 quae
911 915 1040 977 rlcssrnt
1061 899 1317 995 afflictionibus
1339 905 1493 989 Christi,
1520 910 1578 977 in·
1628 910 1753 980 lectam
1780 908 2021 999 impletionem
2048 907 2134 995 legis
2152 923 2184 977 ει
2203 910 2394 995 iusticiam,
2421 938 2485 1002 qua
2506 909 2594 984 horreo

587 1016 766 1105 telligatur
789 1038 863 1081 ιιοιι
884 1017 929 1081 ιιε
954 1012 1100 1097 merito,
1124 1021 1184 1082 sed
1201 1017 1246 1080 de
1268 1010 1503 1080 similitudine
1525 1012 1603 1091 ιιι-ι
1629 1036 1747 1081 coram
1766 1009 1842 1079 Deo
1860 1010 1972 1080 iustus
1986 1009 2050 1088 sit,
2078 1004 2144 1079 linc
2162 1027 2235 1093 est,
2262 1012 2401 1101 placens
2415 1012 2489 1081 Deo
2504 1030 2533 1083 ει
2548 1042 2593 1085 ac.

592 1120 814 1201 llictiounm,
857 1138 944 1207 quas
966 1129 1006 1183 ut
1028 1118 1229 1185 membrum
1260 1115 1418 1203 corporis
1446 1112 1604 1187 Christi'
1630 1132 1751 1203 ceptus
1773 1116 1817 1181 ad
1850 1113 1955 1211 vitam
1980 1125 2170 1185 aeternam.
2224 1112 2319 1183 llaec
2350 1132 2430 1185 sunt
2459 1112 2595 1207 philoso-

588 1221 750 1291 sustiuet.
801 1214 954 1309 Ecquis
983 1217 1021 1283 in
1045 1214 1243 1286 ministerio
1269 1218 1437 1299 sustinet,
1474 1216 1580 1286 dicit:
1632 1213 1755 1310 phire,
1782 1228 1817 1285 et
1838 1213 2022 1307 quaeritur
2041 1217 2275 1289 concinnitas.

589 1320 661 1391 Pro
676 1344 827 1409 corpore
845 1322 940 1402 eius,
960 1318 1135 1407 videlicet,
1154 1333 1191 1388 ιιι
1208 1318 1443 1387 ιιιίιιίειειίιιιιι
1462 1340 1580 1389 ιιιευιιι
1732 1318 1919 1395 Secundus
1935 1317 2060 1384 niodus
2079 1315 2354 1407 imposturarum
2373 1334 2423 1389 est
2442 1319 2513 1389 sine
2531 1344 2596 1391 eru-

588 1421 1162 1504 serviatEcclesiaeinducendo,
1197 1444 1270 1489 non
1293 1424 1389 1513 qnod
1416 1420 1580 1491 afflictio·
1632 1421 1787 1503 ditione,
1815 1419 1976 1487 videlicet
2002 1430 2226 1488 externorum
2252 1423 2383 1519 ritmun
2403 1437 2436 1491 et
2459 1440 2597 1509 gestuum

588 1549 652 1595 ιιεε
680 1525 934 1615 Apostolorum
969 1522 1041 1592 sint
1071 1524 1236 1591 meritum
1267 1522 1580 1596 reconciliationis.
1632 1525 1718 1594 falsa
1738 1520 2036 1602 accommodatio,
2063 1522 2122 1613 qui
2142 1537 2257 1591 taureu
2278 1524 2431 1613 primum
2453 1525 2598 1595 iudeorti

588 1627 660 1697 Sed
684 1640 802 1695 inanes
825 1625 1024 1693 communis
1047 1624 1169 1713 regula
1198 1626 1242 1693 de
1268 1625 1504 1696 similitudine
1528 1625 1581 1693 al·
1634 1639 1735 1708 suut,
1777 1626 1871 1717 quod
1904 1644 2042 1692 necesse
2067 1642 2115 1695 εει
2142 1624 2178 1693 in
2208 1629 2276 1693 vita
2300 1628 2551 1697 esseordiuem
2573 1644 2597 1699 et

591 1728 810 1798 dictionum:
836 1722 990 1819 Oportet
1016 1750 1081 1795 nos
1106 1728 1179 1794 fieri
1197 1728 1397 1797 conformes
1419 1727 1583 1816 imaginis
1634 1730 1752 1819 aliqua
1782 1725 1957 1795 exercitis.
2012 1720 2077 1793 His
2107 1744 2224 1815 postea
2256 1730 2431 1817 affingunt
2462 1725 2597 1800 hoinines

590 1830 654 1899 lilii
683 1829 766 1899 Dei.
827 1825 877 1898 Et
901 1842 1045 1919 propter
1078 1852 1167 1922 quas
1191 1852 1314 1899 causas
1339 1829 1433 1899 lilius
1455 1833 1583 1899 missus
1607 1850 1610 1927 ι
1635 1830 1841 1922 opinionem
1866 1827 2024 1896 institiae
2048 1842 2080 1896 et
2107 1830 2243 1911 saeriti,
2277 1843 2312 1899 ει
2334 1831 2450 1899 cultus
2466 1828 2541 1915 Dei,
2562 1834 2598 1899 si-

594 1932 660 2010 rit,
690 1932 854 2001 ucfiern
878 1932 1038 2014 victima,
1077 1931 1261 2000 sciendum
1287 1948 1356 2012 εει,
1400 1948 1432 2001 ει
1454 1934 1583 2001 ιιίειίιι-

551 2089 555 2097 ,
593 2034 734 2123 guenda
756 2034 878 2101 missio
903 2032 968 2101 lilii
985 2058 1004 2100 a
1022 2033 1158 2125 reliqna
1186 2030 1362 2117 Ecclesia,
1387 2060 1477 2128 quae
1502 2059 1585 2123 pro-

592 2149 671 2224 pter
690 2136 777 2203 alias
797 2158 919 2203 causas
940 2134 1035 2203 croci
1052 2134 1207 2204 sirlsiecta
1225 2152 1288 2209 εει.
1340 2136 1460 2207 Solius
1477 2135 1584 2206 Chri-

591 2238 639 2306 sti
661 2239 775 2324 passio
792 2251 843 2305 εει
868 2230 1024 2329 λύτρον,
1047 2237 1263 2311 afflictiones
1292 2263 1375 2309 vero
1404 2236 1584 2310 Ecclesiae

592 2354 677 2458 sunt
706 2357 767 2409 aus
793 2334 990 2435 τιμωρίαι,
1033 2352 1096 2409 ant
1119 2332 1355 2435 doatpnnim,
1397 2360 1459 2416 aut
1487 2366 1585 2441 pnp-

592 2462 715 2535 supra.

885 2602 1025 2764 Caput
1053 2655 1295 2743 secundum.

700 2834 912 2907 Admonitio
931 2854 981 2909 εει
999 2844 1043 2910 de
1058 2841 1212 2910 vitandis
1227 2840 1437 2932 corruptelis
1453 2838 1587 2909 doctri-

598 2965 685 3020 nae,
720 2963 760 3008 ac
790 2940 945 3031 primum
976 2942 1177 3033 insignibus
1207 2944 1387 3013 vocabulis
1411 2968 1497 3014 usus
1518 2954 1587 3020 est,

526 3030 529 3040 ¹
598 3038 929 3135 συμβιβασθίντες
947 3041 987 3116 ἐν
1010 3038 1157 3142 ἀγάπῃ,
1203 3043 1270 3115 hoc
1300 3054 1369 3128 εει,
1412 3044 1587 3115 coucinrre

597 3146 853 3233 coagmentati,
879 3146 1079 3227 coniuncti,
1106 3148 1262 3238 copulati
1279 3148 1316 3215 in
1332 3149 1536 3221 dilectione.

698 3241 951 3340 qupotpopin
977 3248 1149 3335 significat
1172 3247 1455 3335 Certitudinem,
1480 3274 1586 3341 snpra

598 3349 644 3416 ad
663 3344 863 3417 Romanos:
892 3347 1144 3443 Unusquisque
1165 3368 1280 3421 certus
1300 3354 1346 3421 sit
1369 3355 1406 3420 in
1422 3378 1483 3424 sua
1507 3376 1587 3421 seu-

597 3450 720 3520 tentia.
773 3448 824 3520 lta
842 3445 1018 3536 hic-dicit,
1044 3477 1080 3521 se
1095 3456 1303 3524 confirmare
1317 3451 1522 3542 Ecclesiam,
1549 3468 1588 3523 ut

598 3553 772 3620 certitudo
797 3553 878 3619 fidei
902 3554 947 3623 sit
964 3556 1003 3624 iu
1026 3557 1112 3643 ipsis
1128 3556 1281 3642 firmior,
1308 3559 1390 3651 quia
1409 3559 1494 3627 fides
1512 3581 1587 3626 uon

599 3667 652 3722 εει
688 3653 894 3740 imaginatio
933 3659 1096 3745 ambigna
1141 3658 1268 3728 similis
1308 3661 1586 3731 academicorum

599 3756 899 3845 disputationum,
936 3762 996 3825 sed
1032 3775 1168 3850 oportet
1205 3785 1280 3829 esse
1318 3765 1589 3845 certitudinem,

597 3856 689 3926 sicut
705 3857 837 3929 dicitur
854 3857 891 3925 iu
909 3861 1131 3931 delinitione:
1160 3862 1267 3932 Fides
1284 3879 1334 3934 est
1352 3863 1498 3962 ἔλεγχος
1514 3891 1587 3934 non

596 3961 860 4048 apparentium:
888 3982 921 4030 et
940 3978 1064 4032 notum
1082 3980 1133 4034 εει
1148 3967 1299 4035 dictum:
1325 3966 1397 4055 Qui
1417 3994 1490 4037 nou
1512 3993 1585 4039 cre-

597 4061 652 4128 dit
671 4061 708 4126 in
730 4061 864 4142 lilium,
889 4064 960 4130 iam
983 4066 1157 4137 iudicatus
1173 4083 1235 4139 εει.
1290 4067 1393 4139 lteru:
1425 4071 1495 4159 Qui
1516 4095 1589 4140 non

597 4162 709 4230 credit
732 4162 770 4230 in
791 4162 920 4247 filium,
947 4182 1065 4236 rriariet
1089 4169 1139 4238 ira
1156 4167 1222 4237 Dei
1240 4193 1346 4259 super
1362 4198 1453 4243 enm.
1508 4172 1588 4244 Nun

597 4277 649 4332 est
665 4275 782 4332 autem
799 4266 975 4336 dubitatio
991 4267 1115 4355 Fides,
1142 4273 1277 4340 etiamsi
1297 4274 1398 4343 initia
1414 4275 1495 4344 fidei
1511 4276 1590 4344 lan·

597 4363 705 4452 guida
739 4379 841 4449 sunt,
874 4392 1028 4437 crescere
1053 4385 1171 4440 tamen
1201 4375 1402 4446 firmitatem
1429 4392 1589 4467 oportet,

595 4465 686 4536 sicut
708 4466 767 4534 ille
793 4468 898 4559 petit:
934 4467 1049 4544 Credo
1073 4472 1247 4564 Domine,
1273 4505 1377 4570 opem
1401 4480 1453 4549 lec
1476 4481 1589 4552 imbe-

597 4567 737 4638 cillitati
760 4594 868 4640 meae.

651 4729 694 4807 V
690 4729 783 4804 ideis
815 4759 859 4808 ne
887 4739 971 4837 quis
1001 4735 1152 4812 seducat
1184 4771 1246 4817 vos
1274 4772 1339 4846 per
1366 4744 1539 4848 plu'loso-

980 4835 1114 4939 phium
1139 4855 1202 4922 etc.

698 4966 795 5042 Αιιιε
817 4973 856 5042 in
881 4999 1018 5045 summa
1044 4983 1219 5072 praecepit
1244 4988 1289 5055 de
1316 4991 1482 5061 cavendis
1510 5017 1589 5062 eor-

597 5075 766 5163 ruptelis',
796 5101 892 5144 nunc
910 5078 1041 5167 species
1056 5079 1191 5175 aliquas
1208 5108 1381 5176 recenset,
1409 5097 1588 5165 conlusio-

597 5199 681 5244 nem
700 5171 947 5268 philosophiae
971 5196 1004 5251 et
1021 5181 1224 5274 Evangelii,
1256 5196 1499 5265 ordinationes
1520 5194 1589 5267 hu-

598 5300 741 5362 manas,
765 5280 866 5348 fictos
879 5278 1139 5355 enthusiasmos
1162 5305 1196 5358 et
1217 5297 1383 5364 erraentita
1407 5299 1588 5368 miracula.

601 5373 660 5446 Λιι
684 5375 749 5448 hos
774 5384 900 5450 modos
920 5384 991 5452 iere
1017 5389 1137 5456 reduci
1159 5412 1305 5480 possunt
1327 5423 1449 5465 οιιιιιεε
1473 5399 1587 5490 impo-

600 5491 738 5564 sturae,
771 5496 810 5550 ut
836 5482 1105 5570 samosatenus,
1132 5489 1377 5583 Mahometus,
1410 5499 1588 5583 Servatus,

599 5575 837 5649 Thammerus
862 5601 1038 5674 quaerunt
1061 5587 1343 5685 philosophicam
1367 5605 1588 5674 concinnita-

598 5691 688 5762 tem,
713 5685 896 5772 disputant
918 5677 1032 5782 λόγον
1057 5715 1130 5761 esse
1153 5711 1291 5768 tantum
1311 5727 1432 5772 vocem
1457 5729 1588 5775 everne-

597 5794 764 5852 scentem.
824 5783 987 5876 Pelagius
1010 5805 1045 5862 et
1062 5794 1232 5868 monachi
1254 5802 1381 5876 dicunt
1404 5802 1586 5880 hominem
1611 5875 1616 5890 ,

1636 1947 1695 2003 ειιι
1721 1956 1849 2001 nomeu
1874 1930 2160 2020 superstitionem
2185 1933 2268 2001 iude
2288 1934 2409 2003 iactun
2433 1948 2500 2017 est,
2523 1936 2598 2024 quod

1636 2036 1681 2105 sit
1698 2034 1884 2103 immodica
1901 2031 2085 2101 assiduitas
2105 2034 2141 2109 iu
2159 2034 2296 2107 ritibus.
2349 2033 2432 2103 Huc
2449 2038 2598 2125 pertinent

1637 2138 1727 2208 ritus
1754 2128 2029 2217 monachorum,
2062 2136 2265 2205 discrimina
2290 2138 2474 2216 ciborum,
2513 2139 2597 2207 coeli-

1636 2243 1758 2317 batus,
1784 2230 2045 2334 (inrroioyins,
2080 2252 2113 2307 et
2136 2238 2295 2306 omnium
2321 2240 2480 2328 gentium
2502 2264 2598 2330 super-

1637 2344 1809 2413 stitioues.
1865 2338 1968 2410 Unde
1984 2358 2015 2408 et
2042 2340 2151 2407 msilta
2173 2341 2266 2409 idola
2287 2358 2362 2411 octa
2390 2356 2425 2411 et
2448 2344 2595 2435 cumulata

1635 2458 1736 2531 sunt,
1771 2442 1899 2512 milites
1922 2456 2094 2533 quaerunt
2124 2468 2256 2512 ιιιιιιιειι
2282 2458 2378 2513 εειιο
2406 2444 2494 2529 ritu,
2524 2448 2596 2535 quod

1638 2548 1833 2639 opituletur
1857 2546 1895 2613 in
1922 2545 2032 2612 bello:
2068 2545 2233 2615 ιιιιιιίειεε
2254 2560 2432 2638 quaerunt
2456 2547 2595 2615 auxilium

1639 2652 1677 2719 in
1694 2664 1816 2741 partu,
1843 2646 1922 2715 ideo
1940 2661 2074 2717 statuae
2093 2645 2259 2733 lurconis,
2291 2648 2421 2719 Ariciae
2438 2663 2499 2721 etc.
2521 2674 2596 2718 ειεε-

1638 2755 1765 2843 gitatae
1787 2753 1885 2822 ειιιιι.Ι

1743 2852 1784 2923 ln
1806 2847 1863 2920 his
1889 2852 2027 2921 duobus
2050 2852 2162 2919 modis
2182 2867 2296 2943 peccat
2315 2853 2426 2935 ratio,
2457 2874 2595 2943 quaerens

1640 2955 1753 3028 Deum
1773 2954 1850 3023 sine
1867 2954 1992 3033 verbo,
2016 2968 2075 3023 aut
2094 2954 2189 3024 intus
2209 2956 2441 3045 disputando,
2467 2955 2595 3025 antiocia

1638 3062 1732 3131 male
1755 3058 2056 3127 accommodando
2082 3074 2198 3143 gestus
2223 3074 2257 3129 et
2280 3084 2399 3148 opera.

1742 3160 1887 3231 Tertius
1911 3162 2035 3227 msidns
2062 3173 2191 3228 estant
2214 3160 2443 3251 impudenter
2463 3158 2592 3227 simulata

1641 3264 1795 3345 vanitas,
1818 3278 1880 3332 aut
1902 3260 2075 3329 diabolica
2099 3261 2233 3335 illusio.
2288 3263 2398 3333 Multi
2421 3262 2508 3331 enirn
2529 3262 2592 3329 salsa

1641 3369 1800 3436 iactitant
1833 3359 2107 3446 enthusiasmos,
2140 3380 2177 3435 ιιι
2202 3366 2457 3455 Assaliaptistae
2480 3362 2592 3455 plurimi
2630 3335 2631 3427 l

1640 3466 1696 3540 his
1721 3466 1912 3538 mendaciis
1934 3489 1969 3534 se
1995 3466 2196 3537 venditant:
2229 3485 2290 3538 aut
2311 3483 2394 3538 ειιιιι
2421 3466 2591 3557 praestigiae

1640 3573 1854 3653 diabolicae,
1886 3584 1924 3638 ut
1948 3582 1982 3637 et
2004 3570 2112 3637 niarlta
2138 3571 2223 3639 falsa
2249 3572 2418 3640 miracula
2438 3597 2455 3638 a
2472 3569 2591 3636 diabolis

1641 3676 1750 3759 beant,
1777 3686 1809 3741 et
1833 3695 1933 3761 saepe
1950 3686 2083 3762 spectra
2103 3695 2175 3741 sese
2192 3673 2303 3744 oculis
2327 3671 2506 3742 hominum
2526 3671 2590 3737 olle·

1642 3790 1734 3846 ειιιιι.
1796 3771 1859 3844 Est
1880 3789 1995 3842 avitam
2022 3769 2088 3842 hoc
2117 3775 2195 3844 loco
2219 3776 2430 3846 vocabulum
2456 3777 2589 3868 nnlupn

1640 3883 1740 3976 γῶν,
1770 3879 1864 3970 quod
1881 3875 2052 3976 significat
2068 3878 2247 3970 captivum
2267 3881 2441 3947 adducere
2457 3897 2589 3966 tanlquam
2628 3929 2629 3991 q

1643 3984 1820 4072 praedam.
1874 3979 1963 4046 Nam
1992 3981 2110 4048 σκῦλα
2136 3980 2333 4069 significant
2358 3980 2491 4070 Spolia,
2530 3979 2589 4044 inda

1642 4099 1692 4154 est
1715 4087 1810 4154 σῦλα
1836 4104 1907 4149 nisa
1930 4080 2029 4148 litera
2054 4083 2193 4151 detrita.
2245 4081 2345 4152 lubet
2369 4084 2471 4170 igitur
2487 4103 2588 4153 cavere,
2627 4113 2628 4123 ι

1642 4211 1686 4254 ιιε
1702 4185 1920 4274 decipiamur
1938 4183 2007 4251 illis
2027 4184 2158 4268 modis,
2184 4189 2228 4252 dc
2252 4188 2382 4276 quibus
2405 4195 2584 4264 caesariana,

1642 4305 1674 4358 ει
1689 4288 1794 4356 simul
1817 4285 1986 4374 significat
2004 4289 2166 4370 deceptos
2181 4302 2215 4355 ει
2233 4287 2338 4357 εἰιιιιιι
2358 4287 2501 4356 irretitos
2517 4283 2585 4348 velut

1643 4391 1799 4482 captivos
1823 4386 1954 4470 teneri,
1993 4389 2183 4486 uec'lacile
2214 4390 2376 4470 liberari,
2415 4390 2497 4455 sicut
2523 4380 2585 4452 alibi
2626 4421 2627 4438 ι

1642 4494 1778 4586 inquit,
1818 4515 1838 4560 a
1877 4489 2031 4560 diabolo·
2064 4504 2197 4562 scientes
2238 4493 2428 4583 impiorum
2467 4485 2585 4578 captivas
2626 4489 2627 4556 i

1644 4595 1768 4667 teneri.
2299 4651 2306 4664 ,

1742 4693 1796 4766 De
1821 4692 1937 4786 primo
1960 4709 2075 4763 antem
2105 4699 2210 4764 modo
2234 4697 2346 4764 sciant
2369 4698 2511 4765 irresiores
2532 4715 2581 4760 nnn

1641 4799 1803 4867 damnari
1848 4820 1964 4864 veram
2000 4793 2257 4890 philosophiam
2293 4815 2482 4870 manentem
2515 4797 2580 4862 intra

1642 4925 1722 4969 suas
1745 4913 1871 4982 metas,
1913 4899 1971 4966 sed
1995 4901 2154 4966 ‹lminari
2180 4902 2419 4970 confusionem
2442 4898 2578 4968 doctrina·

1643 5013 1739 5086 rum,
1776 5027 1857 5071 cuni
1886 4995 2110 5091 philosophia
2138 5005 2284 5072 docetur
2316 5027 2379 5094 pro
2409 4997 2576 5088 Evangelio,

1641 5109 1738 5202 quod
1765 5120 1816 5189 est
1844 5103 2035 5172 revelatum
2062 5117 2096 5172 et
2128 5117 2178 5173 est
2206 5121 2299 5174 extra
2331 5121 2461 5196 captum
2484 5097 2575 5170 huma·

1640 5232 1746 5289 nuni,
1778 5205 1838 5275 sen
1856 5229 1935 5273 cnm
1953 5201 2184 5293 Evangelium
2203 5208 2462 5276 transformatur
2477 5207 2505 5272 in
2520 5195 2573 5290 plti·

1641 5304 1857 5400 losophiam,
1885 5321 1923 5376 ιιι
1947 5331 2060 5376 ειεεεε
2082 5308 2215 5380 iaciunt
2241 5307 2417 5398 Pelagiani
2439 5321 2467 5374 et
2485 5325 2570 5371 suona-

1642 5407 1719 5492 chi,
1753 5410 1815 5502 qui
1839 5410 2014 5478 linxerunt
2039 5404 2203 5481 homines
2228 5435 2326 5500 posse
2347 5411 2410 5498 legi
2434 5407 2488 5476 Dei
2502 5405 2571 5474 satis·

1641 5514 1772 5596 secere,
1816 5525 1849 5580 ει
1874 5507 1964 5580 hanc
1987 5512 2268 5604 qualemcunque
2297 5513 2499 5603 disciplinam
2522 5527 2570 5574 uss

1643 5614 1829 5702 perlectam
1862 5615 2103 5703 impletionem
2131 5614 2244 5703 legis,¹
2277 5629 2310 5684 ει
2339 5615 2454 5684 revereri
2482 5607 2568 5678 reaia

1640 5717 1775 5784 sionem
1795 5731 2034 5808 peccatorum,
2062 5730 2096 5785 et
2117 5741 2190 5784 esse
2207 5717 2398 5801 iusticiam,
2422 5739 2478 5806 qua
2493 5709 2566 5779 haas

1641 5819 1686 5888 sit
1712 5819 1823 5890 iustus
1846 5843 1961 5916 corqm
1981 5815 2078 5898 Deo,
2106 5820 2247 5910 placens
2261 5816 2335 5890 Deo
2354 5833 2385 5890 ct
2398 5805 2564 5906 acceptusal
2621 5825 2622 5904 J
