5825 6950
717 716 800 792 xu
849 663 1681 794 annananornsnmne.1oann1s.
1732 713 1951 795 cmxu.
2275 729 2357 806 zos

413 891 478 965 Sic
492 891 595 984 impii
610 887 837 986 prophetant,
862 892 900 962 id
916 905 980 977 est,
1004 891 1139 962 malum
1154 904 1309 978 struunt,
1358 889 1538 965 maedan.
1605 887 1689 968 Non
1718 891 1829 983 igitur
1853 895 2015 966 facienda
2044 895 2124 968 fuit.
2186 889 2351 976 Alterum

324 997 411 1092 quod
444 995 485 1065 lit
517 996 646 1064 modus
675 997 720 1064 ad
751 995 945 1084 gloriosum
976 994 1129 1075 exitum,
1162 1008 1308 1064 utrum
1359 1004 1428 1060 est:
1463 989 1545 1062 Non
1567 1007 1650 1064 sunt
1671 995 1852 1066 faciendae
1868 996 2118 1088 profusiones,
2142 998 2351 1092 praesertim

323 1092 533 1186 Achitophel
547 1098 702 1168 dedisset
713 1097 905 1167 consilium
918 1095 1203 1181 utichbsoloni,
1229 1097 1307 1166 Ab·
1358 1117 1438 1163 cum
1467 1096 1736 1190 defraudatione
1760 1118 1967 1190 pauperum.
2020 1100 2136 1171 Maria
2163 1104 2353 1192 profundit

323 1202 416 1272 solon
440 1211 562 1269 temen
576 1200 766 1270 curulium
783 1200 978 1290 speciosum
992 1195 1126 1268 Glausai
1143 1199 1305 1279 antefert,
1356 1211 1599 1286 unguentum,
1626 1201 1721 1292 quod
1744 1203 1861 1292 potuit
1875 1203 1983 1272 vendi
2001 1204 2165 1274 trecentis
2180 1205 2353 1292 denariis,

322 1326 388 1398 qno
414 1301 570 1393 spatium
593 1302 767 1373 concessit
788 1302 881 1390 patri
903 1297 1036 1372 Daridi
1057 1303 1100 1368 ad
1123 1315 1303 1391 receptum
1355 1297 1477 1383 idest,
1502 1299 1646 1389 triginta
1663 1304 1859 1388 coronatis,
1885 1307 1982 1374 unde
1995 1305 2122 1376 melius
2136 1320 2211 1376 erat
2225 1305 2349 1377 invare

325 1405 580 1499 quaerendum,
607 1406 826 1494 colligendas
847 1404 967 1496 copias
981 1415 1015 1471 et
1030 1404 1224 1492 parandam
1242 1404 1305 1472 de-
1355 1423 1546 1491 pauperes,
1573 1403 1651 1474 iure
1665 1403 1773 1496 igitur
1788 1401 2075 1498 reprehenditur.

324 1508 522 1580 sensionem.
575 1503 628 1575 lta
645 1503 815 1576 Absoluta·
831 1529 955 1575 errans
976 1527 1019 1574 eo
1039 1505 1118 1595 ipso
1141 1504 1304 1591 consilio,
1685 1497 1688 1504 Δ

324 1613 410 1703 quod
427 1620 526 1700 potat
543 1631 617 1678 csse
631 1609 846 1679 tutissimum
860 1611 903 1678 ad
920 1609 1142 1699 perdendum
1159 1621 1303 1699 patrem,

324 1726 428 1782 servat
448 1733 541 1782 eum.
595 1708 675 1781 Hor
689 1711 887 1806 exemplum
903 1722 1069 1793 testatur,
1096 1709 1210 1780 Deum
1228 1733 1304 1777 me-

326 1828 371 1882 tas
390 1813 606 1882 constituere
627 1825 663 1884 et
686 1813 870 1892 saevitiae,
905 1826 939 1882 et
960 1809 1120 1880 consiliis
1144 1807 1302 1882 hostium

325 1914 508 2006 Ecclesiae,
534 1938 582 1984 ne
594 1916 874 2008 possint-nocere
890 1927 1063 2008 quantum
1083 1913 1221 1990 volunt,

318 715 389 797 206

1456 1535 1513 1607 Ad
1539 1538 1696 1630 primum
1719 1543 1935 1634 respondeo,
1968 1568 2008 1613 ac
2027 1545 2184 1636 primum
2208 1547 2252 1616 ad
2278 1547 2349 1616 mi-

1354 1661 1478 1708 norem
1509 1641 1606 1710 dico:
1639 1639 1718 1713 Hoc
1746 1669 1834 1735 opus
1861 1645 1969 1714 fnisse
1992 1648 2081 1738 opus
2106 1649 2351 1734 confessionis,

1355 1765 1425 1834 quo
1442 1739 1559 1833 Maria
1582 1744 1761 1816 testificata
1786 1759 1837 1815 est
1860 1771 1896 1816 se
1919 1743 2016 1818 hrrnc
2038 1753 2219 1820 doctorem
2237 1775 2347 1820 vene-

1354 1843 1447 1928 rari,
1473 1857 1505 1912 et
1531 1845 1562 1913 ei
1588 1849 1749 1932 credere,
1775 1873 1854 1917 rum
1879 1851 2023 1942 quidem
2045 1853 2234 1922 totics'iam
2254 1875 2348 1922 assc-

1313 1981 1316 1994 ·
1357 1959 1524 2030 vacasset,
1550 1971 1586 2016 se
1603 1972 1677 2019 esse
1694 1946 1883 2036 Messiam,
1906 1967 1938 2022 et
1958 1968 2141 2046 propterea
2159 1953 2347 2024 Pontifices

1354 2071 1435 2117 eum
1457 2047 1582 2119 tollere
1604 2071 1784 2142 cuperent,
1836 2045 1971 2124 Omnia
1996 2071 2112 2124 autern
2132 2080 2237 2148 opera
2259 2081 2346 2124 con-

1354 2149 1516 2219 sessionis
1532 2176 1605 2221 non
1620 2153 1805 2224 simulatae
1821 2155 1961 2247 placent
1973 2155 2070 2247 Deo,
2096 2172 2241 2249 propter
2257 2181 2346 2226 con-

1353 2250 1562 2339 fessionem,
1588 2267 1624 2324 et
1647 2255 1833 2345 ingruere
1856 2262 2022 2328 mandata
2046 2273 2141 2331 sunt.
2190 2253 2246 2326 lta
2266 2261 2345 2349 pla-

1355 2367 1409 2424 cet
1430 2350 1497 2424 hoc
1519 2379 1628 2448 opus,
1651 2382 1725 2427 non
1742 2383 1782 2427 ex
1798 2383 1906 2448 opere
1923 2375 2089 2452 operato,
2116 2362 2176 2430 sed
2194 2363 2276 2454 quia
2293 2375 2345 2430 est

1354 2456 1596 2527 testimonium
1620 2461 1870 2546 confessionis,
1895 2464 2054 2532 ostendit·
2070 2463 2164 2531 enim
2181 2461 2281 2540 aliis,
2307 2483 2346 2531 se

1353 2559 1495 2628 credere
1517 2555 1603 2634 huic
1627 2563 1783 2644 doctori,
1808 2564 2023 2655 et'proirteri
2047 2589 2128 2634 eum
2152 2587 2227 2634 esse
2245 2561 2345 2634 Mes-

1352 2660 1453 2728 siam.
1503 2659 1564 2734 Sic
1578 2662 1692 2734 David
1715 2664 1968 2756 faciebatopur
1982 2667 2235 2754 confessionis,
2261 2689 2343 2738 cum

1352 2775 1434 2832 ante
1456 2785 1573 2836 arcam
1596 2766 1762 2838 incedere
1780 2767 1919 2839 luderet
1938 2763 2086 2838 cithara.
2137 2766 2210 2838 Nec
2224 2765 2342 2837 David

673 2170 832 2280 eaput,
854 2165 956 2254 ΧΗ,

566 2333 661 2408 Aine
682 2357 750 2406 sca:
772 2329 850 2406 dies
871 2325 1054 2410 Paschae.

422 2489 531 2564 Series
554 2489 801 2562 narrationum
824 2477 1008 2571 manifeste
1029 2485 1201 2566 ostendit,
1232 2484 1302 2555 La-

339 2621 407 2666 rem
425 2609 559 2664 mortuo
583 2591 778 2663 restitutam
796 2612 869 2660 esse
884 2591 994 2660 vitam
1011 2603 1093 2660 ante
1109 2589 1205 2658 diem
1220 2586 1303 2657 Pal-

333 2721 463 2768 marum.
511 2693 619 2766 Nunc
640 2694 735 2763 enim
758 2691 915 2762 Sabbata
940 2706 1022 2761 ante
1044 2691 1139 2760 diem
1161 2683 1303 2760 Palma-

330 2825 397 2868 rom
424 2799 460 2866 in
482 2793 682 2878 Bethania,
715 2792 869 2864 Lazarus
899 2817 1020 2862 recens
1047 2805 1231 2862 revocatus
1261 2791 1299 2859 in

328 2903 433 2980 sitam,
458 2898 636 2968 accumbit
653 2919 794 2965 mensae
808 2909 842 2966 et
857 2893 1177 2974 convivioChristi,
1205 2894 1301 2986 qnod
1352 2876 1414 2935 ³¹¹²
1441 2859 1528 2938 hm
1554 2868 1685 2937 'Puni‘
1711 2870 1849 2939 addunt
1880 2870 2107 2990 ⁰Pf¹¹i⁰¹¹⁰¹⁰s
2146 2871 2242 2963 q⁰⁰d
2272 2865 2344 2938 ¹¹⁰⁰

327 3029 361 3072 ω
382 3014 565 3085 mmm,
591 3014 631 3071 ιη
652 2998 895 3070 ,emmonim
921 3011 1013 3068 em,
1036 3000 1081 3067 d,
1096 3022 1177 3066 ve„
1196 2996 1298 3065 md,
1351 2989 1441 3057 opus
1453 2981 1638 3040 externum
1654 2983 1833 3042 mereatur
1847 2995 2090 3044 remissionem
2107 2984 2343 3062 peccatorum,

326 3107 450 3176 tutione
481 3103 575 3172 vitae
594 3099 739 3182 Lazari,
768 3125 815 3168 ne
847 3100 927 3193 quis
957 3100 1131 3170 existimet
1154 3123 1234 3167 eum
1260 3111 1301 3167 ut
1351 3071 1875 3188 ³¹¹²·P0W5085st'1'lu30032
1900 3075 1961 3144 3θᾶ
1977 3074 2133 3144 mimam
2152 3075 2268 3164 ⁰P⁰fi⁸
2283 3073 2342 3140 5¹¹·

326 3223 489 3308 spectmm
531 3202 640 3273 semel
678 3198 894 3286 exhibitum,
945 3215 1065 3292 postea
1102 3202 1300 3271 evanuisse.
1351 3170 1518 3259 mnium
1540 3195 1614 3242 ²⁵⁸0
1633 3177 1907 3260 confessionem,
1931 3190 1967 3250 ct
1989 3171 2079 3247 hanc
2094 3172 2170 3245 Deo
2193 3177 2362 3273 placere,¹

325 3310 391 3380 lmo
412 3305 498 3380 haec
516 3307 610 3386 rita,
633 3327 717 3374 vera
734 3317 767 3374 et
781 3305 951 3374 diuturna
968 3317 1046 3395 post
1061 3303 1299 3372 resuscitatio·
1351 3272 1446 3390 i'!¹¹³
1467 3273 1575 3392 Pindi
1603 3275 1676 3364 Qui
1695 3279 1873 3348 ⁶0¹¹f0⁵⁵u⁸
1891 3279 1998 3348 fuerit
2013 3301 2069 3346 me
2085 3301 2203 3348 coram
2223 3272 2342 3346 homi-

323 3433 394 3483 nem
421 3411 508 3491 supp,
537 3433 578 3479 ὃς
607 3420 755 3477 mmm
782 3401 952 3475 mod„
982 3419 1061 3499 po„
1085 3404 1314 3474 dq,3,;0„„,„,
1352 3373 1478 3458 rubus,
1501 3376 1605 3446 rllum
1621 3379 1817 3448 confitebor
1834 3403 1950 3450 coram
1968 3393 2157 3471 pstremeo
2174 3379 2327 3458 coelesti.

277 3577 280 3598 ‚
324 3514 582 3606 Apostolorum,
606 3496 687 3581 fflm
701 3510 763 3579 alii
776 3508 942 3600 discipuli
957 3508 995 3577 in
1010 3510 1077 3578 alia
1094 3506 1298 3579 locaEvan-
1452 3508 1644 3605 Nunquam
1669 3526 1785 3585 autem
1809 3510 1997 3585 exhibetur
2011 3514 2184 3585 confessio
2201 3514 2238 3585 in
2254 3538 2342 3607 ope·

324 3620 441 3706 galium
467 3614 654 3696 afferrent,
677 3611 850 3682 Lazarum
873 3610 1021 3680 venisse·
1035 3609 1233 3681 Massiliam
1254 3611 1298 3678 ad
1350 3613 1450 3684 ribus
1484 3612 1694 3704 prohibitis,
1736 3618 1808 3686 imo
1843 3618 1975 3689 iaciens
2010 3612 2189 3709 prohibita
2219 3640 2341 3707 opera,

326 3723 398 3791 litus
413 3716 616 3800 Gallicum,
643 3728 676 3784 et
692 3714 744 3783 ibi
760 3710 997 3803 Evangelium
1012 3713 1185 3784 docuisse.
1350 3718 1508 3787 ostendit
1530 3742 1566 3787 sc
1589 3742 1663 3787 non
1687 3719 1849 3788 venerari
1867 3718 2004 3803 Deum,
2030 3722 2089 3789 sed
2110 3720 2227 3811 potins
2242 3718 2339 3787 iudi-

408 3839 597 3913 caemmm
615 3851 650 3909 er
665 3824 734 3905 hnc
750 3836 970 3927 disputatur,
996 3858 1042 3903 a„
1059 3820 1196 3909 dipem
1212 3810 1299 3903 co'n.
1350 3819 1444 3887 cium
1467 3819 1541 3888 cius
1563 3833 1806 3907 contemnere,
1832 3821 1923 3892 sicut
1947 3844 2021 3890 non
2039 3833 2121 3892 suut
2137 3822 2234 3909 signa
2251 3844 2339 3889 con-

322 3944 403 4013 vivi„
425 3945 465 4012 in
487 3935 663 4011 Bethania
686 3938 834 4008 recitent
856 3933 1122 4027 Evangdssm,
1147 3937 1210 4005 ersi
1232 3932 1299 4005 hae
1349 3921 1513 3990 fessionis
1549 3923 1773 3991 adorationes
1801 3935 2017 4006 statuarum,
2057 3923 2339 4012 circumgestatio

321 4045 533 4141 quaestiones
570 4042 680 4132 magis
715 4041 874 4109 curiosae
904 4053 1007 4126 sunt,
1044 4063 1149 4132 quam
1180 4038 1299 4126 utiles,
1351 4022 1473 4114 Ρθῐῑῑὸ,
1505 4024 1672 4093 sacrificia
1703 4023 1913 4103 Μῐεῦδῑΰῐῐὶ,
1947 4038 1986 4095 ul
2013 4048 2110 4093 nune
2139 4024 2199 4093 illa
2230 4048 2339 4119 opera

325 4162 424 4217 tamen
445 4160 488 4217 nt
511 4167 569 4213 eas
592 4143 747 4211 breviter
768 4144 997 4233 alorrrmpam,
1022 4165 1135 4210 meam
1155 4140 1299 4232 opinio-

327 4275 392 4321 nem
420 4251 558 4337 dicam‚
590 4244 753 4314 existimo
786 4246 924 4313 diversa
955 4242 1119 4313 convivia
1146 4242 1298 4326 recitari,

326 4348 461 4423 loannes
482 4368 602 4419 narrat
626 4346 831 4416 convivium
856 4344 942 4414 sexti
968 4346 1038 4414 diei
1056 4358 1137 4415 aule
1152 4342 1299 4427 Pascha,

325 4451 515 4529 Matthaeus
550 4450 753 4519 convivium
793 4448 889 4518 tertii
925 4448 997 4516 diei
1035 4460 1116 4517 ante
1152 4443 1297 4519 Pascha.

323 4552 403 4631 llaec
418 4551 512 4627 nihil
531 4549 664 4623 habent
681 4550 839 4624 absurdi.

408 4677 480 4747 Sed
498 4670 655 4741 officium
665 4666 803 4739 Mariae.
819 4667 953 4735 sororis
967 4666 1109 4753 Lazari,
1138 4681 1171 4736 et
1187 4666 1299 4757 signi-

322 4779 508 4849 ficationem
529 4774 724 4842 videamus.
776 4767 891 4838 Maria
915 4770 1016 4859 ungit
1035 4772 1139 4859 pedes
1151 4764 1298 4854 Christi,

321 4884 349 4951 id
368 4880 435 4951 suit
457 4878 626 4949 usitatum
651 4873 706 4941 illi
727 4873 842 4960 genti,
868 4872 906 4939 in
927 4897 995 4965 qua
1014 4887 1047 4941 et
1061 4874 1299 4941 nascebantur

320 4996 463 5055 aromata
492 4976 790 5066 fragrantissima,
820 4988 865 5043 et.
883 4997 1031 5063 magnus
1061 4997 1184 5045 eorum
1212 4996 1299 5043 usus

321 5101 395 5159 erat,
449 5080 572 5175 Voluit
589 5080 682 5146 enim
700 5076 796 5147 [letas
812 5100 915 5145 suum
931 5076 1104 5168 populum
1121 5074 1298 5147 iustruere

322 5185 553 5277 praesentibus
566 5179 730 5249 remediis
746 5181 914 5248 adversus
931 5181 1098 5262 vrrlnera,
1125 5202 1204 5249 cum
1222 5178 1297 5247 vel-

323 5290 363 5361 let
375 5313 443 5361 esse
458 5286 599 5365 milites,
625 5296 659 5351 et
672 5284 841 5351 adversus
854 5282 1042 5369 languores
1057 5280 1186 5363 cordis,
1207 5304 1296 5373 quos
1360 5356 1364 5366 ,

1350 4124 1495 4217 quidam
1524 4139 1700 4199 excessant.
1767 4124 1859 4197 Sunt
1884 4128 1978 4195 enim
2001 4128 2116 4218 reipsa
2138 4121 2340 4218 prohibitae

1349 4248 1423 4310 res,
1456 4251 1496 4296 ae
1525 4250 1572 4295 ne
1603 4228 1691 4298 liunt
1722 4229 1863 4321 quidem
1889 4224 1955 4297 hac
1981 4230 2170 4318 opinione,
2204 4243 2244 4300 ut
2266 4230 2341 4297 siut

1349 4328 1447 4417 signa
1478 4329 1708 4398 consessionis
1739 4354 1842 4400 verae
1871 4332 2052 4401 doctrinae
2080 4327 2233 4412 Ghristi,
2265 4332 2338 4398 sed

1348 4429 1442 4501 fiunt
1464 4430 1735 4523 superstitione,
1761 4428 1829 4501 hoc
1850 4446 1920 4513 est,
1945 4435 2027 4527 quia
2054 4432 2129 4523 ipsa
2148 4454 2255 4523 opera
2276 4454 2341 4520 per

1350 4556 1424 4601 sese
1447 4546 1618 4625 putantur
1637 4558 1710 4603 esse
1727 4536 1850 4604 merita
1867 4546 1901 4603 et
1918 4538 2047 4605 cultus.
2098 4531 2194 4601 Haec
2212 4555 2338 4623 super-

1349 4635 1445 4705 stitio
1477 4660 1556 4705 eum
1588 4638 1719 4705 accedit
1748 4635 1852 4706 etiarn
1886 4636 1979 4704 bona
2010 4636 2187 4725 exempla,
2218 4647 2338 4702 tamen

1350 4738 1439 4809 fiunt
1467 4737 1612 4822 vitiosa,
1645 4752 1685 4807 ut
1709 4738 1820 4808 multa
1844 4738 1937 4807 finnt
1960 4737 2097 4805 vitiosa.
2154 4736 2194 4805 si
2218 4730 2338 4804 Arhas

1349 4852 1431 4909 ante
1455 4864 1571 4909 arcam
1595 4840 1751 4911 saltasset
1777 4841 1867 4908 sicut
1892 4836 2029 4918 David,
2060 4862 2099 4907 ac
2122 4849 2277 4928 putasset
2299 4860 2338 4903 se

1349 4936 1416 5011 hoc
1439 4967 1546 5033 opere
1570 4942 1742 5032 insignem
1766 4936 1938 5009 honorem
1956 4936 2033 5008 Deo
2055 4953 2251 5031 praestare,
2275 4951 2335 5005 aut

1348 5068 1438 5135 opus
1457 5044 1573 5134 ipsum
1596 5068 1761 5135 magnum
1787 5042 1951 5112 meritum
1975 5065 2067 5123 esse,
2091 5040 2212 5109 inisset
2228 5040 2338 5107 inane

1348 5162 1382 5219 et
1398 5147 1680 5243 superstitiosum
1698 5144 1934 5238 spectaculum
1951 5140 2026 5213 Deo
2042 5140 2243 5233 displicens.
2273 5230 2278 5239 Ι

1449 5280 1603 5353 Econtra
1636 5304 1721 5349 vero
1752 5280 1865 5347 luceat
1895 5278 2068 5348 consessio
2100 5277 2140 5345 in
2166 5276 2337 5365 operibus

325 5394 483 5461 sustinent
511 5385 648 5455 onerati
679 5383 784 5456 curis.
860 5382 1073 5475 Priusquam
1100 5394 1218 5451 sutem
1251 5385 1298 5452 de
1348 5384 1561 5475 praeceptis,
1600 5397 1639 5451 ut
1668 5376 1887 5472 Prophetae,
1926 5376 2110 5468 Apostoli,
2145 5376 2337 5470 Martyres,

326 5492 564 5583 significatione
592 5480 727 5569 dicam,
763 5487 862 5574 prius
890 5488 935 5553 de
960 5486 1039 5575 ipso
1061 5505 1189 5574 genere
1210 5508 1293 5575 ope·
1347 5485 1398 5575 pii
1422 5488 1583 5555 doctores
1605 5486 1642 5552 in
1666 5485 1819 5555 taxando
1840 5482 1940 5553 cultu
1961 5482 2160 5564 idolorum,
2186 5492 2220 5547 et
2242 5480 2335 5547 tole-

326 5620 391 5665 mm
414 5593 605 5663 dicendum
629 5602 692 5657 est.
752 5582 1022 5678 Reprehensum
1046 5603 1097 5659 cst
1117 5582 1184 5655 hoc
1205 5610 1297 5677 opus
1347 5588 1463 5657 rantis
1494 5586 1770 5676 suppliciorum,
1810 5584 1942 5670 singuli
1975 5582 2014 5651 in
2045 5606 2109 5652 sua
2138 5580 2337 5663 vocatione,

326 5696 465 5779 Mariae,
497 5704 533 5760 et
562 5690 690 5759 similia
719 5712 826 5775 opera
853 5688 1004 5757 aliarum
1026 5688 1167 5759 dnobus
1186 5712 1296 5779 argu-
1347 5688 1978 5759 confessionemstramostenderunl.
2031 5684 2143 5776 idque
2157 5695 2230 5751 erat
2243 5704 2335 5771 opus

327 5800 456 5881 mentis,
481 5814 633 5889 qnorum
650 5788 805 5880 primum
821 5805 892 5868 est,
917 5803 1056 5859 tantum
1072 5814 1179 5883 opera
1192 5814 1296 5859 man·
1346 5792 1601 5875 necessarium,
1626 5792 1721 5882 quod
1746 5788 1823 5856 sine
1846 5799 1987 5876 peccato
2001 5785 2163 5857 omittere
2179 5804 2253 5851 non
2270 5804 2336 5868 po-

331 5905 434 5973 datas
457 5896 535 5971 Deo
557 5894 718 5963 iacienda
744 5901 847 5973 sunt,
879 5884 965 5957 hacc
987 5893 1110 5958 unctio
1130 5916 1205 5959 non
1226 5892 1322 5969 tuit,
1346 5906 1484 5978 terant,
1509 5916 1619 5984 quare
1639 5892 1679 5957 in
1694 5912 1735 5961 ea
1749 5912 1789 5961 rc
1802 5889 2011 5959 cernebatur
2023 5910 2144 5957 eorum
2161 5882 2336 5952 obedieu-
