5825 6950
480 724 580 804 ιιιιι.
631 702 994 805 a'uusnmno
1020 725 1178 806 nessa.
1204 721 1410 807 entonis
1434 719 1504 803 sn
1530 721 1860 808 amorinum.
1920 727 2024 806 can
2045 732 2076 812 1.
2205 735 2305 812 asto

446 901 518 990 ,md
543 898 589 970 sit
607 879 788 990 peccatum
810 900 1067 974 irremissibile.
1124 900 1241 975 Paulu
1307 903 1425 976 licam.
1491 899 1590 976 Haec
1632 903 1837 978 discrimina
1879 917 2103 998 peccatorum
2147 905 2298 980 iudicari

438 1003 623 1118 discrimen
648 1003 803 1086 indicat,
829 1029 911 1077 cum
934 1007 1005 1078 ait:
1036 1003 1131 1096 Quia
1152 1007 1236 1098 igno
1305 1021 1423 1096 postea
1441 1022 1607 1097 possunt,
1632 1032 1713 1080 cnm
1731 1009 1892 1080 ridemus
1907 1008 2049 1102 aliquos
2070 1009 2297 1102 indulgentes

448 1159 453 1176 .
1302 1109 1375 1182 suis
1391 1109 1575 1184 sororibus
1593 1113 1637 1184 ad
1654 1111 1911 1205 poenitentiam
1927 1110 2044 1182 redire
2059 1111 2228 1190 noluisse.

437 1209 443 1251 ¹
463 1201 517 1278 hic
538 1206 706 1279 oriuntur
724 1209 966 1303 quaestiones,
1006 1209 1151 1299 Aaron,
1183 1209 1252 1284 Pe·

431 1309 590 1396 lanasses,
616 1334 692 1381 uon
716 1325 952 1402 peccaverunt
971 1312 1191 1404 ignorantia,
1218 1328 1251 1387 et

424 1412 539 1502 recepti
574 1426 677 1499 sunt,
708 1425 743 1484 et
771 1436 846 1484 esse
879 1415 1024 1510 aliquod
1060 1418 1250 1489 discrimen
1401 1413 1519 1508 Supra
1535 1416 1578 1486 de
1594 1413 1688 1507 Lege
1704 1414 1934 1487 concionatus
1951 1427 2021 1500 est,
2046 1437 2144 1486 nunc
2165 1413 2292 1490 inserit

423 1550 429 1578 t
463 1515 663 1587 ostendunt.
737 1510 854 1587 Aliter
895 1518 1048 1613 deliquit
1087 1521 1251 1592 diabolus
1299 1515 1686 1608 summamEvangelii,
1711 1521 1771 1588 sed
1789 1518 1893 1588 valde
1908 1517 2083 1604 breviter,
2102 1517 2185 1612 quia
2201 1517 2291 1587 scri·

411 1638 438 1684 ·ἰ
455 1615 601 1706 superbe
623 1616 821 1707 despiciens
834 1619 972 1704 Deum,
1000 1621 1103 1692 aliter
1120 1619 1250 1706 Adam,
1298 1619 1352 1691 bit
1368 1621 1414 1688 ad
1434 1621 1651 1708 auditorem,
1684 1621 1746 1714 qni
1768 1621 1882 1692 fuerat
1907 1618 2018 1713 ipsius
2041 1643 2158 1689 comes
2179 1618 2288 1710 longo
2392 1682 2396 1696 ,

444 1719 607 1804 scientes,
641 1722 703 1788 sed
724 1722 878 1812 superati
901 1721 1134 1796 infirmitate?
1177 1724 1246 1799 Sed
1297 1734 1475 1814 tempore,
1509 1724 1649 1793 etbene
1667 1721 2290 1812 cognoverattotamdnctcinaevo-

432 1833 554 1911 ttamps
574 1815 638 1890 has
660 1821 905 1913 quaestiones,
930 1838 965 1895 et
986 1825 1183 1898 iudicemus
1204 1831 1248 1897 de
1296 1848 1383 1898 cem.
1435 1820 1489 1895 Ac
1505 1824 1610 1896 initio
1631 1825 1841 1896 asseveratio
1859 1823 1974 1914 posita
1991 1837 2063 1914 est,
2090 1819 2216 1895 Certus
2235 1834 2288 1893 est

432 1947 446 1986 e
460 1921 525 1994 Dei
542 1922 638 1992 iuna
657 1924 806 1993 verbum
823 1924 959 2016 ipsius:
992 1924 1100 1998 Hunc
1116 1932 1247 2001 audite.
1296 1950 1412 1995 sermo
1435 1940 1470 1997 et
1491 1927 1692 1998 firmissime
1717 1927 1995 2020 amplectendus.
2045 1923 2123 1996 Hae
2146 1943 2287 1996 asseve-

424 2022 592 2112 pticredit
608 2023 647 2092 iu
661 2023 786 2108 fitium,
804 2021 914 2099 habet
930 2029 1037 2100 sitam
1054 2046 1248 2121 aeternam,
1296 2027 1493 2100 rationein
1516 2031 1621 2101 nobis
1644 2054 1785 2124 quoque
1806 2029 1912 2099 fidem
1937 2025 2205 2108 confirmemus,
2245 2037 2287 2098 ut

425 2147 510 2192 mus
543 2124 657 2196 filium
689 2125 778 2212 Dei,
820 2141 856 2201 et
891 2129 1139 2204 iusiurandum
1181 2137 1246 2206 toti
1296 2153 1337 2199 ex
1364 2130 1649 2202 dubitationibus
1674 2131 1887 2216 eluctemur,
1925 2141 1959 2201 et
1985 2151 2067 2198 vere
2090 2139 2286 2201 statuamus

421 2225 527 2298 reati.
580 2226 741 2299 sciamus
758 2227 863 2300 etiam
883 2235 1151 2308 anteferendum
1173 2261 1247 2310 esse
1295 2254 1362 2302 nos
1383 2231 1494 2324 recipi
1516 2247 1549 2302 es
1572 2233 1742 2305 exaudiri-

412 2327 452 2393 tri
475 2327 562 2399 voci
582 2327 685 2417 legis:
712 2329 777 2403 etsi
792 2344 910 2403 autem
927 2330 1014 2406 haec
1036 2360 1153 2428 pugna
1175 2339 1246 2410 dil.
1397 2331 1465 2404 Hic
1481 2348 1598 2406 autem
1614 2347 1748 2426 repetat
1762 2332 2009 2428 uuusquisque
2022 2331 2117 2424 apud
2137 2351 2211 2402 sese
2225 2330 2284 2402 in-

422 2453 550 2518 magna
567 2447 638 2512 est,
660 2445 779 2502 tamen
796 2430 862 2504 hae
876 2437 1018 2527 regulae
1034 2464 1137 2511 sesae
1152 2453 1247 2528 sunt,
1293 2450 1424 2524 tegram
1446 2435 1647 2507 doctrinam
1670 2437 1714 2506 de
1731 2433 2006 2518 iustificatione,
2032 2435 2077 2504 de
2098 2455 2168 2528 qua
2191 2455 2285 2503 sesn-

408 2533 644 2620 .‹·gtigendae,
678 2534 773 2604 iuxta
790 2535 882 2607 illud
897 2535 1018 2635 Moysi
1033 2543 1148 2635 capite
1168 2546 1244 2620 lb:
1293 2560 1356 2629 per
1374 2539 1622 2611 eodemmodo
1640 2537 1813 2620 dicimus,
1843 2550 1878 2608 et
1896 2535 2081 2606 exordium
2099 2527 2284 2606 doetrinae

415 2664 421 2698 t
446 2633 604 2704 audierit
619 2635 753 2722 filium,
779 2659 843 2727 ego
864 2641 961 2711 ultor
984 2667 1057 2714 ero.
1292 2663 1333 2708 er
1349 2640 1468 2709 verbis
1481 2636 1629 2709 Domini
1646 2635 1917 2709 sumimuss‘lte
1933 2636 2175 2729 praedicantes
2197 2657 2284 2728 poe-

413 2761 453 2804 nc
478 2737 762 2808 consolationem
784 2764 922 2826 seram,
947 2747 1100 2833 uldini,
1125 2761 1246 2820 tenes.
1293 2741 1479 2811 nitentiam
1502 2754 1535 2811 et
1553 2741 1795 2811 remissionem
1820 2753 2044 2834 peccatorum
2071 2737 2109 2807 in
2134 2736 2281 2806 nomine

410 2856 509 2907 'nos
535 2839 905 2930 ipsos-crusciacum,
951 2858 986 2915 et
1007 2848 1097 2920 alios
1121 2873 1245 2921 omnes
1291 2866 1383 2916 mco.
1420 2839 1518 2912 Haec
1533 2841 1608 2914 lieri
1625 2855 1764 2934 oportet
1779 2841 1816 2912 in
1834 2839 2075 2913 conversione.
2118 2833 2282 2910 Primum

417 2963 433 3005 r
457 2941 502 3008 ad
529 2939 786 3030 poenitentiam
811 2957 845 3013 et
868 2945 913 3014 ad
935 2945 1061 3032 tidem,
1093 2949 1184 3024 sicus
1211 2966 1246 3023 ει
1291 2958 1430 3034 oportet
1446 2945 1546 3034 argui
1564 2958 1765 3034 peccatum,
1791 2941 2165 3037 perterrefiericosda,
2190 2939 2282 3012 sicul

393 3043 412 3093 'i
445 3038 511 3111 hos
552 3042 646 3134 ipsos
677 3037 868 3114 hortantur
895 3048 940 3117 ad
970 3053 1246 3141 poenitentiam,
1290 3057 1323 3116 et
1341 3045 1521 3116 Dominus
1545 3045 1683 3138 inquit,
1709 3041 1821 3115 Marc.
1838 3046 1872 3116 t.
1894 3067 1991 3136 cap:
2025 3041 2131 3132 Agite
2154 3041 2281 3132 poeni-

401 3140 499 3216 dcto.
525 3143 564 3216 4.
590 3145 730 3214 dicunt:
767 3141 875 3216 Hunc
896 3161 1015 3222 autem
1041 3153 1156 3227 lesum
1180 3179 1244 3226 vos
1289 3147 1451 3219 tentiam.
1502 3141 1784 3220 Esncortmb.
1802 3151 1839 3224 7.
1860 3144 2009 3216 dicitur:
2037 3142 2201 3215 Tristitia
2224 3165 2280 3212 se-

1613 1267 1745 1352 Certus
1772 1286 1825 1350 est
1847 1298 1977 1350 sermo.

393 3245 477 3322 istis,
519 3241 573 3316 Et
599 3245 703 3316 multi
727 3269 769 3316 es
790 3242 848 3318 his
870 3274 951 3321 vere
973 3255 1135 3327 conversi
1158 3271 1244 3329 suns
1289 3251 1447 3320 cundum
1471 3245 1587 3319 Deum
1612 3247 1868 3341 poenitentiam
1898 3245 2009 3318 efficta
2038 3246 2085 3314 ad
2116 3243 2279 3315 salutem.

381 3371 438 3418 ιιιι.
490 3343 543 3418 Et
568 3347 641 3417 sint
661 3350 768 3418 nobis
797 3349 836 3418 in
865 3369 1055 3445 conspectu
1083 3360 1242 3449 exempta
1288 3345 1335 3420 Et
1351 3345 1477 3420 Esaiae
1494 3350 1642 3422 ultimo:
1683 3347 1742 3421 Ad
1767 3372 1872 3444 quem
1897 3346 2107 3441 respiciam?
2130 3346 2175 3416 ad
2191 3366 2279 3416 con-

380 3502 393 3539 ,
433 3447 544 3522 Pauli
569 3462 606 3522 et
630 3450 823 3522 multorum
847 3453 1029 3545 aliorum,
1066 3461 1241 3555 quicum
1288 3451 1412 3524 tritum
1438 3467 1472 3524 et
1497 3447 1743 3535 humiliatum,
1793 3463 1829 3522 et
1858 3463 2067 3522 trementem
2096 3467 2278 3519 sermones

373 3591 383 3619 ι
403 3567 671 3642 persecutores,
700 3568 818 3643 postea
836 3558 998 3628 conversi
1021 3579 1116 3636 sunt.
1288 3578 1397 3627 meos.
1447 3550 1496 3627 Ει
1518 3554 1766 3625 iusiurandum
1791 3552 1927 3642 flagitat
1942 3552 1980 3621 in
1996 3550 2103 3622 nobis
2126 3572 2278 3621 conser-

367 3705 374 3719 .
399 3655 462 3746 qui
487 3678 582 3725 sero
607 3654 740 3726 nolunt
761 3657 886 3729 andire
911 3654 1003 3732 banc
1025 3664 1242 3737 consolatio·
1287 3658 1424 3727 sionem
1442 3681 1522 3727 cum
1540 3656 1677 3750 inquit,
1702 3650 1832 3727 Erech.
1851 3654 1911 3727 ta.
1929 3667 1965 3725 et
1981 3652 2059 3724 bb:
2085 3648 2181 3723 Vivo
2196 3672 2275 3743 ego,

368 3758 455 3847 quid
473 3758 611 3828 attinet
627 3751 673 3827 de
693 3756 744 3827 eis
765 3758 963 3851 disputare,
994 3789 1074 3836 cum
1098 3792 1141 3838 eo
1162 3768 1240 3860 ipso
1285 3760 1372 3829 nolo
1400 3772 1551 3829 mortem
1585 3758 1797 3848 peccatoris,
1838 3758 1898 3826 sed
1928 3768 1968 3827 ut
1989 3766 2216 3825 convertatur
2240 3764 2275 3823 et

361 3860 455 3928 'liter
491 3871 666 3950 peccent,
710 3862 807 3951 quod
839 3876 924 3933 tunc
954 3881 1085 3957 negant
1118 3894 1239 3939 vocem
1287 3860 1394 3932 vival·
1452 3856 1500 3930 El
1532 3855 1702 3949 Exempla
1736 3870 1955 3947 ⁰⁰⁰8l¹¹¹¹¹¹is
1999 3854 2135 3939 Adam,
2173 3851 2274 3939 ΕΝ,

371 3960 433 4042 lii,
464 3958 606 4031 Gratia
630 3960 798 4032 exuberat
820 3986 926 4054 supra
949 3984 1143 4056 peccatum,
1192 3968 1239 4043 Ει
1260 3986 1263 4024 =
1285 3958 1422 4043 David,
1448 3975 1657 4031 accusantur
1673 3971 1707 4029 et
1721 3954 1945 4029 horribiliter
1960 3969 2207 4049 expavescunt.

356 4078 418 4133 ent
436 4062 559 4146 odio,
588 4071 628 4131 nt
644 4062 762 4149 potius
777 4065 904 4134 malint
925 4068 1001 4138 lieri
1017 4073 1153 4143 aeterni
1168 4068 1238 4143 bo·
1386 4059 1464 4134 Hos
1489 4084 1636 4155 P³V0r0⁸
1658 4075 1691 4132 el
1707 4084 1848 4132 ⁸011⁵¹1m
1871 4060 1944 4131 irae
1964 4056 2032 4131 Dei
2057 4068 2276 4128 t'⁰⁰³V01'11112

335 4163 400 4246 lei,
427 4186 552 4259 quarn
582 4163 772 4251 confugere
788 4166 833 4234 ad
849 4166 975 4241 tilium.
1025 4170 1110 4243 Hoc
1131 4176 1238 4245 modo
1259 4229 1261 4238 .
1284 4164 1414 4236 usitate
1440 4164 1709 4247 contritionem,
1741 4165 1785 4233 de
1807 4186 1876 4256 qua
1902 4174 1998 4232 recte
2017 4158 2170 4231 docendi
2190 4170 2275 4229 sunt

328 4278 364 4333 nt
379 4266 498 4337 multi
521 4266 700 4335 omnibus
718 4267 910 4353 aetatibus,
933 4286 974 4341 ut
992 4268 1100 4360 Saul,
1124 4271 1238 4348 Achi-
1258 4259 1262 4352 J
1285 4262 1466 4354 homines,
1501 4288 1546 4335 ne
1565 4264 1620 4335 vel
1639 4265 1744 4336 nobis
1757 4264 1827 4358 ipsi
1848 4263 2078 4334 blandiamur
2095 4282 2198 4333 coeca
2217 4282 2273 4329 se-

326 4368 357 4446 l,
387 4365 524 4453 ludas,
547 4364 683 4449 Arius,
705 4378 738 4435 el
753 4382 876 4438 nostro
893 4382 1052 4462 tempore
1066 4373 1238 4449 Lasomus
1258 4369 1261 4386 ’
1284 4368 1452 4454 curitate,
1480 4368 1537 4437 vel
1561 4390 1706 4437 ruamus
1731 4366 1769 4437 in
1795 4366 2094 4455 desperationem,
2120 4360 2176 4431 vel
2198 4360 2273 4431 lae·

324 4470 479 4555 tiensis,
510 4466 776 4551 Hoffineistcr,
803 4483 836 4539 et
852 4469 913 4539 alii
927 4474 1055 4561 multi,
1080 4503 1236 4571 quorum
1257 4529 1260 4538 .
1283 4471 1391 4539 datur
1414 4472 1528 4560 gloria
1551 4468 1616 4538 lilii
1639 4464 1724 4553 Dei,
1762 4480 1796 4539 et
1827 4466 1988 4538 deleatur
2014 4458 2273 4553 Evangelium,

315 4572 463 4642 olorum
486 4568 721 4659 cogitatione
736 4590 1058 4661 expavescamus,et
1073 4594 1235 4672 petamus
1282 4572 1372 4641 sicut
1397 4568 1564 4643 monachi
1591 4581 1700 4643 tetros
1731 4590 1868 4639 errores
1896 4567 2097 4650 tinxerunt,
2139 4562 2271 4659 quibus

311 4674 364 4759 egi
384 4688 424 4745 et
450 4672 683 4744 confirmari
701 4670 838 4762 Spiritu
854 4688 987 4749 sancto.
1029 4676 1129 4753 Sient
1145 4682 1235 4753 scri.
1281 4669 1517 4763 Evangelium
1535 4692 1678 4766 prorsus
1693 4672 1919 4741 obscuratum
1940 4681 2010 4753 est,
2037 4678 2070 4737 et
2087 4689 2170 4737 vera
2185 4687 2274 4733 con-

328 4790 385 4845 est
418 4774 523 4861 Luc,
557 4772 640 4842 11.:
681 4770 828 4863 Quanto
855 4776 966 4866 magis
991 4794 1093 4872 pater
1118 4798 1235 4854 vester
1255 4857 1258 4867 Ι
1281 4773 1407 4845 solatio
1425 4776 1494 4865 piis
1510 4773 1690 4845 mentibus
1708 4784 1824 4863 erepta
1840 4785 1905 4847 est.
1940 4769 2157 4862 Quanquam
2174 4766 2271 4835 enim

308 4876 356 4945 tis
379 4878 501 4948 dabit
529 4874 722 4969 Spiritum
746 4890 908 4949 sanctum
932 4883 1149 4973 petentibus,
1184 4881 1233 4957 Ει
1254 4941 1257 4955 ,
1280 4900 1405 4948 verum
1421 4892 1492 4959 est,
1518 4888 1683 4968 oportere
1699 4876 1737 4943 in
1754 4874 1857 4945 nobis
1873 4895 1949 4944 esse
1962 4871 2117 4965 aliquam
2135 4866 2272 4939 contri-

304 4978 396 5050 ndio
424 4978 645 5050 discamus
674 4977 878 5066 veritatem,
922 4994 957 5052 et
979 5006 1165 5059 caveamus
1186 5010 1234 5059 ne
1254 4979 1258 5000 '
1280 4978 1431 5065 tionem,
1465 4980 1606 5075 aliquos
1626 5000 1790 5067 pavores,
1824 4989 1859 5046 et
1875 4974 2017 5047 dolores
2037 4971 2135 5066 quod
2155 4970 2271 5043 Deum

307 5102 594 5171 ppugnesnns.
1251 5060 1555 5194 {offenderimum
1605 5092 1723 5149 tamen
1753 5073 1792 5147 hi
1821 5079 1893 5147 duo
1923 5096 2060 5147 errores
2090 5070 2271 5143 falsissimi

303 5180 500 5255 ‚bererum
531 5192 637 5253 sunt
653 5178 860 5264 discrimina
878 5184 972 5255 inter
991 5200 1107 5261 errata
1127 5190 1231 5283 igno.
1252 5196 1255 5278 ξ
1278 5196 1381 5269 ιυιιι,
1421 5185 1517 5278 quod
1543 5192 1701 5275 oporteat
1731 5180 1964 5249 sufficientem
1985 5198 2059 5247 esse
2083 5170 2269 5246 contritio·
2308 5188 2322 5201 ⁸

305 5308 322 5365 ι,
338 5298 379 5354 et
400 5286 570 5355 delicta
588 5294 720 5353 contra
738 5284 1002 5374 conscientiam,
1015 5314 1108 5385 qnae
1124 5292 1230 5364 etism
1251 5317 1255 5380 3
1278 5308 1381 5369 nem,
1408 5298 1442 5357 et
1459 5287 1554 5379 quod
1572 5282 1753 5354 sufficiens
1771 5280 1938 5353 contritio
1956 5290 2131 5349 mereatur
2143 5274 2270 5345 remis-

301 5386 395 5459 licia
419 5399 545 5460 sunt.
618 5382 710 5454 Nam
727 5398 761 5455 et
776 5386 934 5459 affectata
950 5389 1152 5481 ignorantia
1167 5394 1230 5465 (le.
1250 5433 1254 5502 Ι
1276 5386 1413 5457 sionem
1442 5400 1677 5478 peccatorum.
1731 5380 1891 5452 Primum
1915 5380 2010 5452 enim
2030 5377 2128 5451 nulla
2151 5386 2269 5471 potest

324 5503 385 5561 est
413 5502 580 5560 contra
615 5486 887 5559 conscientiam:
928 5504 962 5560 et
983 5491 1167 5565 interdum
1189 5494 1229 5567 fit
1276 5509 1351 5559 esse
1369 5488 1551 5560 sufficiens
1567 5484 1758 5571 contritio,
1781 5497 1816 5556 et
1832 5508 1911 5553 cum
1929 5482 2053 5553 crescit
2069 5478 2173 5550 dolor
2189 5475 2267 5546 sine

301 5614 323 5657 a
343 5588 611 5681 ignorantia
633 5583 978 5677 blasphemia,1ttin
996 5584 1117 5666 multis
1131 5591 1227 5665 Pha.
1248 5557 1254 5639 i
1277 5589 1542 5676 consolatione,
1583 5586 1756 5676 mergitur
1781 5580 1889 5655 homo
1912 5584 1951 5654 in
1979 5594 2129 5653 mortem
2164 5590 2200 5649 et
2224 5576 2264 5645 in

335 5716 437 5763 cum
469 5687 682 5762 videlicet
704 5692 810 5761 corda
830 5693 990 5765 convicta
1013 5697 1227 5769 testimoniis
1274 5704 1460 5762 aeternum
1490 5690 1653 5777 esitium,
1694 5688 1790 5758 iuxta
1820 5685 1911 5757 illud
1944 5682 2071 5759 Roma.
2098 5680 2153 5754 3.:
2190 5676 2265 5749 Lex

302 5857 303 5864 ,
339 5809 494 5864 tamen
528 5790 690 5862 ardent
713 5792 816 5877 odio,
849 5804 883 5865 et
908 5810 1085 5869 conantur
1106 5799 1226 5869 delere
1274 5793 1363 5861 iram
1386 5793 1508 5867 efficii·
1560 5790 1673 5875 ltem,
1698 5790 1734 5859 2·
1758 5782 1921 5863 (ἶῠῖῖῐῑῑῆο
1943 5786 1995 5861 δοῖ
2020 5782 2094 5855 1¹²¹
2120 5780 2268 5871 θέθῖὖῖῑ·

301 5890 399 5968 Dei,-
439 5908 486 5969 et
509 5890 628 5967 aliis
649 5894 878 5983 persuadere,
909 5919 984 5969 esse
1004 5900 1224 5972 eamdiabo·
1245 5887 1410 5979 [Deinde
1443 5893 1677 5966 certissimum
1711 5908 1763 5963 est
1799 5888 1931 5961 remitti
1965 5897 2104 5982 peccata
2141 5880 2265 5953 Gratis
