5825 6950
330 674 392 751 ill
576 669 677 745 xttt.
731 670 770 743 d.
798 658 1098 771 Easnnn'tto
1122 662 1280 744 Etts'r.
1307 661 1459 741 PAULI
1483 660 1553 743 At>
1577 661 1843 749 ROMANOS.
1893 668 2000 751 cst.
2026 676 2092 754 lll.
2279 690 2358 769 882

329 870 415 917 raum
439 856 490 917 est
517 865 640 917 omnes
656 836 853 935 Prophetas
876 853 912 911 et
938 862 1063 911 omnes
1086 851 1225 911 sanctos
1243 853 1314 912 sta·
1366 836 1411 907 lis
1429 852 1482 911 est
1498 832 1672 913 horribile
1686 844 1928 917 testimoninm
1935 862 1972 920 et
1987 848 2160 925 iudicium
2168 851 2209 927 in
2223 873 2351 940 nature

327 966 435 1033 tuere,
468 950 565 1041 quod
589 970 653 1039 pec
675 944 955 1017 misericordiam
980 942 1057 1013 Deo
1075 942 1256 1033 placeant,
1279 956 1313 1015 et
1359 934 1552 1013 hominum
1566 949 1735 1017 adversus
1750 963 1950 1037 peccatum,
1973 965 2008 1023 et
2030 957 2143 1045 arguit
2165 982 2262 1033 mam
2282 985 2350 1037 ns·

328 1048 408 1123 hanc
437 1050 719 1121 misericordiam
749 1044 961 1147 promissam
1000 1060 1033 1117 et
1067 1056 1198 1115 certam
1238 1067 1312 1115 esse
1335 1072 1339 1131 r
1361 1049 1499 1134 turam,
1525 1068 1599 1117 non
1621 1047 1766 1121 liberat:
1790 1062 1938 1123 testatur
1956 1077 2039 1147 ergo
2062 1082 2153 1150 opus
2175 1084 2249 1135 esse
2270 1088 2348 1139 me·

327 1168 462 1247 propter
479 1154 734 1234 mediatorem,
760 1163 796 1221 et
809 1148 912 1218 fidem
930 1146 996 1217 niti
1015 1146 1218 1217 obedientia
1236 1170 1311 1217 me·
1333 1182 1337 1249 ἦ
1359 1146 1508 1227 diatore,
1523 1163 1558 1219 et
1573 1150 1746 1237 significat
1759 1152 1951 1239 iusticiam,
1966 1182 2074 1250 quam
2091 1162 2266 1237 mediator
2280 1171 2347 1241 sd.

326 1255 482 1337 dictoris,
510 1279 583 1327 uon
603 1252 742 1325 iusticie
767 1248 956 1325 essentiali.
1007 1246 1104 1319 Haec
1125 1249 1309 1320 manifesta
1332 1254 1336 1279 ¹
1356 1247 1437 1321 sert.
1493 1247 1589 1321 llaec
1605 1254 1725 1322 omnia
1740 1255 1863 1325 minus
1874 1256 2108 1348 intelligimus
2130 1265 2171 1335 in
2194 1260 2345 1342 haeum

325 1372 397 1433 sunt
410 1358 518 1429 etiam
536 1382 577 1429 es
599 1350 667 1428 hoc
683 1354 780 1427 dicto
805 1354 850 1423 sd
874 1344 1066 1443 Ephesios:
1098 1346 1169 1423 Per
1190 1351 1307 1444 ipsum
1331 1295 1336 1553 ἶ
1356 1362 1428 1421 stra
1447 1351 1616 1443 caligine,
1635 1355 1719 1447 qrria
1733 1356 1776 1427 cle
1797 1358 1874 1446 lege
1894 1362 2022 1433 morali
2042 1357 2220 1439 humanae
2241 1393 2344 1442 men.

325 1464 485 1533 sudemus
508 1460 673 1531 accedere
696 1457 735 1529 iu
761 1454 890 1527 fiducia
914 1475 977 1544 per
1000 1452 1105 1523 fidem
1123 1452 1163 1523 in
1179 1453 1307 1546 ipsum.
1357 1464 1409 1521 tes
1422 1453 1531 1524 nimis
1544 1458 1696 1546 puerilia
1710 1460 1848 1529 somnia
1869 1456 2020 1549 habent,
2044 1466 2343 1567 cogitemnsque·

323 1559 363 1637 Et
376 1586 580 1657 quenquam
599 1582 725 1632 verum
741 1570 814 1644 est,
840 1556 880 1627 in
901 1578 942 1627 ea
965 1553 1207 1628 consolatione
1230 1554 1307 1626 lieri
1355 1552 1532 1649 lecunquc
1553 1560 1695 1631 frenum
1717 1582 1793 1630 esse
1815 1584 1941 1651 regens
1962 1578 2125 1640 externos
2144 1585 2281 1660 gestus,
2305 1590 2344 1649 et

324 1666 612 1748 vivificationem,
643 1676 679 1733 et
704 1657 820 1732 Deum
844 1658 1036 1729 accendere
1060 1680 1172 1728 novas
1196 1658 1307 1731 actio-
1353 1655 1540 1729 fremimns
1569 1662 1739 1733 adversus
1769 1657 1837 1733 hoc
1867 1664 2073 1755 vinculum,
2098 1684 2133 1743 et
2153 1674 2342 1750 mallemus

321 1792 375 1839 nes
390 1768 430 1838 in
446 1762 612 1851 homine,
638 1780 754 1837 tamen
773 1762 920 1833 credens
942 1758 981 1829 in
996 1757 1175 1830 infinitum
1202 1776 1305 1833 ante·
1353 1758 1475 1847 vagari
1489 1761 1722 1851 opinionibus
1737 1776 1771 1835 et
1788 1766 2043 1857 cupiditatibus
2066 1771 2143 1843 sine
2162 1776 2247 1847 ullis
2262 1802 2341 1851 me·

318 1870 377 1942 lert
409 1868 652 1941 obedientiam
681 1864 886 1935 mediatoris
908 1856 965 1931 his
997 1861 1198 1933 actionibus
1220 1858 1305 1943 Dei,
1353 1859 1409 1931 tis.
1461 1859 1559 1934 Haec
1584 1865 1783 1937 tristissima
1807 1868 1898 1937 mala
1936 1869 1976 1939 irs
2002 1865 2189 1946 hominum
2211 1892 2341 1953 nature

318 1995 402 2067 quae
425 1972 498 2043 iam
526 1971 565 2041 in
590 1982 715 2041 renato
741 1968 845 2041 liunt.
900 1960 998 2035 Haec
1020 1977 1103 2035 sunt
1121 1964 1305 2057 perspicua
1353 1985 1427 2033 non
1451 1965 1536 2037 satis
1558 1968 1801 2053 agnoscimus:
1836 1984 1956 2061 postea
1978 1972 2150 2063 fingimus
2176 1982 2340 2073 qualern.

316 2074 549 2146 consideranti
564 2072 756 2143 discrimen
774 2067 861 2159 legis
879 2080 916 2138 et
930 2061 1141 2158 Evangelii,
1166 2079 1200 2139 et
1216 2090 1305 2139 con·
1353 2088 1496 2160 cunque
1517 2080 1696 2139 externam
1720 2070 1946 2161 disciplinam
1968 2096 2042 2145 esse
2056 2076 2143 2168 legis
2159 2078 2340 2174 impletio.

315 2176 556 2271 solationesin
569 2198 651 2245 vers
667 2172 913 2244 conversione.
1352 2188 1437 2236 nem
1460 2182 1497 2239 et
1521 2169 1709 2243 iusticiam.
1775 2169 1868 2244 Cum
1883 2174 1995 2264 igitur
2017 2200 2091 2249 non
2107 2181 2192 2253 satis
2205 2186 2339 2276 cogite·

447 2340 509 2417 a
668 2338 781 2437 aa
804 2332 1022 2411 aanor
1047 2332 1168 2413 aaa
1350 2274 1567 2444 tractat
1587 2269 2339 2473 attale:saltitaret-‘ata

409 2478 487 2553 Cur
502 2481 621 2575 inquit
645 2478 799 2551 stabiliri
822 2477 958 2567 legem,
984 2497 1065 2545 cum
1086 2474 1156 2543 iam
1177 2472 1304 2565 politia
1350 2475 1446 2566 quod
1460 2475 1506 2544 ad
1523 2498 1599 2545 earn
1622 2479 1765 2547 condita
1790 2479 1835 2549 sit
1859 2493 1984 2550 natura
2009 2479 2215 2572 hominnm,
2240 2502 2276 2561 et
2290 2492 2362 2563 ad*

315 2580 420 2656 hloisi
442 2585 606 2655 funditus
629 2582 744 2653 deleta
768 2578 816 2650 sit
838 2574 1006 2649 horribili
1030 2578 1105 2647 irae
1126 2572 1218 2647 Dei?
1240 2576 1302 2645 Au
1351 2598 1428 2645 eam
1445 2577 1653 2648 restituatur
1667 2602 1730 2671 per
1751 2578 1862 2649 lilium
1877 2579 1963 2668 Dei,
1990 2600 2024 2655 et
2046 2610 2154 2679 quarn
2179 2588 2338 2662 diuini.

314 2680 374 2757 buc
392 2699 532 2757 nonest
551 2685 693 2755 abolere
718 2681 855 2773 legem?
879 2677 927 2752 Et
948 2682 1128 2751 decretum
1146 2679 1302 2770 Aposto-
1350 2677 1395 2748 lis
1417 2679 1464 2749 sit
1484 2678 1553 2765 legi
1577 2694 1703 2751 natura
1728 2678 1933 2755 hominum:
1974 2702 2118 2779 propter
2146 2684 2240 2762 hane
2267 2716 2337 2765 m.
2377 2748 2382 2757 ,

314 2788 443 2873 lorcam,
475 2789 571 2883 qarod
592 2786 760 2858 recitatur
782 2782 936 2855 indetis
959 2781 1071 2874 capite
1091 2777 1151 2855 15.
1166 2782 1205 2851 in
1227 2804 1299 2873 quo
1349 2793 1459 2851 stram
1482 2782 1670 2871 caliginem
1703 2782 1797 2854 dicta
1813 2782 1917 2855 Pauli
1948 2786 2116 2860 videntur
2138 2792 2245 2863 uobis
2268 2796 2338 2867 ob-

314 2914 468 2983 expresse
485 2890 761 2980 pronunciatur,
785 2884 1016 2960 Cerernonias
1031 2880 1207 2955 Mosaicas
1223 2906 1299 2954 non
1348 2904 1471 2966 scura,
1495 2898 1531 2955 et
1552 2884 1733 2954 interdum
1753 2887 1881 2958 accidit
1896 2886 1935 2957 in
1950 2886 2269 2982 Enarrationibus,
2295 2897 2336 2969 id

312 3016 380 3065 esse
414 2993 607 3075 iusticiam,
634 2994 678 3061 de
700 3014 770 3083 qua
795 2987 1027 3059 concionatur
1051 2980 1298 3075 Evangelium,
1347 2984 1505 3076 quadiu
1529 2987 1718 3075 proverbio
1748 2988 1898 3075 dicitur,
1924 3004 1965 3061 ut
1986 3006 2105 3066 sonet:
2128 2996 2241 3069 Aliud
2255 2996 2335 3083 Pes,

311 3119 370 3167 nec
393 3118 451 3166 res
469 3094 680 3165 necessarias
701 3116 776 3162 esse
800 3091 838 3160 in
865 3086 1020 3161 Ecclesia
1044 3086 1110 3157 filii
1133 3084 1219 3171 Dei,
1245 3088 1298 3161 fa-
1346 3086 1446 3157 aliud
1473 3081 1631 3159 Cithara,

312 3212 403 3267 ctum
421 3210 457 3268 et
472 3197 607 3268 editum
623 3208 676 3267 est
693 3207 883 3285 antequam
899 3189 1031 3262 Paulus
1047 3182 1137 3259 hanc
1151 3184 1298 3287 Episto-
1447 3186 1529 3259 Non
1545 3188 1783 3279 imaginemur
1804 3188 1916 3281 legem
1933 3192 2104 3263 moralem
2120 3217 2194 3267 esse
2209 3198 2334 3271 dcccc·

313 3300 375 3369 lam
411 3301 456 3370 ad
478 3296 663 3371 Romanos
691 3295 850 3387 scripsit,
883 3292 966 3386 quia
997 3292 1176 3361 decretum
1205 3292 1295 3361 illud
1346 3302 1421 3359 tum
1437 3290 1553 3359 simile
1569 3291 1763 3381 Spartanae
1778 3291 1846 3381 legi
1870 3294 1916 3363 de
1934 3292 2049 3365 ferreo
2074 3318 2206 3383 numo,
2234 3304 2331 3393 quod

315 3402 504 3474 factumest
525 3402 729 3494 prinsquam
745 3395 879 3468 Paulus
896 3400 934 3467 in
950 3388 1131 3486 Europam
1149 3393 1297 3463 traiecit.
1345 3414 1419 3461 non
1436 3392 1553 3462 solum
1570 3394 1700 3463 mutari
1714 3408 1749 3465 et
1765 3393 1901 3465 aboleri
1916 3395 2048 3486 potuit,
2074 3400 2134 3467 sed
2157 3401 2264 3471 etiam
2279 3403 2334 3472 fa-

316 3501 346 3572 tr
363 3499 451 3574 haec
466 3503 626 3596 Epistola
641 3501 771 3593 scripta
789 3513 842 3570 est
864 3496 1028 3576 aPaulo,
1055 3518 1136 3568 cum
1153 3495 1191 3565 in
1206 3497 1295 3568 urbe
1345 3495 1412 3564 cile
1435 3507 1469 3564 et
1492 3499 1678 3568 commode
1700 3513 1873 3568 mutatum
1896 3511 1961 3571 est.
2012 3498 2083 3570 Sed
2107 3501 2259 3583 sciamus
2282 3506 2334 3596 le-

316 3601 483 3678 Cocintho
507 3621 606 3679 esset.
652 3601 727 3676 Sed
749 3601 864 3672 facilis
888 3613 939 3670 est
962 3597 1151 3689 explicatio
1178 3598 1294 3670 consi·
1345 3617 1422 3686 gem
1447 3594 1534 3677 Dei,
1567 3621 1659 3691 quae
1685 3600 1893 3671 nominatur
1923 3600 2089 3683 moralis,
2120 3625 2194 3673 esse
2218 3621 2333 3678 aeter·

315 3709 445 3780 decenti
464 3703 550 3780 haec
565 3708 674 3778 dicta:
697 3701 862 3777 Christus
877 3715 928 3772 est
943 3701 1025 3772 linis
1039 3700 1136 3790 legis.
1191 3697 1294 3772 ltem:
1346 3723 1428 3766 nam
1451 3714 1486 3769 et
1509 3700 1691 3770 immotam
1708 3701 1916 3788 sapientiam
1937 3715 1973 3771 et
1995 3725 2157 3776 normam
2172 3705 2334 3781 insciciae

316 3805 388 3882 Non
411 3811 648 3880 venisolvece
671 3808 805 3898 legem,
830 3806 891 3876 sed
915 3803 1073 3894 implere.
1127 3799 1220 3873 'l'ota
1238 3802 1294 3872 les
1345 3800 1383 3868 in
1397 3797 1476 3870 Deo
1499 3803 1707 3892 patefactam
1729 3802 1898 3874 rationali
1916 3817 2117 3884 creaturae,
2150 3821 2185 3878 et
2208 3823 2334 3900 postu.

314 3913 482 4000 siguificat
495 3906 698 3992 Christum,
725 3925 763 3980 ut
782 3906 1006 3978 manifestum
1033 3912 1105 3983 est,
1131 3905 1294 3975 victimas
1344 3903 1497 3983 lantem,
1522 3917 1561 3974 ut
1582 3904 1769 3974 rationalis
1791 3918 1949 3976 creatura
1963 3905 2011 3976 sit
2025 3907 2220 3980 conformis
2239 3913 2334 3994 Deo,

314 4015 416 4086 luisse
440 4031 547 4110 typos
567 4013 769 4090 etumbcas
792 4022 962 4082 venturae
986 4005 1168 4090 victimae,
1194 4007 1295 4078 cuius
1347 4021 1382 4074 et
1398 4006 1636 4074 destruentem
1660 4028 1785 4076 omnes
1803 4029 1878 4078 non
1901 4005 2111 4083 conformes
2162 4007 2333 4086 Heme.

312 4116 547 4188 obedientiam
577 4117 741 4186 mirando
768 4110 917 4184 consilio
949 4107 1045 4182 Deus
1073 4108 1187 4180 voluit
1220 4131 1294 4178 essc
1346 4119 1446 4176 terna
1463 4106 1636 4204 sapientia
1653 4106 1721 4180 Dei
1737 4133 1958 4202 nequaquam
1975 4111 2138 4185 aboletur
2154 4111 2195 4182 in
2208 4111 2334 4188 Eran-

312 4219 461 4310 pectium
481 4243 547 4311 pro
569 4217 685 4292 nobis.
750 4211 922 4286 Exhibita
944 4226 1062 4282 autern
1087 4233 1169 4281 aera
1190 4209 1295 4281 victi·
1348 4209 1452 4296 gello.
1514 4207 1563 4280 Ec
1583 4209 1676 4281 sicut
1695 4205 1881 4284 hominum
1902 4224 2029 4283 natura
2049 4213 2217 4287 mirando
2245 4241 2334 4290 eon·

311 4345 383 4402 ma,
409 4315 600 4390 exhibetur
622 4321 659 4390 id
680 4319 776 4413 quod
798 4315 1080 4406 significaverant
1102 4311 1198 4405 typi,
1226 4311 1295 4384 sci·
1348 4311 1429 4380 silio
1453 4311 1497 4380 ad
1524 4304 1618 4382 hanc
1639 4311 1850 4402 sapientiam
1879 4326 1916 4384 et
1937 4315 2220 4388 conformitatem
2249 4343 2332 4390 eum

311 4422 389 4494 licet
422 4423 666 4492 reconciliatio
706 4433 740 4490 et
777 4415 914 4490 iusticia
953 4437 1016 4506 per
1050 4415 1295 4494 mediatorem,
1348 4409 1425 4483 Deo
1442 4412 1584 4482 condita
1601 4427 1665 4493 est,
1681 4414 1729 4484 ita
1747 4410 1928 4486 vultDeus
1940 4414 2078 4486 restitui
2098 4437 2165 4488 nos
2178 4419 2224 4488 ad
2239 4414 2332 4494 hauc

310 4549 395 4618 qnae
412 4525 597 4614 agnitione
611 4539 644 4596 et
660 4521 789 4592 fiducia
805 4515 1201 4605 mediatorisaccipitur.
1227 4513 1296 4586 Fa-
1349 4514 1462 4602 ipsam
1486 4514 1602 4584 lucem
1623 4528 1659 4588 et
1678 4515 1963 4588 conformitatem
1983 4540 2047 4609 per
2068 4518 2195 4594 lilium.
2244 4518 2332 4593 ldeo

309 4629 373 4698 cile
386 4627 539 4716 intelligi
556 4640 688 4718 potest,
712 4618 895 4694 Christum
919 4619 1024 4688 finem
1048 4639 1122 4686 esse
1137 4641 1297 4688 cecerno-
1348 4611 1513 4686 Christus
1536 4615 1670 4688 dicitnr
1688 4639 1763 4689 esse
1779 4617 1868 4688 *bnis
1884 4617 1984 4708 legis.
2047 4615 2095 4692 Et
2118 4613 2177 4690 hie
2199 4617 2334 4696 Paulus

308 4729 465 4812 triacum,
492 4729 575 4822 occia
592 4741 685 4800 certe
697 4725 773 4821 typi
794 4735 878 4795 sunt
894 4733 1039 4813 propter
1062 4717 1295 4810 significatam
1348 4717 1483 4809 inquit:
1508 4716 1600 4790 Fide
1612 4717 1725 4807 legera
1741 4717 1961 4804 stabilimus,
1985 4720 2083 4814 quod
2099 4721 2145 4792 de
2160 4720 2237 4811 lege
2253 4747 2333 4796 mo-

310 4833 498 4903 rietirnsm·
1349 4820 1415 4890 cali
1442 4818 1492 4888 sic
1515 4819 1741 4910 interpretor.
1797 4817 1877 4894 Etsi
1890 4837 2009 4894 autera
2030 4821 2151 4893 iudico
2173 4835 2332 4898 nostram

408 4929 457 5004 Et
482 4945 556 5004 tots
581 4922 704 5020 politis
729 4927 856 4998 umbra
880 4936 931 4995 est
952 4921 1087 4994 aeterni
1111 4921 1210 5012 regni
1234 4943 1296 4990 seu
1349 4923 1683 5012 interpretationem
1717 4945 1837 4992 veram
1872 4945 1966 5010 esse,
2009 4935 2045 4994 et
2079 4939 2331 5014 congruentem

313 5049 471 5106 aeternae
491 5029 679 5106 Ecclesiae.
730 5028 823 5102 Cum
846 5027 955 5117 igitur
977 5023 1127 5096 Messias
1153 5019 1296 5094 exhibet
1350 5047 1430 5092 cum
1453 5020 1588 5114 Paulo,
1620 5036 1739 5094 tamen
1759 5025 1873 5096 fateor
1895 5048 1953 5097 me
1978 5023 2252 5116 amplitudinem
2273 5051 2332 5102 cs-

314 5153 491 5208 aeternum
512 5157 680 5224 regnum,
720 5132 813 5202 cedit
837 5128 962 5200 umbra
993 5127 1042 5196 rei
1070 5124 1295 5216 significatae.
1350 5125 1504 5214 pientiae
1532 5125 1745 5215 apostolicae
1780 5149 1855 5197 non
1891 5127 1976 5198 setis
2006 5127 2181 5218 explicare
2216 5152 2332 5220 poree.

316 5235 353 5310 Et
367 5239 513 5330 quidem
527 5236 648 5306 omnia
671 5233 839 5304 miracula
859 5229 1075 5302 defensionis
1095 5243 1129 5298 et
1152 5249 1295 5298 conser-
1348 5224 1507 5315 Deploro
1523 5250 1666 5316 gemens
1680 5250 1795 5296 meam
1810 5228 2016 5317 caliginem,
2038 5241 2072 5298 et
2090 5230 2197 5301 doleo
2209 5229 2249 5302 in
2265 5228 2334 5304 hac

317 5341 463 5414 variants
479 5339 577 5410 illius
591 5335 738 5430 politiae
761 5348 847 5406 sunt
860 5331 1063 5405 testimonie
1086 5331 1130 5400 dc
1146 5344 1295 5401 venturo
1351 5329 1515 5400 barbarie
1529 5330 1622 5402 vitae
1637 5329 1804 5420 impediri
1821 5330 1929 5402 etism
1944 5329 2175 5420 cogitationes
2196 5334 2241 5406 de
2253 5347 2334 5408 ten·

319 5437 452 5513 itania.
1348 5431 1395 5500 tis
1410 5433 1529 5502 rebus

409 5543 481 5616 Sed
496 5537 560 5612 bas
578 5554 693 5632 partes
708 5537 795 5626 legis
805 5536 942 5606 omittas.
984 5529 1177 5624 Praecipue
1199 5531 1294 5602 enim
1450 5531 1534 5604 Seio
1555 5533 1794 5626 Augustinum
1815 5528 1882 5604 bec
1901 5534 2127 5606 enarratione
2146 5557 2249 5628 saepe
2259 5537 2332 5632 utiJ:

322 5647 360 5714 de
375 5647 448 5734 lege
467 5645 593 5714 morali
608 5638 667 5713 hie
683 5641 834 5718 dicitur,
861 5636 944 5730 quia
968 5634 1128 5727 loquitur
1151 5636 1196 5706 de
1212 5633 1298 5725 lege,
1350 5630 1420 5704 Per
1436 5633 1543 5706 Mem
1555 5636 1612 5706 les
1626 5637 1825 5722 stabilituc,
1851 5636 1887 5704 id
1911 5647 1983 5721 est,
2009 5634 2333 5730 impetratoremi-

322 5773 401 5840 quae
416 5745 590 5838 significat
604 5743 779 5816 iusticiam
793 5751 830 5812 et
844 5736 959 5826 arguit
976 5749 1166 5830 peccatum
1192 5729 1297 5808 Chri-
1351 5735 1898 5829 numerusnumerous
1929 5733 2027 5808 llaec
2038 5737 2218 5810 enarratio
2232 5739 2336 5812 valde

323 5865 385 5922 stus
400 5867 452 5922 est
467 5849 550 5922 buis
564 5847 670 5920 etiam
692 5841 778 5931 legis
795 5839 958 5926 moralis,
985 5837 1071 5932 quis
1084 5835 1159 5909 Les
1173 5835 1296 5910 Moca-
1326 5929 1329 5936 .
1350 5838 1471 5911 tenuis
1492 5852 1527 5912 et
1542 5840 1669 5912 mutila
1685 5853 1750 5917 est.
1798 5835 1880 5912 dui
1900 5859 2025 5910 verum
2039 5853 2110 5923 est,
2125 5840 2205 5912 dsri
2218 5841 2337 5935 spiri.

363 5958 537 6022 llrcssrs.
566 5953 670 6020 Oeen.
697 5949 780 6014 Vos..
800 5945 878 6014 XV.
1372 5933 1423 6012 66
