5825 6950
592 691 670 772 607
812 741 820 754 .
1197 682 1327 766 Ptttt.
1352 685 1470 765 tttts.
1494 683 1708 762 sctttt'tt
1733 681 2037 771 EXEGE'l'lCA·
2113 740 2118 749 ·
2197 726 2202 758 =
2527 701 2590 782 itt

595 869 707 954 atari,
738 865 904 950 concuti,
930 876 966 934 et
991 858 1159 953 dissipari
1189 859 1352 950 respub,
1384 860 1471 933 item
1492 859 1588 932 laedi
1640 871 1873 953 peccatorum.
1898 861 2011 951 Quae
2026 837 2350 941 ete’veratueeieta:
2372 867 2466 960 Quid
2480 871 2519 944 sit
2531 899 2598 968 pec·

598 971 712 1065 gloria
733 967 813 1042 Dei.
865 966 957 1039 inde
977 965 1221 1037 incenduntur
1239 963 1344 1045 odia,
1375 977 1411 1034 et
1433 966 1590 1036 existunt
1640 977 1777 1036 ratumt
1801 961 1869 1038 Est
1888 980 2006 1042 sotem
2028 970 2146 1057 gravit
2167 971 2396 1045 comminatio
2416 976 2526 1047 addita
2550 981 2600 1050 ds·

600 1072 759 1166 iugentia
773 1069 986 1155 certamina,
1015 1067 1119 1140 valde
1142 1066 1239 1136 enim
1252 1081 1400 1138 movent
1412 1068 1588 1138 rationem
1640 1067 1837 1142 tendentib.
1852 1068 2041 1158 opiniones
2056 1070 2186 1161 impias
2199 1076 2245 1144 de
2261 1073 2400 1146 iusticia
2415 1077 2514 1168 legis,
2537 1104 2601 1150 rou

599 1175 795 1250 humanam
817 1172 984 1247 scandala
1009 1170 1092 1250 illa,
1132 1169 1264 1263 quibus
1285 1183 1321 1242 et
1350 1169 1442 1270 laedi
1475 1170 1589 1262 gloria
1641 1167 1777 1264 inquit,
1802 1169 1884 1242 Non
1899 1171 2031 1244 subiici
2044 1173 2135 1244 -illos
2151 1175 2417 1253 ,iusticiae'Dei
2473 1177 2603 1252 Damnat

599 1279 669 1352 Dei
685 1278 845 1358 videtur,
871 1288 905 1346 et
925 1270 1091 1363 dissipari
1114 1266 1314 1343 cornmu'nis
1327 1273 1487 1345 societas.
1534 1271 1589 1343 Ac
1641 1271 1752 1361 igitur
1769 1272 1864 1344 clare
1881 1298 2005 1346 omnes
2020 1278 2247 1350 adversantes
2268 1280 2452 1352 doctrinae
2466 1305 2558 1354 verae
2570 1285 2603 1360 dr

599 1381 732 1454 sanctis
747 1377 894 1451 difficile
911 1390 964 1446 est
977 1376 1026 1446 ita
1041 1396 1078 1445 se
1093 1373 1324 1463 confirmare,
1347 1399 1393 1445 ne
1408 1376 1471 1446 illa
1487 1397 1590 1446 seau-
1641 1374 1781 1446 iusticia
1803 1375 1897 1448 hdei.

600 1485 683 1556 dala
699 1483 878 1553 excutiant
894 1479 944 1549 eis
959 1479 1078 1551 tidem.
1242 1548 1247 1557 ,
1860 1541 1867 1560 ,
1902 1541 1910 1563 ,
2011 1543 2021 1563 ‚
2155 1545 2163 1564 ,
2295 1546 2303 1567 ‚

702 1584 785 1654 ldeo
807 1582 941 1654 Paulus
971 1591 1091 1674 postea
1116 1578 1250 1672 inquit:
1290 1575 1420 1651 Fateor
1440 1575 1591 1650 ludaeos
1811 1537 1927 1617 ΓΜ
1957 1568 2055 1618 ‘'⁸¹¹''
2085 1539 2179 1646 '²5¹³
2201 1539 2380 1654 ‚Ch'lffl“
2404 1559 2466 1629 εἰ·

601 1685 872 1760 haherezelum.
921 1679 969 1754 Et
994 1683 1034 1751 iu
1047 1677 1208 1754 Corinth.
1232 1682 1303 1764 ait,
1329 1680 1415 1752 ldeo
1441 1679 1591 1752 ludaeos
1745 1676 1816 1750 Hir
1831 1681 1987 1758 instituit
2001 1684 2227 1759 saltationem
2241 1686 2403 1758 iusticias
2423 1687 2606 1777 legisetin·

601 1812 676 1861 non
690 1791 833 1860 eredere
847 1781 1066 1876 Evangelio,
1096 1784 1181 1877 quia
1202 1783 1377 1876 aspiciant
1396 1786 1509 1874 legem
1531 1807 1590 1853 ve·
1642 1782 1764 1858 stiriae
1778 1781 1984 1874 Evangelii,
2009 1800 2044 1858 et
2058 1801 2245 1880 utramque
2268 1790 2416 1874 delinit,
2438 1813 2478 1860 ar
2500 1815 2607 1884 propo

601 1893 731 1971 latam,
752 1885 820 1960 hoc
842 1902 916 1973 est,
939 1888 1025 1978 quia
1046 1888 1204 1958 sentiant
1225 1888 1400 1960 iustitiam
1416 1886 1593 1978 legiterae
1645 1887 1698 1958 nit
1720 1888 1930 1958 sententiam
1958 1890 2158 1981 oppositam
2183 1891 2340 1962 ludaicis
2369 1891 2606 1980 imaginationi·

600 1993 779 2066 iusticiam
802 2015 922 2064 coram
944 1991 1038 2060 Deo.
1084 1987 1166 2061 Hoc
1189 1989 1272 2085 quia
1300 1991 1526 2081 improbatur
1547 1990 1593 2059 ab
1645 1992 1712 2061 bus
1731 1991 1776 2058 de
1797 1989 1893 2078 lege,
1920 1991 2021 2085 quasi
2045 1993 2156 2064 dicat:
2188 1992 2310 2064 ludaei
2333 1995 2608 2109 quaeruntpiusti·

601 2095 820 2184 Evangelio,
860 2093 1057 2164 incitantur
1088 2093 1133 2162 ad
1169 2093 1465 2183 persecutionem.
1539 2089 1591 2161 lta
1647 2093 1736 2161 ciam
1762 2114 1804 2161 er
1832 2093 1927 2184 lege,
1959 2117 2025 2164 nec
2057 2093 2264 2185 intelligunt
2285 2091 2471 2167 Christum
2497 2097 2608 2168 essei-

601 2194 928 2286 Christusl'rtlapis
944 2192 1154 2266 offensionis
1171 2208 1377 2286 propterea,
1401 2195 1484 2290 quia
1501 2195 1592 2266 ratio
1646 2217 1727 2262 nem
1753 2194 1860 2284 legis,
1904 2191 1971 2266 hoc
2001 2209 2073 2282 est,
2105 2197 2319 2288 promissum
2354 2221 2447 2284 esse,
2483 2213 2520 2270 ut
2550 2199 2608 2292 ipse

602 2314 703 2393 putat
726 2322 801 2371 esse
821 2292 1065 2389 blasphemam
1095 2310 1131 2368 et
1150 2297 1354 2369 seditiosam
1379 2298 1594 2384 doctrinam,
1646 2295 1787 2366 tolleret
1818 2310 1999 2391 peccatum
2032 2311 2068 2370 et
2099 2312 2270 2387 mortem,
2299 2323 2393 2396 quae
2415 2299 2476 2371 lex
2495 2313 2607 2372 tantun

602 2404 807 2496 improbare
821 2416 1002 2474 externam
1019 2399 1196 2472 iusticiam
1218 2413 1254 2474 et
1268 2400 1396 2477 cultus.
1647 2398 1788 2469 revelat.
2298 2447 2302 2457 .

1748 2499 1814 2572 Est
1837 2523 1921 2590 ergo
1943 2502 2139 2578 renuntia:
2169 2499 2336 2577 Christus
2364 2517 2418 2577 est
2437 2504 2515 2576 linis
2529 2504 2605 2596 legis,

627 2599 765 2679 Omnis
787 2603 856 2706 qui
869 2597 980 2676 credit
997 2602 1037 2674 in
1060 2626 1141 2676 erem
1154 2627 1229 2676 non
1245 2601 1493 2705 confundetur
1506 2614 1570 2684 ets.
1649 2603 1684 2673 id
1703 2617 1773 2683 est,
1788 2603 1953 2693 impletio
1967 2627 2030 2676 seu
2044 2608 2326 2693 consummatio,
2339 2609 2454 2679 donat
2468 2609 2521 2695 id,
2533 2609 2604 2700 quod

706 2738 790 2812 Non
806 2739 1064 2826 confundetur,
1089 2738 1125 2810 id
1153 2754 1225 2827 est,
1250 2763 1325 2812 non
1349 2737 1593 2828 frustrabitur,
1648 2708 1703 2776 '²¹
1727 2707 1896 2826 “flium‘’
1933 2700 2000 2776 ¹¹⁰⁶
2029 2723 2096 2780 “li
2130 2707 2205 2798 Qui
2235 2711 2348 2828 §Mill
2376 2711 2415 2780 5¹¹
2438 2705 2600 2832 fibrinum,

605 2847 665 2916 sed
699 2841 767 2914 hoc
798 2843 915 2934 ipsum
946 2856 1152 2933 assequetur
1178 2845 1273 2938 quod
1305 2857 1470 2936 expectat.
1530 2841 1595 2919 Est
1650 2805 1827 2926 ''melu'’
1850 2809 2020 2928 q⁰⁰q¹²²¹
2037 2812 2210 2902 P⁰⁸¹¹¹¹⁸¹s
2236 2815 2606 2895 'dfllvfflffl‘ltl‘ffll’

607 2949 703 3019 ‘nim
721 2945 847 3018 mim,
865 2938 1001 3037 plu-255,
1016 2943 1206 3038 flebam,
1232 2943 1414 3018 confundi
1436 2971 1503 3040 pm
1520 2950 1596 3018 sm·
1650 2925 1850 3001 putatione,
1872 2925 1906 2980 et
1925 2911 2130 2985 liberatura
2146 2928 2288 3006 peccato
2306 2929 2377 2986 eta
2393 2927 2515 2988 morte.
2554 2909 2606 2982 Sed

605 3050 731 3134 strati,
753 3062 792 3120 ut
807 3048 837 3118 si
854 3047 989 3117 dicam:
1015 3045 1176 3117 Nuncios
1198 3049 1326 3120 missus
1340 3050 1383 3119 ad
1403 3054 1594 3139 petendum
1649 3011 1734 3131 ,hm
1757 3011 1923 3085 'ib‘ffiffi
1944 3013 1982 3083 in
2006 3010 2071 3086 ¹¹³⁰
2092 3018 2163 3136 VH?
2192 3030 2332 3136 ΜΨ
2358 3016 2532 3122 3⁰⁶⁰³i⁸¹¹⁸
2560 3013 2606 3082 ’ω

605 3153 792 3247 pecuniam
824 3147 1077 3233 confunditur,
1111 3150 1242 3239 idest,
1276 3152 1480 3228 frustratur.
1543 3151 1595 3222 lta
1640 3119 1946 3188 ‘'memffled‘fl‘
1965 3132 2114 3190 *θ’θ’*
2136 3127 2251 3190 ω’ῑΰῑ
2269 3121 2513 3211 ¹fflPt¹¹³ll⁰¹¹²

605 3253 870 3347 supradictum
897 3265 966 3323 est:
1008 3249 1095 3341 Spes
1119 3276 1192 3322 uon
1224 3253 1432 3341 contundit,
1473 3255 1597 3336 idest,
1636 3275 1640 3282 ’

604 3380 679 3428 non
694 3370 745 3427 est
767 3354 889 3436 irrita,
914 3376 990 3423 non
1013 3354 1213 3429 frustratur.
1263 3353 1451 3427 Caeterum
1475 3357 1513 3427 in
1538 3351 1597 3426 his

605 3456 790 3535 sententiis
811 3458 855 3527 de
879 3457 967 3542 lide,
993 3480 1133 3551 semper
1152 3457 1303 3549 intelligi
1326 3472 1467 3550 oportet
1483 3459 1597 3552 parti·

605 3563 722 3633 culam
750 3556 884 3632 Gratis.
942 3558 996 3629 Ne
1018 3562 1068 3628 sir
1087 3562 1300 3651 cogitemus,
1335 3562 1366 3631 si
1388 3563 1490 3633 suero
1512 3562 1597 3633 satia

606 3664 755 3755 dignus,
782 3662 850 3733 erit
864 3663 1102 3748 credendum,
1126 3656 1262 3735 horest
1277 3666 1392 3751 enirn,
1417 3690 1492 3734 non
1511 3689 1596 3735 con-

605 3767 716 3837 fidere
730 3760 895 3854 Christo,
921 3766 981 3834 sed
997 3764 1172 3838 confidere
1189 3767 1235 3859 „in
1251 3767 1397 3861 propria
1412 3768 1598 3858 dignitate.

606 3866 693 3941 ldeo
713 3866 816 3939 dicit:
844 3864 917 3965 Qui
933 3867 1046 3937 credit
1061 3867 1097 3935 in
1112 3868 1249 3963 ipsum,
1273 3870 1308 3940 id
1335 3883 1403 3952 est,
1431 3870 1494 3964 qui
1511 3894 1597 3941 ron·

606 3970 705 4055 fidit,
739 3969 834 4063 qnod
867 3984 1014 4061 propter
1039 3968 1155 4059 ipsum
1177 3966 1383 4064 Christum,
1414 3984 1490 4046 non
1513 3997 1597 4065 pro·

606 4083 686 4163 pter
699 4085 857 4143 nostram
872 4070 1081 4163 dignitatem
1095 4069 1193 4144 Deus
1217 4072 1262 4145 sit
1283 4075 1389 4147 nobis
1406 4074 1598 4170 propicius,

593 4175 638 4246 'is
656 4173 722 4247 erit
739 4174 867 4245 salvus.

1907 3277 2051 3378 Μοειεζ
2061 3269 2306 3360 ιιιὺηέονίὸίί
2322 3295 2386 3362 etc.

1752 3419 1795 3493 ln
1812 3413 1879 3491 bac
1894 3418 2060 3494 antithesi
2077 3425 2222 3519 quida-
2243 3423 2428 3515 imaginati
2444 3437 2535 3509 stent,
2556 3434 2607 3493 sta·

1650 3538 1726 3596 tum
1751 3524 1953 3595 collationis
1975 3550 2049 3597 esse
2076 3528 2113 3597 in
2142 3524 2197 3597 his
2218 3529 2357 3601 verbis:
2396 3526 2495 3597 Vivet
2513 3528 2546 3594 in
2564 3526 2608 3605 eis,

1651 3622 1719 3697 hoc
1740 3638 1810 3696 este
1846 3624 1958 3696 Penes
1981 3631 2135 3721 praemia
2159 3628 2313 3700 conferri
2341 3628 2493 3722 duplicia
2513 3649 2606 3718 opera,

1650 3752 1757 3821 opera
1786 3730 1935 3803 rationis
1964 3725 2097 3802 habere
2131 3732 2287 3825 praemia
2317 3731 2535 3822 temporalia,
2563 3728 2607 3795 sed

1652 3833 1746 3904 hona
1769 3855 1896 3925 operar,
1922 3846 2000 3904 orta
2020 3858 2040 3903 a
2063 3833 2202 3925 Spiritu
2218 3848 2362 3918 sancto,
2393 3829 2517 3903 hahere
2531 3851 2608 3921 prae·

1652 3934 1721 4005 mia
1744 3949 1917 4007 aeternn-
1959 3933 2055 4006 Haec
2076 3936 2325 4029 interpretatio
2353 3936 2467 4005 aliena
2490 3947 2535 4003 est
2552 3930 2608 4001 dis·

1652 4035 1980 4133 putatioaePauli,
2010 4062 2084 4109 non
2116 4042 2210 4111 enim
2235 4041 2274 4112 fit
2298 4038 2443 4109 collatio
2464 4032 2610 4127 praemio·

1651 4164 1753 4222 rum,
1779 4164 1894 4233 neque
1910 4142 1956 4210 de
1971 4142 2084 4211 causis
2099 4142 2285 4227 finalibus,
2305 4142 2381 4226 sed,
2392 4144 2435 4209 de
2447 4160 2540 4209 rausa
2552 4137 2609 4205 lor·

1653 4242 1737 4313 mali
1758 4243 1975 4332 disputatur,
2002 4244 2089 4337 quid
2113 4245 2229 4337 reipsa
2250 4245 2298 4315 sit
2318 4242 2456 4317 iusticia
2476 4240 2568 4331 legio,
2586 4248 2611 4305 tt

1653 4357 1816 4428 econtra,
1844 4345 1930 4437 quid
1947 4344 1992 4415 sit
2009 4346 2147 4417 tristicia
2161 4345 2362 4436 Evangelii.

983 4425 1126 4537 Capul
1167 4429 1223 4515 Χ.
1753 4440 1820 4517 Est
1841 4447 1950 4537 igitur
1976 4461 2086 4519 status
2118 4450 2321 4520 collationis
2350 4450 2387 4518 in
2412 4442 2467 4517 bis
2495 4440 2609 4513 duobus

870 4602 1002 4679 zm
1019 4602 1101 4678 n-
1118 4601 1257 4681 eao
1652 4543 2608 4746 :tlt:,222²t,stutta„trutinatt:

689 4771 693 4780 ’
708 4741 811 4819 Nihil
827 4746 913 4817 novi
931 4747 1105 4831 instituit,
1121 4744 1182 4819 secl
1199 4748 1329 4838 repetit
1342 4748 1499 4841 priorem
1517 4774 1599 4824 sen·
1644 4754 1738 4826 tiam
1765 4756 1861 4827 iuxta
1887 4756 2012 4845 legem.
2064 4758 2125 4827 ste
2142 4758 2192 4830 ait
2211 4756 2365 4828 describi
2385 4751 2517 4825 ,More
2530 4743 2609 4819 iusti·

607 4846 778 4933 tentiam,
811 4851 855 4919 de
876 4872 980 4919 causa
1002 4850 1210 4923 deiectionis
1237 4847 1472 4933 ludaeorum,
1498 4867 1532 4922 et
1555 4856 1601 4923 de
1639 4860 1763 4939 ¹ciam,
1788 4882 1869 4929 cum
1892 4858 2029 4951 inquit:
2057 4856 2206 4930 Faciens
2226 4883 2287 4945 aa,
2313 4859 2415 4953 quasi
2436 4858 2539 4926 dieat:
2563 4848 2609 4918 lu·

609 4970 714 5021 causa
730 4953 983 5039 persecutionis
997 4947 1195 5042 Evangelii.
1247 4951 1332 5024 ldeo
1355 4952 1490 5048 inquit:
1515 4954 1599 5027 Bel·-
1654 4960 1755 5031 stiria
1779 4958 1866 5049 legis
1889 4974 1941 5030 est
1973 4955 2059 5029 haer
2092 4964 2169 5053 ipsa
2198 4962 2424 5045 ohedientia,
2454 4980 2520 5051 qua
2546 4968 2608 5021 vere

608 5050 808 5142 ligerantur
821 5077 903 5123 cum
917 5050 1134 5144 Evangelio,
1160 5056 1245 5149 quia
1268 5057 1400 5129 nolunt
1416 5058 1598 5128 extenuari
1652 5074 1688 5132 et
1709 5062 1845 5152 integre
1866 5060 1956 5133 liunt
1978 5086 2035 5149 ea,
2069 5087 2161 5157 quae
2190 5064 2244 5134 lex
2275 5062 2465 5156 praecipit,
2497 5072 2533 5129 ut
2552 5065 2608 5123 1⁰1⁰

607 5152 785 5225 iusticiam
821 5156 927 5247 legis,
968 5179 1035 5227 nec
1066 5158 1274 5250 intelligunt
1305 5181 1380 5229 esse
1410 5182 1501 5249 opus
1529 5161 1599 5230 alia
1654 5176 1795 5254 pertore
1817 5166 1945 5235 ardere
1964 5164 2155 5238 dilectione
2176 5165 2262 5251 Dei,
2297 5165 2488 5256 glorificare
2507 5156 2609 5233 Dauo.

607 5253 747 5328 iusticia
766 5280 887 5329 coram
911 5256 1010 5343 Deo,
1034 5283 1146 5353 quare
1159 5260 1342 5333 mordicus
1364 5262 1520 5336 retinent
1542 5262 1600 5335 iu·
1652 5266 1801 5355 diligere
1816 5267 2039 5357 proximum,
2053 5269 2131 5339 sine
2145 5269 2449 5363 conrupiaeentia,
2468 5254 2607 5335 sincello

606 5356 746 5429 stiriam
763 5359 851 5450 legis
864 5375 900 5433 et
916 5363 1047 5434 cultus.
1653 5367 1782 5439 vitioso
1802 5368 1948 5451 affeetu,
1983 5371 2061 5441 sin'e
2090 5384 2231 5462 peceato
2254 5394 2340 5442 esse.
2391 5367 2485 5439 Haec
2504 5378 2549 5435 est
2565 5360 2606 5427 itt·

709 5456 825 5533 Adon
842 5474 959 5533 autem
982 5464 1162 5559 querelam
1177 5464 1222 5536 de
1236 5465 1352 5555 gentis
1367 5464 1526 5549 interitu,
1558 5480 1600 5540 ut
1652 5470 1772 5555 stiria,
1796 5494 1903 5564 quam
1928 5472 1983 5541 tex
2001 5474 2172 5567 requirit,
2199 5498 2307 5568 quam
2328 5475 2415 5543 adeo
2436 5492 2505 5539 non
2527 5482 2606 5572 prat·

607 5584 734 5653 supra,
760 5578 795 5635 et
810 5565 938 5638 tribuit
959 5567 992 5635 ei
1023 5566 1158 5653 zelum,
1183 5568 1315 5655 idest,
1340 5570 1500 5640 studium
1522 5570 1600 5663 pie·
1651 5585 1721 5643 stat
1742 5568 1898 5643 humana
1921 5588 2066 5657 natura,
2096 5590 2230 5647 utnon
2260 5574 2450 5663 intelligat,
2480 5567 2556 5663 quid
2573 5568 2607 5629 ⁵¹¹

607 5663 710 5749 tatis,
735 5666 795 5736 sed
814 5690 894 5737 cum
911 5692 1031 5739 errore
1054 5668 1298 5742 coniunctum.
1349 5668 1397 5743 Et
1421 5694 1525 5743 error
1546 5688 1599 5744 est
1652 5675 1716 5745 illa
1737 5674 1880 5746 dileetio
1896 5674 1975 5749 Dei.
2024 5712 2030 5721 ·

608 5767 645 5833 in
666 5766 839 5841 ‘articulis
869 5770 953 5841 fidei
983 5772 1212 5863 praecipuus,
1250 5772 1387 5844 scilieet
1420 5776 1520 5869 quod
1552 5776 1598 5847 sit
1753 5772 1911 5849 Eenntra
1929 5780 2068 5851 iusticia
2081 5782 2166 5851 fidei
2191 5806 2265 5851 nun
2280 5796 2333 5851 est
2345 5790 2486 5871 propter
2506 5764 2604 5854 imple-

604 5862 740 5943 Christi
773 5870 931 5941 oibrium
963 5888 998 5947 et
1025 5896 1198 5965 reanum,
1232 5879 1329 5945 unde
1358 5875 1405 5947 sit
1437 5868 1630 5974 remissiol
1654 5878 1787 5951 tionem
1803 5880 1907 5970 legis,
1933 5899 1994 5952 aut
2013 5897 2153 5954 nostras
2168 5886 2316 5955 virtutes
2334 5904 2406 5952 esar
2424 5880 2536 5953 iustos.
2557 5860 2602 5933 ⁵²3
