5825 6950
2611 404 2624 450 ι

2622 535 2623 630 l

598 677 696 761 rtet
1009 692 1013 701 ·
1202 658 1329 735 ruta.
1355 658 1474 737 nar.
1500 656 2043 739 smarranxaearrca
2367 657 2387 725 ,·
2501 676 2578 757 „g

597 854 743 931 etesiae,
778 866 907 922 osores
926 835 1089 915 ethnicae
1109 862 1190 910 cum
1213 837 1350 910 maritis
1371 836 1442 907 iam
1464 828 1589 907 Evan·
1642 850 1726 909 ante
1746 830 1973 909 monarchias
2005 836 2134 924 facisse,
2172 850 2256 911 ame
2281 831 2467 937 Assyriam,
2488 836 2585 923 'tlmt

601 959 733 1052 gelium
756 946 1025 1046 profitentibus,
1065 955 1127 1013 aut
1148 942 1274 1012 fratres
1299 962 1379 1011 eum
1406 939 1590 1026 fratribus,
1644 964 1740 1025 cam,
1767 938 1998 1011 Graecam-et
2013 938 2229 1015 Romanam.
2282 937 2454 1017 Etmulta
2477 954 2587 1041 aaut&

601 1060 668 1133 lilii
691 1078 772 1129 eum
796 1049 1015 1147 parentibus.
1066 1042 1208 1115 Horum
1232 1042 1343 1138 aliqui
1367 1066 1448 1113 cum
1467 1041 1592 1114 audie·
1642 1044 1738 1135 apud
1754 1056 1874 1135 gentes
1891 1042 2094 1115 testimonia
2110 1045 2283 1136 praebent
2296 1044 2487 1139 antiquitati
2496 1047 2586 1126 Eccle-

603 1163 692 1234 bant
710 1154 822 1232 taxari
845 1152 1026 1225 idolorum
1049 1148 1184 1232 cultos,
1211 1160 1246 1218 et
1267 1168 1411 1237 magnas
1428 1146 1594 1216 tenebras
1644 1148 1731 1218 siae.
1782 1142 1913 1217 Graeci
1944 1145 2102 1218 fatentur
2129 1169 2169 1217 se
2197 1160 2296 1219 ortos
2323 1169 2395 1218 esse
2420 1149 2462 1221 ab
2488 1150 2589 1246 lupata,
2624 1191 2625 1244 t

603 1258 861 1339 Ethnicorum,
889 1267 981 1324 certe
995 1251 1241 1324 flectebantur.
1294 1244 1342 1321 Et
1355 1249 1404 1319 sic
1419 1246 1593 1341 paulatim
1646 1247 1773 1320 Persae
1798 1249 1844 1319 ab
1866 1243 1985 1324 Elam.
2035 1244 2085 1322 Et
2111 1248 2244 1321 similia
2274 1250 2383 1321 multa
2412 1265 2498 1323 sunt.
2538 1256 2589 1331 Nec
2624 1263 2625 1305 l

605 1366 789 1439 collectam
816 1380 889 1430 ease
906 1352 1101 1427 Ecclesiam
1128 1352 1354 1422 manifestum
1376 1363 1438 1423 est.
1492 1348 1595 1421 Tali·
1646 1352 1721 1423 nlla
1737 1352 1777 1421 in
1791 1363 1867 1422 toto
1883 1374 2012 1441 genere
2028 1347 2188 1424 humano
2203 1354 2589 1452 mensarumque.

605 1472 674 1542 bus
708 1460 803 1535 nibil
835 1458 1025 1555 profuisset
1057 1450 1215 1551 hymnus
1252 1454 1438 1548 peregrina
1472 1452 1595 1544 lingna
1648 1478 1767 1527 rerum
1800 1454 1915 1525 initiis
1937 1455 2145 1526 continuam
2163 1454 2302 1526 areriem
2329 1478 2495 1527 annorum
2517 1484 2589 1533 tnon·

607 1566 836 1661 compositus.
887 1558 931 1632 ln
951 1554 1045 1629 hane
1065 1556 1276 1629 sententiam
1298 1553 1357 1629 hic
1380 1554 1514 1627 Paulos
1539 1556 1594 1624 in·
1648 1570 1782 1642 strent,
1823 1547 1894 1627 nisi
1912 1557 1986 1628 sola
2009 1551 2159 1629 historia
2181 1556 2370 1631 Ecclesiae.
2431 1557 2590 1635 Tencamas

607 1672 703 1767 quit:
746 1668 788 1741 si
816 1662 1038 1757 ingrediatur
1061 1659 1240 1745 infidelis,
1269 1674 1408 1731 utrum
1440 1656 1599 1729 ministri
1650 1655 1760 1751 igilur
1788 1660 1949 1751 regulam
1983 1658 2201 1733 Tertulliani
2238 1661 2424 1753 optimam:
2470 1660 2591 1737 Primuo

606 1771 767 1849 Cornelii
791 1763 1020 1843 centurionis
1035 1762 1186 1835 audiunt
1209 1760 1356 1834 Petrum
1381 1761 1598 1832 concionan-
1649 1765 1819 1857 qnodque
1844 1762 2065 1834 verissimum
2087 1776 2152 1837 eat.

606 1894 691 1952 tem.
742 1869 967 1954 Autldiota,
991 1866 1029 1937 id
1046 1880 1116 1948 est,
1148 1865 1266 1945 rudis,
1293 1864 1355 1958 qui
1372 1864 1599 1956 primumce-
1753 1863 1917 1939 Tertium
1952 1878 2221 1954 argumentum:
2269 1863 2440 1937 Miracula
2472 1869 2592 1955 assidua,

546 2048 548 2054 s
608 1970 885 2074 pitCatechismi
903 1969 1103 2043 doctrinam
1121 1969 1261 2039 audire:
1289 1967 1406 2049 Tales,
1421 1966 1482 2053 ait,
1500 1964 1602 2057 argui
1626 1965 1630 2033 l
1651 1969 1873 2039 resuscitatio
1897 1982 2121 2040 mortuorum
2138 1968 2280 2050 atalia,
2303 1992 2396 2061 quae
2416 1992 2594 2063 nequaquan

610 2098 644 2155 et
662 2076 828 2151 convinci
843 2076 889 2147 ab
904 2072 1093 2155 omnibus,
1118 2087 1153 2142 et
1168 2071 1303 2141 occulta
1323 2070 1484 2140 cordium
1502 2081 1601 2160 pate-
1640 2084 1768 2161 ,potest
1790 2070 1922 2141 imitari
1938 2071 2117 2143 diabolus.
2168 2067 2223 2140 Ao
2239 2093 2404 2141 recenseo
2418 2072 2505 2141 inter
2518 2074 2594 2143 mira·

610 2182 706 2263 lieri,
741 2181 876 2263 idest,
911 2174 1031 2247 andita
1063 2174 1245 2258 doctrina,
1287 2185 1429 2243 taxante
1459 2166 1601 2241 ethnica
1651 2174 1730 2245 cula
1765 2173 2022 2266 praedictiones
2051 2175 2096 2243 de
2129 2168 2376 2257 monarchiis,
2415 2172 2451 2242 in
2491 2173 2595 2269 Moyse,
2627 2169 2628 2196 ¹

611 2284 717 2367 ritia,
750 2278 943 2374 Epicureas
964 2276 1173 2369 opiniones,
1197 2288 1258 2347 aut
1273 2275 1391 2345 cultus
1408 2274 1602 2357 idolorum,
1651 2272 1777 2359 Esaia,
1824 2272 1973 2345 Ieremia
1997 2289 2033 2349 et
2056 2272 2219 2347 Daniele.
2277 2274 2319 2345 ld
2345 2274 2540 2348 miraculum
2564 2294 2597 2349 est

612 2387 781 2459 libidines
802 2396 835 2454 et
859 2382 929 2453 alia
952 2379 1103 2463 scelera,
1128 2391 1163 2448 et
1188 2390 1408 2447 monstrante
1434 2376 1509 2445 veri
1534 2372 1601 2444 Dei
1652 2378 1791 2450 illustre
1829 2379 2074 2449 testimonium
2110 2401 2327 2473 quocunque
2365 2393 2514 2470 tempore
2545 2396 2595 2469 post
2628 2415 2629 2460 3

611 2486 904 2583 patefactionem,
935 2482 1096 2555 converti
1118 2504 1177 2552 eos
1200 2482 1243 2551 ad
1267 2480 1400 2565 Deum,
1434 2494 1470 2551 et
1492 2500 1603 2569 agno·
1652 2494 1831 2551 eventum.
1884 2478 1976 2552 Cum
1995 2480 2156 2551 viderent
2177 2480 2281 2551 multi
2302 2493 2460 2572 tempore
2481 2480 2594 2553 Romani
2629 2537 2630 2576 ,

613 2612 709 2662 scere
728 2585 922 2661 Ecclesiam
947 2608 1029 2655 rere
1058 2604 1132 2655 esse
1159 2597 1297 2653 coetum
1321 2580 1411 2666 Dei,
1452 2594 1487 2651 ct
1508 2575 1602 2651 hanc
1652 2583 1794 2673 imperii
1811 2583 1918 2654 talem
1940 2584 2047 2653 fuisse
2068 2584 2328 2653 successionem
2345 2579 2592 2663 monarchiarum,
2629 2597 2630 2604 ’

613 2692 812 2765 doctrinam
838 2712 914 2759 non
944 2707 1017 2757 esse
1047 2686 1340 2758 commentitiam.
1393 2679 1441 2753 Et
1464 2706 1601 2753 summa
1652 2686 1794 2779 qualem
1830 2681 2032 2776 Prophetae
2063 2685 2333 2776 praedixerant,
2373 2686 2593 2759 fatebantncct

602 2798 690 2867 ¹laus
705 2788 884 2864 Ecclesiae
905 2785 963 2861 his
986 2787 1206 2859 brevissimis
1231 2787 1350 2856 verbis
1370 2785 1601 2856 describitur:
1653 2782 1745 2857 hane
1769 2788 1969 2857 doctrinam
1993 2812 2012 2857 a
2037 2785 2114 2857 Deo
2139 2788 2308 2859 traditam
2333 2811 2428 2875 esse,
2467 2804 2499 2858 et
2520 2788 2592 2857 Deua
2630 2844 2631 2897 q

600 2894 785 2989 Agnoscit
818 2908 853 2967 et
884 2893 1015 2963 fatetur
1038 2914 1120 2961 vere
1151 2887 1267 2960 Deum
1298 2888 1480 2958 intervos
1511 2909 1603 2970 esse,
1652 2912 1773 2980 regere
1796 2890 1884 2960 tales
1905 2890 2140 2983 imperiorum
2157 2892 2396 2977 mutationes,
2420 2905 2455 2965 ct
2470 2890 2596 2963 divinitus
2630 2905 2631 2938 t

614 2992 877 3099 ἀπαγγέλλων,
914 2988 971 3067 ὅτι
994 2988 1015 3065 ὁ
1039 2988 1129 3073 θεὸς
1155 2989 1280 3073 ὄντως
1311 2990 1352 3065 ἐν
1386 2985 1480 3081 ὑμῖν
1510 2982 1600 3063 ἐστὶ.
1653 2992 1856 3065 conservari
1883 3014 1995 3083 genus
2019 2987 2230 3067 humanum.
2405 3011 2409 3030 ·

614 3101 685 3175 llic
706 3113 800 3172 retro
824 3096 1023 3187 cogitentur
1045 3090 1214 3165 historiae
1236 3096 1282 3164 de
1303 3093 1512 3165 collectione
1531 3088 1602 3161 Ec·
1754 3093 1854 3165 ldem
1883 3108 2133 3185 argumentum
2158 3094 2265 3165 nobis
2293 3120 2439 3190 quoqne
2467 3114 2596 3187 propone
2631 3150 2632 3203 q

613 3204 749 3278 clesiae.
802 3198 932 3271 Hostes
960 3195 1150 3287 Evangelii
1173 3198 1265 3267 male
1291 3197 1532 3290 loquebantur
1558 3195 1604 3263 de
1629 3253 1632 3268 ι
1653 3218 1753 3281 mos,
1786 3210 1827 3269 ut
1848 3197 2050 3277 firmissima
2073 3198 2278 3269 assensione
2298 3200 2494 3271 doctrinam
2513 3194 2597 3267 Erele
2631 3207 2632 3292 t

613 3304 859 3398 congressibus
873 3299 1180 3384 Christianorum,
1205 3312 1248 3371 ut
1266 3298 1388 3371 scribit
1407 3296 1603 3367 'l'ertullia-
1653 3301 1727 3372 siae
1745 3300 2011 3392 amplectamur.

614 3433 703 3499 nus,
744 3422 778 3480 et
803 3406 876 3478 alii.
928 3401 1085 3475 Adducti
1116 3415 1201 3474 scant
1232 3400 1338 3474 amici
1370 3399 1604 3484 credentium,
1757 3401 1821 3475 Est
1842 3416 1884 3474 et·
1902 3400 1970 3474 hoc
1986 3403 2197 3474 miraculum
2222 3403 2429 3491 assiduum,
2454 3402 2537 3498 qnod
2554 3421 2632 3466 nnn*

613 3527 655 3584 ut
676 3524 888 3606 spectatores
909 3519 1043 3590 essent,
1068 3517 1103 3577 et
1118 3518 1323 3587 narrarent,
1349 3504 1435 3598 quid
1452 3503 1506 3572 ibi
1523 3524 1604 3593 age-
1656 3505 1767 3578 deleri
1786 3519 1901 3597 potest
1916 3504 2095 3594 Ecclesia,
2122 3531 2203 3577 cum
2220 3509 2393 3578 omnibus
2407 3507 2523 3578 sacratis
2535 3525 2603 3572 sun·

614 3627 725 3686 retur.
778 3611 917 3684 Horum
943 3607 1047 3677 multi
1078 3633 1158 3678 cum
1183 3619 1219 3679 et
1242 3607 1407 3676 audirent
1431 3603 1605 3696 optimam
1653 3610 1703 3678 mi
1719 3631 1836 3698 reges,
1862 3622 1897 3680 et
1913 3608 2164 3680 antecellentes
2180 3610 2294 3699 gloria
2318 3627 2355 3683 et
2380 3609 2541 3703 potentia,
2562 3626 2603 3692 op

615 3715 836 3799 doctrinam,
881 3725 914 3784 et
938 3707 1185 3782 honestissima
1218 3709 1376 3799 exempla
1406 3719 1603 3791 cernerent,
1655 3711 1810 3801 primere
1836 3733 1912 3780 eam
1934 3709 2053 3780 conati
2075 3710 2165 3794 sint,
2198 3725 2238 3782 ut
2260 3708 2424 3799 Pharao,
2450 3709 2603 3796 Nabugdo·
2632 3698 2633 3703 ’

611 3820 866 3902 movebantur,
914 3826 1016 3886 utet
1046 3813 1115 3905 ipsi
1146 3809 1382 3902 Evangelium
1414 3809 1606 3902 amplecte·
1656 3836 1786 3900 nosor,
1818 3807 2041 3892 Antiochus,
2080 3811 2238 3885 Romani
2272 3814 2501 3908 imperatores
2520 3807 2604 3878 molti.

613 3934 752 3996 rentur.
1655 3928 1777 4008 postea
1800 3915 1914 3988 Tucci
1935 3927 1971 3987 et
1995 3913 2068 3990 alii.
2119 3912 2184 3986 Est
2205 3916 2314 4004 igitur
2338 3916 2542 4010 perpetuitas
2560 3909 2604 3980 Et·

716 4019 906 4095 Etnsitata
922 4017 1059 4089 suntin
1075 4015 1211 4087 lsssllno
1228 4013 1406 4111 Marlytes
1430 4015 1494 4108 qul
1516 4011 1606 4084 ttrl-
1657 4018 1784 4088 clesiae
1809 4019 1902 4090 inter
1923 4031 2041 4090 tantos
2061 4018 2191 4090 fluctus
2221 4019 2362 4090 illustre
2390 4013 2605 4091 testimonium

613 4125 668 4196 bit
689 4125 735 4195 ad
755 4122 918 4194 Marcum
949 4117 1176 4191 Antoninum
1199 4119 1470 4209 imperatorem,
1506 4128 1542 4187 et
1564 4115 1605 4184 in
1656 4121 1754 4214 quod
1780 4121 1954 4207 ostendit,
1979 4121 2182 4190 conservari
2203 4145 2279 4191 eam
2296 4145 2316 4191 a
2332 4119 2423 4194 Deo.

614 4225 695 4300 aliia
717 4234 922 4322 argumenta
952 4235 1123 4315 quatuor,
1166 4221 1297 4313 quibus
1326 4221 1483 4290 refutant
1512 4212 1606 4288 Eth·
1761 4220 1939 4312 Quartum
1962 4235 2209 4314 argumentum
2238 4225 2395 4296 sumitur
2419 4225 2463 4293 ab
2485 4223 2552 4317 ipso
2568 4237 2607 4305 gc·

613 4331 731 4410 nicos,
756 4351 847 4423 quae
869 4325 908 4396 in
932 4337 1124 4417 conspectu
1148 4319 1280 4394 habere
1302 4321 1464 4414 singulos
1487 4319 1608 4392 utilis-
1658 4348 1743 4399 nere
1769 4325 1963 4399 doctrinae.
2020 4323 2129 4396 Nulla
2154 4348 2239 4414 gens
2262 4321 2373 4397 babet
2394 4327 2502 4417 legem
2526 4318 2605 4390 hone

612 4432 743 4505 simum
770 4444 833 4501 est.
1657 4429 1800 4500 stiorem
1825 4440 1860 4498 et
1879 4427 2011 4498 rectius
2032 4430 2301 4503 convenientem
2323 4428 2460 4499 iudicio
2482 4417 2607 4496 naturali·

715 4531 895 4604 Primum:
923 4527 1114 4600 Manifesta
1132 4529 1331 4600 absurditas
1344 4541 1379 4599 et
1397 4524 1608 4596 manifestus
1657 4529 1751 4601 Tota
1789 4525 2017 4621 philosophia
2049 4530 2180 4602 fatetur
2203 4531 2504 4622 imperfectionem
2527 4543 2607 4599 suan,

613 4638 716 4709 furor
733 4648 785 4708 est
805 4628 1066 4722 Ethnicorum„
1093 4627 1304 4721 Episeureas
1324 4629 1515 4728 opiniones
1531 4649 1608 4696 am·
1657 4634 1753 4726 quod
1782 4632 1879 4702 videt
1906 4632 1946 4700 in
1969 4632 2110 4702 ratione
2133 4633 2251 4703 lucere
2280 4658 2385 4706 veras
2416 4632 2608 4710 noticias,st

612 4737 742 4832 plecti,
775 4747 836 4808 aut
856 4736 1007 4827 probare
1029 4735 1145 4805 cultus
1173 4733 1373 4818 idolorum,
1413 4731 1448 4802 'et
1475 4730 1607 4801 multos
1656 4748 1777 4808 tamen
1793 4735 1982 4806 dissidium
2004 4757 2079 4804 esse
2098 4736 2292 4806 maximum
2315 4737 2448 4809 virium
2473 4730 2607 4804 humana

613 4839 728 4926 Deos,
754 4852 816 4911 aut
830 4839 980 4929 probare
997 4837 1150 4918 nefarias
1172 4835 1351 4906 libidines.
1403 4830 1501 4903 Haec
1518 4829 1605 4902 vitia
1656 4861 1757 4924 rum,
1782 4835 1819 4908 id
1839 4839 1935 4908 unde
1951 4839 1997 4910 sit
2016 4837 2174 4927 ignorat,
2200 4861 2266 4909 nec
2290 4839 2447 4910 remedia
2462 4832 2608 4907 ostenden

615 4939 980 5014 demonstrationibus
1006 4939 1229 5008 naturalibus
1263 4937 1411 5009 refutari
1445 4946 1608 5028 possunt,
1656 4953 1783 5034 potest.

613 5066 707 5140 ‚quae
738 5066 839 5134 saepe
859 5064 879 5112 a
901 5041 970 5134 piis
1002 5042 1209 5131 cogitandae
1235 5054 1339 5130 scrut,
1384 5053 1417 5108 et
1440 5035 1607 5108 refutatio
1759 5039 1868 5111 Videt
1891 5037 2046 5110 absurda
2067 5042 2181 5114 multa
2205 5043 2321 5137 sequi,
2360 5043 2392 5114 si
2409 5041 2540 5112 animae
2558 5049 2606 5100 non

617 5145 748 5219 multos
764 5140 938 5218 Ethnicos
951 5143 1075 5231 movit,
1102 5161 1142 5216 ut
1158 5143 1262 5215 aliam
1281 5141 1480 5214 doctrinam
1499 5162 1607 5234 quac-
1658 5143 1732 5215 sint
1752 5141 1989 5217 immortales:
2033 5158 2069 5217 et
2091 5157 2211 5215 tamen
2234 5144 2377 5218 dubitat
2396 5148 2442 5215 de
2464 5144 2605 5212 immone

616 5261 745 5320 rerent.
1656 5247 1766 5319 litate.

719 5347 923 5422 Secundum
947 5359 1214 5436 argumentum:
1250 5343 1358 5436 Quod
1375 5347 1488 5415 bonas
1503 5367 1607 5414 men·
1760 5345 1994 5441 Nequaquam
2029 5360 2145 5440 potest
2186 5349 2362 5421 affirmare
2403 5333 2606 5442 philosophis.

615 5465 667 5524 tes
688 5452 792 5524 ualde
806 5451 1012 5535 confirmat,
1037 5464 1071 5521 et
1085 5451 1182 5543 quod
1202 5446 1358 5521 lustinus
1375 5441 1527 5518 rn'aaime
1542 5469 1607 5517 ur·
1658 5449 1821 5522 exaudiri
1841 5449 1946 5520 ctiam
1968 5449 2101 5530 honos,
2134 5463 2173 5522 ut
2193 5448 2419 5524 Palamedem
2443 5459 2500 5520 aut
2513 5443 2606 5516 Satri·

550 5557 555 5566 '
616 5569 691 5646 get,
732 5567 890 5627 sumtum
914 5565 967 5623 est
992 5552 1038 5621 ab
1062 5551 1283 5644 antiquitate.
1341 5547 1438 5640 Quia
1458 5547 1609 5620 manife-
1658 5567 1750 5640 tem,
1777 5551 1815 5621 in
1832 5550 2108 5624 calamitatibus.

615 5671 708 5727 stnm
735 5671 809 5738 est,
852 5651 1040 5726 historiam
1067 5649 1247 5724 Ecclesiae
1265 5653 1505 5746 antiquiorem
1534 5672 1610 5722 esse
1651 5725 1659 5744 Ι
1763 5653 1872 5724 Nulla
1896 5676 1983 5744 gens
2006 5669 2102 5725 extra
2117 5653 2311 5726 Ecclesiam
2333 5650 2441 5727 habet
2459 5649 2602 5724 certanti

615 5757 775 5830 omnium
791 5752 1031 5828 Ethnicorum
1054 5749 1224 5828 historiis.
1272 5753 1390 5827 Series
1405 5767 1609 5848 temporum
1663 5776 1862 5847 expressam
1887 5755 2086 5826 doctrinam
2111 5757 2158 5828 de
2178 5759 2386 5828 remissione
2409 5762 2604 5849 peccatorum

615 5875 649 5932 et
666 5859 895 5952 imperiorum
911 5855 1085 5943 ostendit,
1111 5856 1287 5930 lsraiilitas
1304 5871 1338 5930 et
1353 5871 1470 5950 patres
1485 5877 1610 5939 corum
1662 5861 1708 5928 de
1728 5859 1926 5948 praesentia
1955 5856 2022 5928 Dei
2053 5863 2145 5951 apud
2171 5883 2253 5930 sere
2280 5861 2497 5939 invocantes,
2530 5861 2557 5916 et
2575 5841 2604 5907 ὁ(
