5825 6950
322 687 398 770 ias
735 687 1963 812 x11.manusnounvanouoaunts.caeru.
2282 629 2354 785 aa

321 867 436 939 Vetus
466 879 720 942 testamentum
748 864 888 942 tantum
919 883 972 943 est
991 867 1226 940 ministerium
1250 868 1318 940 do-
1369 863 1545 958 populus,
1569 879 1610 938 ut
1634 887 1707 936 non
1729 865 1841 956 possit
1862 865 2088 942 contemnere
2111 857 2208 948 bunc
2229 878 2354 952 docto-

321 971 454 1042 rtriuae
471 969 583 1061 legis,
607 985 643 1043 et
656 973 695 1042 in
717 971 779 1040 illo
805 972 939 1064 populo
963 971 1110 1064 politiae
1123 968 1315 1061 Mosaieae,
1367 991 1463 1049 rem,
1488 967 1624 1040 etiamsi
1639 969 1783 1038 videbat
1799 991 1878 1038 eum
1896 971 1932 1040 in
1948 975 2032 1043 odio
2047 996 2121 1045 esse
2142 979 2237 1069 apud
2255 979 2352 1052 Pon.

322 1095 408 1166 quae
429 1067 593 1146 habebat
614 1074 867 1166 promissiones
888 1073 1110 1166 corporales,
1142 1095 1207 1142 nee
1228 1095 1316 1142 con·
1368 1069 1479 1139 tilices
1494 1065 1766 1155 etPharisaeos,
1792 1073 1851 1148 sed
1869 1073 2006 1144 diversa
2020 1091 2103 1148 saint
2120 1077 2263 1167 iudicia,
2289 1085 2351 1154 alii

324 1175 490 1245 tinuatur
509 1177 557 1245 de
577 1176 784 1246 remissione
804 1189 1026 1265 peccatorum
1051 1174 1224 1264 gratuita,
1250 1196 1315 1243 nee
1366 1172 1615 1243 sentientem
1631 1172 1775 1266 quidem
1794 1173 2021 1246 excellentem
2047 1181 2248 1266 doctorem,
2276 1209 2350 1256 non

315 1275 502 1368 ‚promittit
529 1289 596 1348 ant
620 1279 733 1350 adfert
756 1276 929 1370 Spiritum
949 1288 1127 1360 sanetum,
1166 1287 1308 1346 econtra
1365 1271 1571 1344 inferiorem
1596 1267 1803 1365 Prophetis,
1842 1278 1901 1345 sed
1924 1297 1999 1347 uon
2020 1283 2280 1371 assentiuntur,
2310 1301 2351 1360 ut

326 1377 404 1448 nori
421 1380 633 1449 testamenti
645 1380 883 1450 ministerium
905 1378 1008 1449 affert
1023 1391 1060 1448 et
1073 1372 1213 1448 exhibet
1228 1399 1313 1466 pro-
1364 1376 1509 1462 credant
1524 1397 1596 1445 esse
1613 1373 1793 1461 Messiam,
1815 1375 1941 1448 offensi
1957 1373 2086 1452 humili
2100 1385 2228 1474 specie,
2252 1391 2350 1482 quod

332 1479 530 1550 minionem
557 1481 604 1550 de
626 1481 833 1552 remissione
852 1495 1095 1571 peccatorum,
1140 1493 1175 1550 et
1198 1481 1313 1549 dona·
1362 1490 1439 1548 erat
1452 1491 1553 1547 ortus
1569 1499 1643 1546 nou
1658 1499 1699 1546 ex
1714 1477 1844 1548 celebri
1867 1480 1988 1576 aliqua
2009 1482 2141 1556 familia
2163 1483 2364 1578 potentum'

340 1583 420 1652 tione
450 1592 624 1652 aeternae
649 1580 808 1652 iustitiae
834 1596 868 1653 et
900 1581 1012 1666 vitae,
1053 1603 1143 1675 quae
1164 1579 1313 1650 offertur
1363 1577 1635 1664 autnobilium,
1660 1579 1721 1648 sed
1742 1601 1783 1648 ex
1803 1579 1934 1668 ignotis
1954 1586 2181 1673 parentibus,
2206 1590 2251 1659 de
2275 1615 2349 1661 me-

341 1682 490 1752 onuibns
522 1683 590 1776 qui
618 1686 784 1767 credunt,
819 1707 894 1753 uon
915 1696 1061 1775 propter
1083 1683 1217 1772 legem,
1250 1684 1311 1751 sed
1362 1679 1421 1749 dia
1437 1681 1559 1771 plebe,
1585 1679 1692 1774 idque
1708 1680 1746 1748 in
1765 1683 1928 1778 extremis
1945 1684 2074 1756 finibus
2095 1689 2208 1778 gentis
2224 1691 2349 1763 Iudai-

340 1797 465 1876 propter
481 1784 601 1854 filium
618 1781 708 1869 Dei,
734 1797 769 1854 et
782 1807 847 1876 per
862 1781 930 1854 hoc
942 1773 1179 1856 ministerium
1193 1785 1312 1867 datur,
1363 1803 1442 1866 cae,
1468 1784 1573 1862 item,
1599 1783 1695 1876 quod
1717 1795 1864 1872 vagatur
1881 1785 2007 1876 passim
2029 1809 2150 1860 errans
2166 1792 2241 1862 siue
2256 1807 2349 1866 certa

337 1885 562 1956 etefficaxeat
576 1884 731 1977 Spiritus
751 1901 893 1958 sanctus
912 1887 950 1956 in
977 1882 1053 1977 his,
1069 1886 1142 1980 ,qui
1163 1887 1311 1957 credunt
1363 1884 1463 1969 sede,
1490 1907 1554 1953 uec
1580 1896 1631 1954 est
1652 1884 1690 1952 iu
1711 1884 1831 1976 aliqua
1854 1898 1951 1976 parte
1973 1889 2260 1980 gubernationis,
2282 1919 2348 1966 nec

332 1985 543 2076 Evangelio,
570 1989 765 2058 accendens
789 1989 828 2058 in
844 1989 1022 2057 mentibus
1038 2010 1166 2057 novam
1182 1987 1310 2068 lucem,
1361 1979 1469 2056 habet
1499 1985 1615 2056 studia
1643 1999 1705 2056 aut
1734 1986 2003 2075 suffragationes
2041 2005 2246 2080 potentum,
2285 1999 2348 2068 sed

333 2089 547 2159 mortificans
569 2091 697 2176 corda,
721 2088 916 2160 etincoans
933 2102 1112 2160 novamet
1130 2102 1308 2158 aeternam
1360 2080 1650 2186 spretusabhis,
1677 2087 1738 2180 qui
1760 2089 1897 2157 suntin
1918 2091 2196 2181 gubernatione,
2230 2099 2367 2188 negli.,
2435 2133 2438 2140 -
2511 2077 2518 2092 ’

333 2191 507 2265 iusticiam.
570 2187 651 2260 Hoc
688 2191 923 2262 ministerium
953 2215 1014 2261 seu
1047 2185 1132 2259 haec
1157 2189 1308 2259 efficacia
1361 2188 1456 2277 gitur
1477 2189 1584 2260 etiam
1598 2211 1619 2258 a
1634 2188 1772 2280 reliquo
1791 2190 1938 2281 populo.
1976 2188 2051 2262 Hac
2072 2193 2186 2266 forma
2209 2199 2348 2287 offensi,

335 2289 473 2382 Spiritus
487 2293 692 2362 sanctinon
715 2294 831 2385 potuit
853 2293 1015 2382 cognosci
1033 2292 1166 2382 palam,
1191 2291 1310 2383 prius-
1361 2291 1523 2368 resiliunt
1551 2289 1657 2368 etiam
1690 2284 1745 2378 bi,
1784 2292 1849 2386 qui
1877 2293 2076 2365 doctrinam
2106 2319 2180 2372 nou
2211 2299 2347 2392 impro-

340 2417 425 2485 quan
446 2393 680 2464 resuscitatus
703 2409 755 2465 est
770 2389 943 2470 Christus.
1000 2393 1079 2463 Etsi
1105 2394 1200 2462 enim
1226 2406 1309 2462 ante
1360 2393 1505 2466 bahant.

347 2494 438 2564 otlitac
455 2508 564 2565 mant
585 2495 838 2586 promissiones
859 2496 899 2565 in
914 2490 1123 2586 Prophetis,
1149 2506 1183 2563 et
1201 2488 1309 2564 Chri·
1455 2491 1559 2584 ‚Haec
1577 2514 1715 2584 semper
1731 2505 1783 2564 est
1808 2493 1846 2568 in
1869 2497 2006 2568 mundo
2029 2497 2135 2574 facies
2155 2495 2347 2581 Ecclesiae.

344 2608 403 2664 stus
425 2596 499 2686 ipse
532 2597 693 2670 incoarae
714 2599 915 2669 doctrinam
940 2595 1149 2688 Evangelii,
1188 2609 1307 2666 tamen
1359 2591 1511 2664 Manent
1527 2595 1719 2665 certamina
1736 2608 1771 2666 et
1786 2596 2033 2686 dissensiones,
2059 2613 2094 2670 et
2110 2603 2264 2673 mundus
2279 2605 2345 2676 etsi

335 2699 478 2787 aportuit
490 2699 662 2768 accedere
674 2700 893 2771 manifestam
909 2700 1172 2778 revelationem,
1198 2698 1307 2766 misso
1359 2721 1432 2766 non
1449 2697 1587 2791 quaerit
1606 2697 1805 2782 veritatem,
1827 2710 1947 2768 tamen
1964 2699 2031 2769 sibi
2048 2700 2218 2772 iudicium
2238 2707 2346 2778 sumit

331 2797 453 2888 Spiritu
465 2811 614 2884 sancto,
638 2813 677 2869 ut
691 2813 824 2872 extaret
837 2802 1100 2896 testimonium,
1125 2824 1196 2893 quo
1210 2797 1308 2869 Deus
1359 2800 1403 2867 de
1432 2798 1612 2881 doctrina,
1651 2821 1717 2868 nec
1748 2810 1928 2880 moretur,
1971 2813 2010 2871 ut
2039 2805 2175 2884 credat,
2208 2806 2346 2877 etiamsi

330 2913 506 2972 testaretur
539 2897 639 2972 huuc
660 2899 828 2973 Moesiam
852 2927 927 2974 esse
958 2903 1072 2973 lilium
1096 2899 1182 2988 Dei,
1216 2914 1251 2973 et
1270 2924 1306 2970 se
1359 2900 1584 2971 convincitur
1606 2899 1802 2970 manifestis
1825 2901 2047 2974 testimoniis.
2097 2903 2344 2979 Multi'etiam

327 3001 424 3083 selle,
450 3015 496 3072 ut
509 3025 633 3073 omnes
648 2998 733 3078 huic
746 3005 943 3076 ministerio
958 3005 1114 3087 credant,
1139 3027 1179 3074 ac
1193 3004 1306 3073 sciant
1358 3000 1463 3071 initio
1479 3001 1678 3094 approbant
1699 3002 1881 3072 doctrinae
1903 3003 2207 3092 emendationem,
2232 3023 2265 3079 et
2280 3034 2345 3104 ap-

325 3127 380 3196 per
399 3100 473 3175 boc
496 3105 578 3174 dari
601 3103 775 3196 Spiritum
799 3122 986 3193 sanctum,
1020 3119 1054 3177 et
1076 3105 1206 3176 salvari
1229 3129 1305 3175 cre·
1357 3104 1552 3194 plaudunt,
1578 3105 1638 3172 sed
1656 3118 1794 3194 postea,
1817 3104 1903 3198 qrtia
1926 3129 2000 3174 uon
2025 3110 2213 3197 respondet
2235 3135 2344 3180 eren-

324 3209 460 3289 dentes,
485 3228 562 3274 uon
581 3229 645 3292 per
659 3205 781 3297 legem.
1357 3217 1414 3274 tus
1431 3201 1598 3274 humanis
1615 3205 1777 3290 iudiciis,
1803 3219 1838 3275 et
1864 3206 2116 3296 expectationi,
2136 3209 2238 3280 facile
2256 3195 2342 3280 deb-

413 3303 487 3378 Est
502 3329 586 3396 ergo
604 3309 776 3378 sententia
789 3303 899 3379 huius
915 3307 1018 3378 dicti:
1044 3307 1216 3377 Nondum
1231 3320 1305 3377 erat
1357 3306 1477 3391 ciunt,
1504 3329 1583 3373 cum
1606 3304 1729 3376 vident
1751 3306 1939 3377 sententiis
1963 3307 2137 3393 aliorum,
2164 3311 2225 3403 qui
2241 3335 2343 3402 prae·

322 3404 473 3498 Spiritus
489 3423 649 3494 sanetus,
670 3411 713 3481 id
735 3425 806 3495 est,
830 3412 992 3481 nondum
1013 3408 1155 3481 coelesti
1171 3432 1211 3479 ac
1229 3431 1304 3479 ma·
1356 3418 1449 3477 stant
1466 3405 1637 3497 sapientia
1653 3418 1688 3476 et
1710 3406 1914 3492 autoritate,
1940 3407 2102 3479 damnari
2127 3412 2340 3491 doctrinam.

320 3512 441 3582 nilesta
455 3512 690 3598 revelatione,
715 3534 777 3583 sen
792 3510 992 3583 ostensione
1008 3510 1164 3603 Spiritus
1176 3512 1302 3593 sancti,
1356 3505 1417 3580 lta·
1432 3506 1590 3581 Ecclesia
1613 3531 1751 3601 semper
1782 3521 1845 3579 est‘
1863 3510 2010 3600 exiguus
2038 3525 2156 3583 coetus
2180 3539 2342 3607 quorun-

320 3614 581 3703 promulgatum
598 3628 673 3685 erat
687 3609 755 3685 hoc
767 3614 1023 3700 ministerium,
1047 3636 1111 3705 per
1124 3614 1224 3707 quod
1240 3614 1302 3682 da·
1355 3612 1458 3697 dam,
1482 3611 1544 3706 qui
1568 3612 1724 3681 retinent
1734 3612 1970 3681 'constantiam
1987 3612 2025 3681 in
2043 3615 2281 3701 confessione,
2306 3630 2341 3690 et
2387 3614 2393 3631 '

321 3727 374 3783 tur
392 3714 552 3807 Spiritus
582 3730 740 3800 sanctus,
777 3717 869 3785 sicut
898 3728 980 3806 post
1006 3716 1301 3786 resurrectionem
1355 3726 1499 3805 propter
1523 3736 1598 3781 eam
1623 3712 1728 3783 etiam
1755 3713 1823 3802 ipsi
1846 3714 2035 3785 incurrunt
2059 3716 2098 3784 in
2122 3730 2339 3789 contemtum

325 3812 474 3902 Christi,
514 3816 700 3889 manifesta
728 3817 843 3908 speeie
871 3840 946 3886 sese
972 3818 1128 3887 ostendit
1147 3814 1302 3908 Spiritus
1354 3828 1388 3885 et
1409 3815 1490 3886 odia
1518 3815 1684 3885 aliorum.
1744 3812 1877 3883 Verum
1908 3817 2076 3885 adversus
2101 3812 2185 3887 haec
2208 3810 2339 3891 iudicia

319 3931 474 4004 sanctus,
499 3940 541 3988 ac
554 3932 698 4010 apparet
720 3918 849 3991 usitate
864 3916 1020 4009 Spiritus
1043 3918 1155 3989 sancti
1179 3919 1301 4008 appel·
1354 3928 1473 3986 umen
1494 3911 1626 3985 Deus
1657 3914 1736 3987 vult
1764 3928 1880 3985 extare
1909 3918 2111 3989 testimonia
2147 3920 2340 4009 doctrinae,

319 4020 484 4089 lationem
507 4018 612 4089 initio
633 4020 673 4089 in
688 4015 844 4091 Ecclesia
869 4020 1076 4111 simpliciter
1097 4032 1300 4109 usurpatam
1353 4041 1463 4111 quare
1478 4030 1618 4111 oportet
1639 4038 1712 4087 esse
1735 4017 1891 4110 aliquos,
1923 4019 1984 4111 qui
2007 4017 2182 4091 retineant
2202 4024 2340 4092 conses-

319 4144 388 4190 essc
404 4147 468 4211 pro
493 4120 679 4192 manifesta
698 4120 919 4205 ostensione,
944 4143 1006 4191 seu
1020 4120 1225 4193 testimonio
1242 4146 1301 4191 ex-
1352 4118 1507 4205 sionem,
1528 4131 1667 4210 oportet
1680 4118 1821 4209 publice
1837 4143 1962 4190 sonare
1977 4114 2068 4191 hanc
2083 4146 2216 4207 vocem,
2241 4126 2339 4217 quod

319 4216 419 4293 bibiti
433 4222 594 4315 Spiritus
607 4223 738 4308 sancti,
763 4224 855 4293 sicut
870 4223 974 4294 fiebat
993 4223 1098 4293 initio
1111 4221 1300 4303 Ecclesiae,
1352 4215 1411 4291 bic
1425 4222 1471 4293 sit
1486 4216 1650 4291 Christus
1670 4220 1767 4290 lilius
1783 4216 1870 4293 Det.
1923 4220 2009 4291 lter'n
2023 4236 2161 4313 oportet
2178 4226 2339 4296 testimo-

319 4324 376 4393 nbi
393 4326 549 4413 primum
570 4326 799 4414 spargebatur
819 4322 1055 4412 Evangelium
1080 4326 1127 4395 ab
1146 4320 1300 4412 Aposto-
1351 4323 1452 4393 nium
1469 4321 1763 4407 daridoctrinae,
1799 4323 1903 4393 etiam
1929 4325 1975 4394 ab
1997 4324 2176 4418 aliquibus
2200 4348 2338 4411 eorum,

318 4426 375 4505 lia,
400 4426 453 4496 sie
474 4426 514 4494 in
539 4422 637 4496 Actis
660 4427 858 4519 loquuntur
874 4428 1020 4519 quidam
1037 4426 1220 4515 discipuli:
1246 4423 1299 4497 Ne
1351 4424 1416 4515 qtti
1432 4438 1514 4494 sunt
1530 4424 1663 4493 addicti
1682 4418 1853 4496 hostibus.
1887 4422 1987 4495 Sicut
2004 4420 2062 4493 hic
2076 4427 2229 4497 ministri
2244 4450 2337 4518 pon-

318 4529 457 4619 quidem
474 4529 572 4621 quod
590 4526 634 4599 sit
651 4526 807 4621 Spiritus
820 4540 962 4598 sanctus
976 4528 1191 4601 audirimus.
1351 4526 1485 4596 tibrum
1508 4524 1607 4593 missi
1636 4525 1680 4593 ad
1709 4520 2001 4614 prehendendum
2025 4518 2223 4612 Christum',
2264 4528 2335 4597 iam

482 4693 489 4710 ,
523 4690 532 4709 ,
565 4690 573 4709 ,
909 4630 939 4710 ,“
1027 4690 1034 4708 ,
1253 4691 1261 4709 ,
1350 4629 1485 4697 audent
1500 4627 1645 4696 illorum
1662 4624 1804 4696 iudiciis
1817 4640 1849 4696 et
1866 4628 2046 4697 autoritati
2069 4651 2167 4697 suam
2190 4642 2336 4699 senten·

364 4687 487 4765 Mun*
514 4699 634 4789 '6¹¹⁰'
655 4686 699 4763 ἀι
720 4688 823 4791 Phb‘
850 4716 915 4793 ⁹¹⁴¹
938 4686 1138 4764 “udum'‘
1159 4715 1299 4777 ‘mm-⁰·
1351 4728 1437 4800 tiam
1467 4751 1665 4821 opponere,
1706 4750 1782 4796 uon
1809 4728 1924 4798 solum
1957 4730 2195 4819 pronunciant
2217 4731 2334 4821 ipsum

413 4820 514 4879 ''m'’
542 4801 606 4869 ⁶¹⁶·
1350 4830 1481 4900 iniuste
1513 4829 1631 4921 appeti
1655 4828 1697 4896 ad
1721 4850 1861 4913 necem,
1908 4832 1966 4899 scd
1995 4831 2134 4902 addunt
2156 4832 2334 4923 egregium

385 4930 615 5005 Renovatum
630 4944 807 5001 certamen
829 4946 865 5003 et
888 4930 1124 5001 dissensiones
1145 4931 1311 5023 iudicio-1
1349 4932 1609 5015 testimonium,
1649 4924 1745 4999 huuc
1773 4931 1953 4999 doctorem
1982 4932 2191 5002 antecellere
2214 4934 2334 5002 omui.

321 5058 393 5105 rnm
413 5038 458 5104 de
472 5028 638 5115 Christo,
672 5033 832 5104 indicant
854 5028 1099 5103 vehementem
1121 5046 1157 5103 et
1172 5032 1297 5103 mirili-
1350 5034 1436 5116 bus,
1475 5056 1540 5101 nec
1568 5031 1772 5123 posserius
1802 5026 1998 5100 doctrinam
2028 5028 2238 5124 reprehendi
2268 5047 2331 5106 etc.

321 5162 390 5205 caro
406 5139 613 5207 concionem
635 5134 761 5217 luisse,
793 5158 883 5227 quae
905 5136 1057 5204 moverit
1077 5135 1215 5203 animos
1233 5158 1297 5203 au·
1349 5133 1418 5206 Sed
1437 5154 1502 5203 nec
1515 5129 1643 5202 horum
1667 5132 1869 5204 testimonio
1893 5134 2034 5205 refutati
2042 5148 2090 5205 tac
2105 5136 2257 5207 convicti
2274 5157 2333 5205 as*

321 5239 509 5321 aientium,
535 5236 705 5326 erlongo
719 5236 824 5306 aliter
836 5236 1010 5309 sentirent
1026 5231 1070 5306 de
1086 5232 1155 5305 hoc
1173 5236 1296 5306 docto·
1349 5235 1551 5305 sentiuntur
1569 5231 1747 5303 Pharisaei
1765 5246 1798 5303 ot
1813 5232 2011 5305 Pontifices.

322 5362 374 5423 re,
402 5364 509 5434 qnam
529 5340 574 5407 de
597 5338 695 5424 aliis,
729 5336 923 5408 audiebant
943 5360 1028 5409 eum
1050 5360 1146 5408 novo
1171 5352 1208 5408 et
1228 5337 1296 5407 mi·
1450 5336 1505 5413 Ac
1528 5359 1607 5405 cum
1625 5336 1663 5404 in
1683 5327 1750 5404 boc
1774 5336 1887 5423 rapite
1912 5336 1982 5405 sint
2006 5335 2102 5405 varia
2129 5336 2332 5423 certamina,

322 5444 426 5512 raudo
442 5441 552 5510 modo
571 5439 776 5509 concionari
793 5441 837 5508 de
852 5440 958 5509 rebus
972 5439 1153 5517 maximis,
1179 5440 1224 5508 de
1238 5462 1298 5512 ae-
1349 5451 1384 5509 et
1399 5438 1657 5528 disputationes
1671 5438 1715 5505 da
1732 5432 1893 5518 Christo,
1918 5438 2105 5530 praecipue
2128 5440 2201 5509 duo
2222 5462 2331 5528 argu·

326 5544 425 5612 ternis
453 5540 634 5613 mactetis
655 5539 823 5623 Messias,
857 5542 902 5611 de
927 5541 1120 5611 donatione
1141 5538 1297 5631 Spiritus
1348 5554 1466 5609 menta
1489 5539 1684 5626 agitantur,
1725 5558 1816 5629 quae
1841 5538 1992 5606 maxime
2013 5538 2170 5609 retinent
2193 5541 2332 5610 animos

326 5644 438 5719 tancti
486 5640 568 5713 Non
594 5641 690 5711 enirn
707 5641 857 5713 dubium
878 5654 949 5725 est,
974 5640 1063 5734 quin
1080 5636 1298 5711 bassenten·
1349 5640 1564 5724 obstinatos,
1598 5660 1643 5706 ue
1665 5637 1902 5707 assentiantur
1923 5638 2105 5709 doctrinae
2125 5639 2213 5713 eiua.
2263 5637 2331 5713 Al-

328 5743 403 5830 tias,
423 5768 514 5839 quae
530 5738 588 5813 hic
601 5742 809 5814 brevissime
822 5754 1004 5821 notantur,
1030 5743 1171 5833 copiose
1185 5743 1296 5812 iuter·
1348 5755 1462 5812 terum
1485 5753 1535 5809 ost
1555 5752 1709 5813 sumtum
1732 5739 1777 5807 ab
1799 5739 1986 5809 autoritate
2007 5740 2209 5811 ordinariae
2230 5755 2331 5833 pote-

326 5859 470 5935 prrtatus
483 5847 540 5919 sit.
588 5842 667 5917 Hac
680 5844 864 5937 magnifica
886 5843 1123 5937 promissione
1135 5856 1299 5917 moretur
1348 5844 1465 5930 statis,
1490 5842 1586 5937 quod
1603 5842 1642 5909 in
1660 5839 1724 5977 illp
1739 5838 1872 5933 populo
1894 5841 2087 5934 plurimum
2102 5842 2270 5929 ¹valebat,
2295 5854 2331 5917 et
