5825 6950
2298 623 2321 668 4

552 636 634 775 ἰω
1153 683 1987 766 rmuuuuscnuraaxuonrici.
2201 775 2206 784 ,
2518 695 2592 772 200
2652 725 2653 742 i

562 871 767 964 magnares
788 877 859 959 est,
888 866 1053 937 accedere
1073 864 1119 934 ad
1140 861 1276 950 Deum,
1299 885 1341 932 ac
1361 873 1482 954 petere
1503 864 1550 932 ab
1702 859 1777 934 lam
1809 861 1920 953 igitur
1955 835 2178 956 opponemui
2212 863 2416 954 indignitati
2447 880 2589 936 nostrae

561 1002 624 1061 eo,
649 997 724 1043 non
746 971 862 1044 solum
884 993 945 1050 ea,
970 991 1060 1062 quae
1083 969 1144 1037 dat
1165 963 1347 1037 communi
1363 988 1469 1061 cursu
1485 989 1549 1036 na·
1600 967 1765 1035 mandata
1780 977 1816 1034 et
1829 965 2090 1052 promissiones.
2135 963 2286 1038 Etiamsi
2301 991 2423 1040 sumus
2437 968 2592 1056 indigni,

562 1093 682 1158 turae,
710 1077 771 1146 sed
799 1074 905 1144 etiam
932 1072 1021 1156 alia,
1053 1093 1134 1139 cum
1162 1080 1302 1169 praeter
1323 1091 1549 1138 communem
1601 1083 1718 1139 tamen
1732 1066 2001 1139 mandantiDco
2018 1070 2334 1161 obtemperandum
2347 1084 2408 1152 est,
2430 1083 2464 1139 et
2476 1093 2591 1162 quan-

561 1202 705 1252 cursum
728 1179 767 1246 iu
789 1175 922 1246 uostris
943 1173 1067 1242 erratis
1084 1185 1119 1241 ct
1133 1171 1314 1242 aerumnis
1330 1193 1396 1241 nos
1411 1170 1550 1244 liberat.
1601 1193 1708 1264 quam
1731 1191 1852 1242 sumus
1874 1171 1946 1255 rei,
1971 1183 2087 1240 tamen
2111 1173 2262 1242 donatus
2278 1185 2328 1242 est
2345 1173 2449 1242 nobis
2468 1172 2592 1262 propi-

564 1281 727 1354 Deterret
747 1293 863 1350 autem
885 1297 952 1344 uos
972 1274 1165 1364 indignitas
1180 1287 1319 1357 nostra,
1345 1272 1549 1364 praesertim
1602 1273 1731 1356 ciator,
1763 1285 1799 1342 et
1827 1273 2047 1363 promittenti
2070 1270 2146 1342 Deo
2178 1277 2395 1345 credendum
2419 1289 2492 1358 est,
2526 1297 2592 1342 nec

562 1409 644 1455 cum
661 1381 812 1452 sciamus
828 1377 942 1448 Deum
958 1377 1090 1446 iustum
1102 1399 1197 1462 esse,
1222 1391 1258 1447 et
1273 1376 1375 1446 irasci
1391 1376 1551 1466 peccatis,
1602 1375 1818 1444 accusandus
1840 1386 1892 1444 cst
1910 1370 2007 1444 Deus
2028 1375 2214 1447 mendacii.
2280 1371 2502 1448 Accedamus
2524 1375 2594 1466 igi·
2649 1453 2653 1484 1

562 1509 630 1557 nos
653 1498 771 1553 autem
789 1478 1348 1569 multispeccetispollutosesse.
1399 1475 1552 1565 Hicigi·
1602 1491 1662 1548 tur
1681 1477 1725 1546 ad
1744 1499 1844 1561 euin,
1869 1490 1903 1547 et
1920 1491 2079 1568 petamus
2094 1477 2339 1547 remissionem
2356 1491 2593 1566 peccatorum,

564 1604 624 1658 tur
647 1608 736 1678 opus
761 1597 813 1654 est
836 1583 945 1650 verbo
961 1579 1046 1669 Dei,
1075 1581 1280 1652 testificante
1302 1582 1347 1648 de
1369 1581 1552 1649 voluntate
1604 1578 1778 1670 Spiritum
1803 1591 1983 1659 sanctum,
2009 1593 2043 1648 et
2062 1579 2130 1648 alia
2150 1580 2242 1650 bona
2260 1580 2453 1650 necessaria
2468 1577 2595 1648 Eccle-

565 1691 658 1767 eius,
690 1689 785 1781 quod
808 1686 928 1754 iubeat
947 1705 984 1751 se
1008 1683 1187 1769 invocari,
1211 1697 1246 1754 ct
1266 1683 1353 1752 velit
1375 1682 1552 1761 exaudire,
1603 1681 1693 1763 siae,
1728 1681 1893 1769 politicae
1923 1681 2192 1770 gubernationi,
2225 1695 2258 1752 et
2280 1681 2386 1752 nobie
2409 1681 2593 1773 privatim.

565 1794 737 1881 recipere,
768 1790 890 1857 iuvare
911 1785 1137 1868 invocantes,
1162 1808 1366 1879 quanquam
1385 1785 1552 1871 indignos
1604 1782 1657 1854 De
1678 1781 1816 1871 Spiritu
1837 1795 1957 1852 sancto
1981 1783 2193 1852 nominatim
2216 1784 2349 1854 dictum
2372 1795 2441 1866 est,
2475 1781 2595 1852 Lucae

564 1908 598 1964 ct
623 1891 776 1983 pollutos
798 1885 957 1982 peccatis.
1007 1885 1128 1974 Quare
1143 1887 1332 1974 diligenter
1347 1886 1553 1976 colligamus
1609 1884 1679 1954 ll.:
1706 1881 1850 1972 Quanto
1865 1884 1975 1973 magis
1990 1897 2087 1974 pater
2102 1899 2216 1956 vester
2231 1885 2389 1956 coelestis
2402 1882 2594 1977 dabitSpi·

563 2009 600 2065 et
617 1993 801 2082 mandata,
824 2003 859 2060 et
876 1987 1147 2080 promissiones,
1171 2002 1213 2058 ut
1231 1983 1362 2060 Mattb.
1379 1985 1431 2056 7.:
1458 1985 1553 2055 Peti-
1604 1987 1712 2054 ritum
1734 2001 1893 2057 sanctum
1917 1987 2144 2077 petentibus?
2196 1986 2249 2057 De
2272 1985 2593 2056 aliisliberationi·

564 2111 618 2179 tc,
651 2107 686 2165 et
708 2094 852 2164 dabitur
876 2091 997 2170 vobis,
1023 2105 1088 2162 etc.
1142 2088 1260 2161 Lucae
1284 2089 1362 2162 ld:
1398 2085 1553 2181 Oportet
1604 2089 1670 2156 biis
1693 2086 1797 2156 etiam
1823 2088 2028 2180 perspicuae
2050 2102 2085 2158 et
2107 2091 2238 2160 multae
2253 2088 2507 2181 promissiones
2522 2102 2595 2158 tra-

509 2247 518 2255 .
563 2220 701 2287 semper
724 2218 846 2274 orare,
878 2206 913 2263 et
936 2216 1012 2261 non
1033 2191 1250 2278 langueberi.
1309 2191 1345 2265 1.
1361 2185 1485 2264 Thess.
1501 2187 1552 2260 5.:
1604 2189 1697 2258 ditae
1718 2201 1819 2270 sunt,
1852 2187 2011 2262 Putas
2037 2187 2138 2261 luxta
2161 2191 2398 2261 estdomiuus
2422 2184 2497 2274 bis,
2527 2192 2594 2288 qui

565 2298 900 2387 Semper-gaudete,
935 2293 1150 2362 incessanter
1172 2306 1289 2376 orate,
1322 2294 1362 2362 iii
1385 2293 1553 2362 omnibus
1604 2290 1775 2361 tribulato
1796 2305 1880 2363 sunt
1904 2294 2029 2376 corde,
2055 2306 2090 2362 et
2113 2288 2265 2362 humiles
2285 2293 2413 2383 spiritu
2425 2293 2593 2372 salvabit,

564 2402 694 2490 gratias
723 2399 826 2487 agite.
884 2393 983 2465 Haec
1012 2409 1063 2464 est
1092 2395 1187 2462 enim
1221 2396 1386 2466 voluntas
1414 2392 1482 2463 Dei
1514 2391 1552 2461 in
1604 2407 1639 2463 et
1675 2394 1802 2462 eodem
1833 2391 1993 2464 Psalmo:
2035 2393 2118 2464 Non
2153 2408 2204 2464 cst
2234 2393 2354 2484 inopia
2383 2394 2595 2466 timentibus

563 2499 708 2574 Christo
723 2503 802 2570 lesu
816 2521 896 2588 erga
913 2520 987 2569 vos.
1039 2492 1277 2570 baptiste:
1304 2497 1552 2567 Nonsitisso-
1604 2518 1697 2569 eum.
1749 2490 1797 2564 Et
1816 2491 1979 2566 Christus
2003 2495 2137 2590 inquit:
2171 2493 2330 2565 Primum
2355 2496 2513 2589 quaerite
2534 2521 2593 2565 re-

562 2605 674 2689 liciti,
714 2601 846 2672 sedin
876 2598 1044 2669 omnibus
1074 2600 1275 2687 precatione
1304 2612 1340 2671 et
1370 2599 1553 2690 petitione,
1604 2593 1810 2686 gnumDei,
1835 2611 1869 2666 et
1882 2614 2015 2668 caetera
2029 2597 2241 2668 adiicientur
2256 2597 2369 2674 vobis.
2419 2595 2464 2666 Et
2481 2597 2590 2667 1.Τί-

563 2731 643 2775 cum
674 2707 865 2795 gratiarum
880 2702 1035 2772 ¹actione
1065 2701 1318 2793 postulationes
1350 2715 1484 2772 vestrae
1508 2703 1552 2770 ad
1604 2693 1715 2769 moth.
1730 2696 1783 2772 4.:
1809 2695 1926 2770 Pietas
1949 2700 2200 2791 promissiones
2219 2697 2326 2772 babet
2348 2698 2536 2793 praesentis
2553 2713 2592 2769 et

562 2807 681 2880 Deum
697 2821 801 2878 notae
816 2806 913 2874 liant.
1603 2803 1743 2872 futurae
1756 2801 1865 2884 vitae,
1890 2815 1953 2874 etc.

1708 2900 1811 2972 Talia
1830 2902 1924 2973 dicta
1940 2904 2050 2975 multa
2066 2902 2106 2972 in
2121 2917 2309 3004 conspectu
2327 2904 2416 2989 sint,
2440 2917 2475 2975 et
2488 2923 2593 2994 saepe

1605 3004 1804 3094 cogitentur
1818 3006 1955 3090 animo,
1980 3019 2020 3076 iit
2035 3029 2100 3076 nos
2116 3010 2158 3077 ad
2178 3008 2438 3078 invocationem
2454 3005 2593 3074 exusci-

1605 3121 1698 3190 teut,
1729 3119 1765 3177 et
1791 3106 1911 3199 aliqua
1940 3109 2034 3179 inter
2056 3111 2271 3196 precandum
2294 3109 2454 3203 quotidie
2477 3121 2592 3178 atten-

665 2939 921 3029 Adiungantur
940 2947 975 3005 et
988 2933 1260 3024 promissiones,
1286 2957 1436 3028 quarum
1451 2958 1552 3025 prac-

563 3042 667 3133 cipua
684 3055 735 3111 eat
750 3053 784 3111 et
799 3040 1070 3109 fundamentum
1086 3036 1320 3107 invocationis
1335 3039 1379 3105 de
1394 3039 1552 3128 qu'aeiiii-

526 3167 634 3237 ,que
655 3167 709 3224 re,
736 3139 923 3233 promissio
941 3139 1159 3209 remissionis
1175 3154 1409 3229 peccatorum.
1462 3135 1551 3208 Nam
1621 3209 1630 3226 ‚
1954 3210 1963 3228 ‚
2081 3211 2090 3227 ·

564 3247 669 3316 ,fiam
692 3270 771 3314 ,um
796 3244 959 3312 manda„
984 3241 1200 3333 mgpamus,
1234 3254 1353 3310 ,amen
1376 3235 1461 3310 hm
1486 3264 1552 3309 ,ox
1605 3223 1755 3294 tionem,
1782 3209 2327 3283 etfideminnobisaccendant.
2379 3207 2484 3282 Certe
2500 3233 2589 3279 sem-

563 3372 631 3417 nos
652 3348 839 3418 absterret:
866 3357 1063 3434 peccatores
1077 3345 1173 3418 Deus
1190 3367 1264 3412 non
1279 3344 1432 3418 exaudit.
1484 3340 1568 3411 llic*
1604 3335 1684 3402 9⁰¹²
1710 3311 1848 3404 (ΨΜ
1875 3313 2112 3401 Ριιεοᾶιίοῃριῃ
2137 3313 2337 3398 5⁰⁰⁰³¹¹¹¹¹⁸a
2362 3313 2593 3400 ⁰⁰flll³¹¹d¹¹¹¹¹

562 3450 673 3541 igitur
695 3461 775 3519 ante
797 3461 948 3517 caeteras
966 3445 1217 3537 promissiones
1231 3467 1472 3537 proponamus
1487 3447 1553 3514 do-
1604 3429 1674 3498 ‘⁸¹’
1708 3437 1813 3505 ‘luem
1835 3411 1950 3485 ΒΜ
1975 3416 2135 3501 lnl⁰⁰²⁸¹
2169 3438 2213 3484 ³¹¹
2238 3416 2298 3484 5¹¹²
2320 3415 2509 3504 indignum
2534 3439 2595 3484 ‘¹‘

564 3552 714 3621 ctriuam
730 3554 773 3620 de
786 3550 993 3619 remissione
1009 3562 1244 3637 peccatorum,
1267 3549 1419 3617 sciamus
1435 3546 1552 3617 omui·
1604 3516 1742 3600 “udlal‘
1766 3530 1801 3586 ‘l
1816 3540 1881 3586 ω’
1898 3519 2078 3598 ‘mdia’
2106 3532 2139 3637 ,εἰ
2156 3518 2359 3607 ἰωϋὲῃῑωὶ
2376 3518 2595 3637 ⁰PP⁰¹¹e¹¹d²

1604 3631 1687 3687 sunt
1710 3620 1875 3691 mandata
1897 3632 1931 3689 et
1953 3620 2223 3710 promissiones,
2251 3644 2291 3689 ac
2315 3643 2502 3712 praecipue
2518 3644 2596 3687 me-

562 3656 633 3725 bus
654 3652 840 3739 agentibus
856 3649 1127 3743 poenitentiam,
1152 3665 1248 3721 certo
1265 3650 1394 3720 remitti
1414 3666 1552 3740 peccata
1632 3720 1640 3735 ,
2273 3723 2281 3739 ,
2321 3724 2328 3740 ,
2451 3723 2460 3739 ‚
2500 3722 2510 3739 ,
2568 3723 2576 3737 ,

1604 3721 1748 3789 ditanda
1774 3733 1809 3791 et
1830 3721 2070 3813 amplectenda
2095 3736 2146 3792 est
2167 3744 2353 3822 promissio
2372 3745 2597 3791 remissionis

563 3770 710 3848 propter
732 3750 912 3843 Christum
935 3753 1187 3840 mediatorem,
1212 3776 1287 3822 non
1311 3768 1455 3842 propter
1486 3776 1552 3823 uo·
1954 3823 1962 3839 ,
2086 3824 2096 3841 ,
2475 3825 2484 3841 ,

565 3873 673 3927 mam
696 3857 913 3946 dignitatem·
964 3850 1089 3945 Actipi
1111 3854 1552 3945 verooemiuionempec„
1605 3834 1841 3911 peccatorum.
1893 3823 2034 3893 Deinde
2050 3839 2154 3896 etiarn
2172 3848 2226 3893 res
2243 3826 2391 3915 petenda
2408 3838 2598 3913 cogitetur.

431 3960 436 3972 ’
564 3972 723 4029 catoriun
760 3958 846 4039 fide,
887 3970 926 4028 ut
961 3956 1152 4026 clarissime
1183 3957 1336 4027 traditur
1364 3956 1403 4024 iu
1431 3956 1553 4027 multis
1605 3922 1685 3993 N⁰¹¹
1709 3924 1804 3993 ‘⁰3¹¹‘
1827 3926 1873 3997 'll
1898 3927 2011 4043 ⁰¹·''ll0
2035 3925 2153 3995 l⁰³¹¹l³
2174 3922 2423 4047 flmffll'ia’
2449 3930 2598 4047 ’ΜΨ

435 4120 439 4125 λ
563 4056 749 4149 Evangeffi
774 4060 871 4133 locis·
921 4056 1172 4131 1]sson
1202 4056 1448 4130 summum,
1472 4082 1554 4127 sen,
1604 4028 1804 4115 corporales
1833 4042 1867 4097 et
1890 4028 2089 4118 spirituales
2113 4052 2327 4099 necessariae
2351 4054 2533 4099 communi
2562 4045 2598 4100 et

564 4162 696 4233 ,emm
734 4162 972 4254 proponitur,
1026 4161 1258 4229 imfificamu,
1295 4160 1403 4248 Μ,
1441 4162 1551 4248 grafia
1606 4130 1763 4218 privatae
1794 4129 1898 4199 saluti
1930 4144 2106 4219 petantur.
2158 4132 2245 4202 Ideo
2273 4134 2368 4204 enim
2393 4132 2597 4225 plerunque
2651 4188 2652 4193 1

564 4262 695 4353 ἧρπε,
726 4289 790 4356 per
827 4262 1102 4345 redemfionem'
1136 4286 1226 4355 qu„
1255 4276 1307 4333 „p
1338 4261 1377 4330 pn
1407 4258 1552 4333 (ΜΨ,
1605 4230 1707 4319 friget
1729 4231 1864 4317 oratio,
1890 4232 1974 4324 qiiia
1998 4257 2071 4302 non
2095 4249 2317 4328 expectamus
2339 4235 2400 4303 illa
2424 4236 2597 4305 beneficia
2651 4286 2652 4289 ,

1605 4331 1736 4418 aDeo,
1760 4357 1825 4404 nec
1848 4337 1947 4403 ardet
1969 4334 2007 4403 in
2027 4338 2132 4406 corde
2149 4332 2234 4407 haec
2249 4338 2309 4407 lux
2322 4351 2355 4406 et
2372 4337 2467 4421 fides,
2494 4342 2597 4429 quod

1604 4432 1700 4503 Deus
1730 4430 1812 4505 vere
1837 4436 1972 4529 aliquid
1998 4440 2180 4508 nobiscum
2206 4452 2304 4528 agat,
2337 4440 2395 4507 det
2415 4438 2597 4529 Spiritum

666 4600 895 4672 Hauclidem
919 4600 1080 4669 inomni
1105 4599 1330 4670 invocatione
1349 4601 1552 4689 praelucere
1605 4552 1784 4655 sancium’
1810 4553 1925 4629 '⁰⁸³¹'
1953 4540 2071 4631 ἰωὴ
2097 4540 2263 4610 defendat
2277 4563 2355 4655 ¹¹⁰⁸?
2382 4542 2440 4656 det
2458 4541 2598 4611 Victum

1502 4705 1511 4722 .
1605 4639 1719 4722 nobis,
1745 4643 1805 4709 sed
1823 4656 1958 4711 mentes
1973 4640 2498 4730 suntoppressaediibitatione‚
2526 4668 2599 4715 nee

564 4717 723 4795 ⁰P⁰²lili
750 4704 847 4797 q¹¹⁰d
871 4715 1013 4793 Pl⁰l³¹ff
1028 4702 1141 4771 fillum
1157 4702 1386 4776 m⁰d5⁸²⁰m¹¹
1402 4704 1551 4797 mima·
1605 4758 1751 4829 possunt
1764 4766 1800 4813 se
1815 4744 1968 4831 erigere,
1992 4757 2031 4813 ut
2047 4766 2102 4811 ses
2118 4741 2196 4809 illas
2210 4764 2292 4809 vere
2307 4754 2461 4811 statuant
2477 4768 2495 4809 a
2509 4746 2598 4815 Deo

563 4828 667 4890 Μ’
688 4806 921 4875 ‘nummu'
932 4819 967 4875 ‘l
983 4827 1158 4879 mv‘mur·
1604 4845 1703 4933 dari,
1735 4868 1814 4913 cum
1840 4840 1905 4913 hac
1926 4856 2046 4913 nostra
2070 4843 2293 4914 dubitatione
2320 4842 2505 4933 praecipue
2530 4846 2597 4915 lu-

665 4935 756 5010 Cum
779 4933 846 5008 hac
868 4938 937 5008 fida
956 4938 1197 5009 remissionem
1220 4953 1444 5028 peccatorum
1460 4942 1551 5012 acci·
1603 4946 1769 5015 claudum
1792 4958 1859 5029 est,
1884 4945 2035 5014 nitimur
2058 4946 2189 5014 nostris
2206 4946 2363 5016 consiliis
2381 4958 2413 5014 et
2430 4970 2594 5019 comino-

564 5066 648 5135 pere
670 5064 737 5111 uos
754 5040 959 5125 statuimus,
985 5037 1042 5109 bic
1060 5041 1212 5132 primum
1229 5042 1436 5112 dulcescunt
1449 5068 1550 5112 maii-
1602 5046 1657 5115 dis
1678 5046 1881 5116 visibilibus
1904 5061 1937 5117 et
1958 5046 2144 5138 praesidiis
2167 5042 2344 5119 humanis.
2394 5046 2489 5116 Haec
2506 5072 2593 5121 cuin

564 5149 665 5227 data,
695 5156 729 5213 et
759 5158 914 5213 caeterae
937 5142 1187 5233 promissiones
1210 5145 1254 5210 de
1279 5146 1549 5232 particularibus
1601 5148 1731 5217 sintin
1756 5162 1962 5239 conspectu,
1989 5144 2082 5217 nibil
2099 5151 2292 5219 admodum
2309 5149 2400 5219 serio
2416 5150 2591 5240 petitura
2650 5148 2651 5155 '

562 5245 755 5319 beneficiis.
809 5244 1004 5318 loan.14.:
1032 5243 1209 5337 Quicquid
1229 5245 1396 5334 petieritis
1415 5261 1548 5336 patrem
1600 5244 1688 5320 Deo.
1749 5246 1837 5321 Cum
1868 5246 1952 5318 liaec
1983 5251 2204 5338 eripiuntur,
2236 5252 2426 5342 incipimus
2447 5252 2528 5342 angi
2556 5268 2591 5325 et

563 5350 601 5415 iii
627 5345 773 5416 nornine
794 5371 892 5447 ineo,
925 5346 1025 5417 dabit
1047 5347 1160 5416 volsis.
1214 5344 1314 5416 lubet
1338 5362 1456 5438 petere
1482 5372 1547 5416 no·
1600 5349 1783 5435 dubitare,
1810 5376 1854 5421 aii
1872 5349 1946 5420 Deo
1968 5374 2072 5421 curae
2087 5353 2218 5439 simus,
2243 5378 2289 5423 an
2307 5353 2589 5443 respicianiurct

562 5448 660 5517 inine
676 5471 759 5527 siin,
782 5448 908 5535 idest,
932 5471 968 5517 se
982 5448 1183 5529 nominato,
1209 5470 1246 5517 se
1262 5448 1443 5530 invocato,
1468 5462 1547 5519 tau·
1600 5450 1775 5521 iuvamur.
1829 5451 1948 5541 Quare
1972 5476 2203 5542 agnoscamus
2225 5456 2501 5525 imbecillitatem
2519 5480 2587 5525 iio-

561 5575 668 5645 quam
697 5550 910 5640 mediatore,
938 5564 1084 5643 propter
1111 5574 1216 5640 quem
1237 5564 1332 5619 certo
1356 5550 1548 5641 recipimur
1598 5564 1724 5639 stram,
1747 5557 1841 5646 quod
1868 5557 1913 5624 sit
1929 5557 2034 5625 nobis
2049 5581 2140 5655 opus
2157 5558 2412 5645 gubernatione
2428 5555 2585 5643 Spiritus

559 5666 595 5721 et
627 5651 856 5733 exaiidiinur,
886 5667 927 5724 ut
948 5654 992 5723 ad
1019 5648 1110 5721 Heb.
1124 5648 1160 5722 4.
1183 5651 1330 5719 dicitur:
1364 5650 1546 5721 Habentes
1596 5655 1728 5740 sancti,
1755 5670 1789 5725 et
1810 5660 1905 5749 quod
1922 5656 2017 5728 Deus
2042 5682 2122 5729 vere
2143 5660 2225 5727 velit
2242 5682 2321 5727 euin
2339 5658 2458 5746 largiri
2479 5659 2582 5725 invo-

556 5750 764 5821 Pontificem
784 5751 909 5841 lesum,
930 5755 1135 5826 accedamus
1151 5776 1230 5821 cuin
1245 5752 1372 5824 fiducia
1390 5749 1544 5825 adtbro·
1595 5756 1767 5828 cautibus.
1818 5756 2023 5845 Discamus,
2056 5775 2092 5831 et
2113 5760 2297 5829 commoda
2323 5760 2500 5851 corporis,
2528 5763 2580 5829 vi-

554 5877 642 5925 num
656 5854 800 5945 gratiae.
1595 5868 1708 5938 ctum,
1736 5860 1996 5948 defensionem,
2023 5883 2202 5931 successus
2218 5862 2256 5929 in
2273 5864 2475 5947 vocatione,
2499 5888 2577 5933 cum

564 4363 663 4450 lesu,
705 4390 810 4460 quem
846 4364 1031 4456 proposuit
1057 4362 1155 4435 Deus
1188 4362 1459 4457 propiciatorem
1491 4388 1554 4458 per

563 4467 668 4539 tidem
684 4465 723 4539 iii
739 4468 910 4556 sauguine
926 4466 1047 4557 ipsios.
