5825 6950
349 687 412 766 iit
513 677 618 762 Xlll.
659 678 706 761 2.
730 669 1097 760 contumuit
1121 673 1175 754 IN
1188 668 1359 756 -ssl’lsl'a
1382 668 1537 755 raum
1560 671 1631 755 All
1655 673 1918 764 Romanos,
1979 685 2084 772 CAP.
2111 695 2155 772 V.
2275 703 2351 784 630

346 875 405 946 sss,
428 855 557 952 accepti
575 832 691 949 gratis'
705 867 854 950 propter
874 849 1083 942 Christum,
1108 850 1189 928 Deo
1209 875 1309 925 εεεε·
1412 845 1463 923 Si
1480 849 1577 924 enim
1601 848 1714 927 unius
1737 849 1869 930 delicto
1890 881 1991 938 mors
2016 867 2203 965 regnavit,
2233 895 2300 976 per

283 962 284 1009 l
344 975 462 1058 panto
509 959 569 1034 Sic
587 959 696 1031 etiam
717 959 809 1030 illud
833 957 1071 1049 intelligatur,
1096 955 1230 1030 Sumus
1251 956 1309 1029 in·
1755 983 1870 1032 unum
1894 972 1957 1045 alc.

283 1144 284 1157 χ
343 1067 380 1136 sti
399 1065 480 1144 lide.
512 1063 645 1148 idest,
676 1060 887 1133 correlative
907 1083 1030 1130 snmus
1054 1059 1139 1132 iusti
1164 1071 1310 1152 propter

342 1161 527 1251 Christum,
553 1185 659 1258 qoem
685 1164 757 1235 fide
778 1158 1000 1256 apprehendi
1026 1175 1177 1254 oportet.
1228 1160 1308 1232 Hoc

340 1266 657 1339 nodoconsrientia
672 1266 778 1336 discit
798 1266 931 1336 intueri
950 1265 1119 1350 verbnm,
1144 1277 1180 1336 et
1201 1258 1308 1336 habet

339 1371 456 1440 finam
479 1368 780 1454 consolationem,
810 1367 896 1462 quia
927 1368 990 1437 illa
1014 1364 1146 1458 gratia,
1180 1366 1219 1436 id
1243 1379 1307 1454 εει,

283 1522 284 1527 ,
338 1471 483 1542 voluntas
501 1467 593 1552 Dei,
624 1483 808 1564 acceptans
837 1484 984 1564 propter
1010 1465 1214 1554 Christum,
1255 1481 1307 1540 est

338 1573 497 1666 proposita
518 1574 560 1643 in
574 1573 697 1646 verbo.
744 1568 881 1666 Estque
901 1572 1085 1643 sciendum
1107 1571 1158 1642 ita
1186 1569 1306 1640 effica-

337 1699 394 1746 esn
421 1697 494 1746 esse
524 1673 701 1768 Spiritum
733 1688 911 1759 sanctum,
944 1697 1026 1746 cnm
1053 1666 1124 1744 hoc
1156 1673 1305 1743 verbum

336 1769 627 1870 apprehendimus.
680 1773 861 1848 Hactenus
877 1778 923 1847 de
939 1775 1115 1846 vocabulo
1136 1774 1280 1865 gratiae.

417 1893 552 1969 Paulus
568 1893 689 1968 addit:
715 1893 861 1967 Donum
874 1894 1121 1988 pergratiam,
1146 1907 1306 1987 quaeest

335 1993 457 2070 Christi.
511 1995 626 2069 Docet
653 1996 750 2066 enim
773 1999 930 2078 donum,
963 1998 1000 2066 id
1025 2010 1095 2080 est,
1128 1994 1303 2087 Spiritum

283 2104 289 2197 l
335 2113 469 2172 sanctum
485 2114 521 2172 ει
539 2101 650 2173 vitam
667 2113 847 2170 aeternam
862 2097 940 2169 dari
954 2111 1100 2192 propter
1107 2093 1305 2182 Christum,

285 2202 289 2211 '
334 2203 405 2274 sicut
421 2201 509 2274 alibi
534 2203 708 2296 scriptum
735 2215 804 2272 est:
838 2198 1002 2272 Gratiam
1024 2225 1089 2292 pro
1112 2200 1242 2289 gratia,
1264 2201 1302 2271 id

336 2315 389 2389 est,
411 2325 477 2374 nos
490 2302 675 2398 placemus
697 2325 773 2374 non
797 2318 946 2397 propter
964 2325 1051 2388 nos,
1076 2305 1135 2372 sed
1159 2317 1304 2396 propte·

284 2414 290 2515 Ι
337 2427 399 2495 res,
422 2407 507 2500 qnia
530 2406 651 2500 ploret
673 2403 780 2477 filius.
833 2403 924 2477 Item
946 2406 991 2477 ad
1014 2399 1164 2498 Ephes.:
1191 2401 1303 2478 Acce·

335 2520 392 2598 ptat
403 2530 467 2580 nos
483 2509 527 2586 in
545 2508 623 2580 tilio
640 2507 785 2579 dilecto.

1462 1105 1512 1182 Ut
1532 1121 1634 1183 antea
1654 1126 1836 1206 peceatum
1860 1131 1896 1192 ει
1917 1121 2065 1212 gratiam
2091 1131 2263 1222 contulit,
2295 1133 2355 1210 ita.
2502 1171 2506 1178 ·

1359 1235 1456 1283 nunc
1493 1211 1637 1286 effectus
1669 1217 1826 1311 confert,
1860 1237 2012 1300 mortem
2035 1243 2071 1300 ει
2091 1233 2215 1312 vitam.
2272 1235 2353 1311 sea?

1359 1309 1535 1407 emphasis
1556 1330 1609 1389 cst
1622 1318 1662 1387 in
1677 1320 1786 1391 verbo
1813 1327 1984 1414 regnavit.
2033 1327 2137 1405 Mors
2157 1350 2277 1410 manet
2300 1338 2346 1410 in·

1357 1416 1601 1500 sanctificatis,
1623 1421 1684 1491 sed
1700 1445 1774 1493 non
1790 1437 1914 1516 regnat
1938 1428 1977 1499 in
2001 1429 2069 1516 eis,
2096 1437 2228 1520 idest,
2261 1461 2346 1515 ssn·

1357 1518 1500 1592 ctificati
1529 1519 1677 1594 vineunt
1702 1523 1771 1596 lide
1799 1540 1952 1601 terrores
1986 1537 2121 1624 peccati
2152 1553 2187 1610 et
2206 1543 2344 1616 mortis.

1358 1617 1470 1710 Item,
1502 1621 1704 1698 liberantur
1723 1628 1769 1698 ab
1791 1642 1934 1704 aeterna
1957 1649 2086 1713 morte.
2136 1637 2246 1730 ltem,
2278 1639 2345 1718 hs·

1356 1725 1442 1797 bent
1476 1725 1757 1798 consolationem
1792 1729 1831 1800 in
1869 1733 2129 1812 calamitatibus
2165 1721 2344 1822 huminis.

1355 1824 1445 1896 Nam
1463 1827 1698 1920 appellatione
1715 1832 1840 1902 mortis
1862 1836 1968 1908 etiam
1984 1851 2139 1914 caeterae
2160 1844 2354 1925 catanien.

1356 1941 1406 1998 tes
1423 1923 1571 1998 humani
1587 1933 1725 2020 generis
1747 1934 1898 2027 intelligi
1915 1938 2057 2014 debent.
2105 1942 2191 2017 Ideo
2214 1948 2345 2024 diserte

1355 2024 1416 2100 hic
1437 2031 1507 2112 ait,
1540 2030 1642 2104 Mors
1666 2037 1846 2127 regnavit,
1882 2039 1920 2109 id
1945 2057 2015 2131 est,
2050 2041 2157 2138 lmpii
2181 2069 2345 2124 sursum·

1355 2133 1446 2204 bunt
1463 2135 1661 2206 terroribus
1676 2139 1809 2229 peccati
1826 2153 1861 2210 et
1875 2143 2020 2227 mortis,
2045 2169 2120 2220 non
2146 2149 2345 2228 liberantur

1356 2258 1375 2305 a
1404 2248 1521 2307 morte
1550 2251 1713 2323 aeterna,
1745 2265 1819 2312 non
1849 2238 1985 2316 habent
2004 2249 2283 2326 consolationem
2304 2259 2345 2328 in

1354 2339 1494 2426 magnis
1514 2337 1788 2431 afflictionibus,
1809 2342 1901 2418 sicut
1930 2343 2038 2432 Saul,
2067 2347 2178 2437 Cato,
2204 2360 2345 2431 consci-

1353 2453 1458 2559 scunt
1473 2441 1544 2512 sibi
1559 2455 1724 2520 mortem.

1456 2571 1522 2648 Est
1550 2590 1585 2649 et
1621 2574 1801 2674 emphasis
1832 2585 2110 2678 consideranda,
2152 2595 2249 2690 quod
2277 2597 2344 2674 ait:

411 2691 467 2768 Et
487 2716 572 2768 m
593 2693 690 2768 m,
709 2713 776 2794 p„
796 2715 910 2764 mmm
930 2700 1117 2793 'mmm
1139 2699 1202 2770 m·
1312 2694 1318 2714 ⁴
1354 2675 1501 2786 Quanto
1519 2679 1854 2776 magiaaccipientes
1872 2689 2114 2764 excellentiam
2130 2695 2263 2786 gratiae
2279 2713 2346 2780 etc,

1354 2777 1466 2871 Urget
1489 2782 1585 2854 enim
1610 2784 1957 2875 dissimilitudinem,
1992 2794 2036 2862 de
2068 2818 2136 2889 qna
2157 2820 2264 2891 supra
2289 2805 2347 2873 di·

1353 2895 1450 2952 ctum
1486 2897 1557 2958 est:
1606 2883 1768 2958 Gratiam
1803 2893 2056 2986 potentiorem,
2076 2918 2150 2970 esse
2189 2917 2343 2995 peceato,

1353 2979 1422 3056 boc
1443 3001 1617 3080 quantum
1635 2990 1763 3094 referat
1786 2991 1958 3066 inculcari
1981 3017 2088 3091 snpra
2102 3001 2287 3083 admonui.
2310 3047 2314 3056 ·

287 2844 294 2933 l
411 2824 546 2905 Oratio
572 2829 612 2900 in
632 2841 731 2902 textu
755 2829 805 2900 sic
832 2827 971 2902 absolvi
994 2841 1126 2921 potest:
1153 2825 1202 2900 Et
1226 2851 1303 2898 non

334 2932 368 3002 sic
384 2955 419 3004 se
440 2929 553 3006 babet
575 2932 731 3017 donum,
765 2931 858 3002 sicut
881 2944 1086 3025 peccatum,
1119 2933 1215 3026 quod
1240 2953 1304 3021 per

334 3059 422 3106 unum
443 3047 653 3129 peccantem
675 3033 834 3128 perdidit
858 3028 1035 3108 homines.
1094 3030 1199 3104 Hanc
1219 3056 1301 3103 sen·

335 3137 455 3208 tentiam
478 3135 762 3232 prudentissime
782 3147 819 3206 et
842 3135 1042 3206 necessario
1064 3133 1302 3207 adiecitl’au-
1454 3117 1596 3194 Deinde
1616 3125 1955 3221 ὅθιῑῑῑῑῦῑῐθΡθῑῖῑῑθ
1972 3132 2193 3224 ⁰⁰¹l³ll⁰¹¹i⁸s
2218 3140 2257 3212 3¹¹
2274 3165 2345 3240 qut
2467 3219 2472 3228 ,

335 3237 389 3320 tm,
422 3236 1011 3312 „1menandiffimttitudtmm
1039 3239 1140 3329 „gni
1169 3237 1303 3329 peccati
1353 3224 1555 3314 superiores
1576 3229 1771 3300 sentcntiae
1796 3233 2052 3324 propemodum
2077 3237 2204 3310 iisdem
2226 3245 2345 3320 verbis

336 3342 457 3432 etregni
472 3341 632 3433 gratiae,
656 3363 698 3410 ae
717 3340 821 3412 docet
836 3334 930 3410 hanc
945 3362 1020 3410 esse
1037 3339 1301 3412 dissimilitudi·
1354 3324 1590 3402 inculctnlur·
1643 3327 1714 3401 Ubi
1737 3331 1893 3422 primum
1920 3329 1989 3406 hoc
2005 3355 2251 3428 argumentum
2268 3349 2344 3420 'ob-

336 3465 412 3530 rm,
433 3446 532 3539 qnod
550 3441 664 3535 gratia
680 3440 728 3513 sit
742 3440 888 3515 uberior
902 3455 937 3515 et
952 3443 1132 3535 potentior
1148 3456 1301 3535 peccato.
1352 3430 1568 3501 ‘mendum
1591 3443 1645 3503 est
1666 3433 1711 3504 ds
1737 3449 1880 3527 peccato
1905 3437 2066 3528 originis.
2125 3440 2221 3534 Quit
2244 3449 2342 3525 enim

289 3583 293 3630 :
336 3540 414 3617 Hanc
432 3545 768 3619 dissimilitudinem
792 3568 931 3616 necesse
962 3558 1013 3617 εει
1035 3546 1203 3638 proponi.
1261 3544 1302 3617 Si
1352 3530 1447 3603 ‘1³10
1483 3531 1589 3619 dicii,
1624 3530 1739 3607 Uultu
1771 3552 1912 3627 peccalo
1941 3565 2064 3615 omnes
2085 3548 2342 3627 condemnatos

336 3649 408 3719 mim
424 3672 548 3742 parem
573 3642 745 3721 haberent
760 3648 955 3741 potentiam
971 3661 1151 3740 peceatum
1172 3660 1208 3721 eq
1220 3669 1301 3738 gn.
1353 3657 1446 3721 esse,
1470 3631 1618 3707 Necesse
1640 3651 1692 3708 est
1713 3638 1802 3711 alios
1825 3664 1906 3711 rcus
1929 3655 1961 3714 ct
1983 3636 2342 3739 condemnatos'esse,

336 3750 383 3833 lig,
411 3751 596 3847 quomodo
628 3750 866 3833 ulvargmur,
898 3749 928 3821 gi
959 3764 1141 3843 peceatum
1169 3750 1302 3843 pariter
1353 3744 2151 3832 110sslaniumproplerproptlumtielltlllm,
2175 3754 2236 3823 sed
2253 3755 2342 3826 fill&-

337 3852 519 3925 dannaret?
575 3848 697 3943 Quare
718 3852 933 3924 conscientia
957 3851 1043 3923 sciat
1064 3852 1215 3941 gratiam
1236 3875 1302 3944 po·
1354 3862 1460 3957 mini’
1475 3839 1619 3957 ‘Scilicet
1637 3838 1749 3919 Adae·
1800 3838 1867 3915 Est
1889 3868 1974 3938 erto
1996 3848 2141 3943 aliquod
2158 3870 2341 3945 peccatum

337 3956 498 4027 tectiorem
521 3974 613 4029 esse.
674 3951 856 4038 Primum,
896 3951 980 4047 quia
1011 3954 1132 4025 abolet
1159 3966 1299 4046 peccata
1352 3962 1517 4031 origines.

285 4165 290 4174 Ι
337 4057 518 4177 remissione
545 4069 789 4174 pcccatorum,
820 4068 856 4127 et
874 4054 1110 4176 imputatione
1131 4053 1302 4139 iustitiae,
1454 4070 1562 4162 Quod
1588 4076 1725 4171 inquit,
1747 4078 1924 4152 iusticiam
1949 4087 2137 4177 pervenire
2152 4088 2196 4160 ad
2216 4116 2340 4166 omn„

284 4187 289 4196 ·
338 4180 388 4249 qua
399 4172 638 4278 imputatione
661 4180 784 4227 sumus
806 4172 1190 4277 aceept¹‚·q¹¹³⁰q¹¹²{1¹
1214 4152 1300 4229 ΜΘ·
1353 4168 1535 4263 homines,
1559 4194 1707 4273 propter
1729 4182 1835 4253 unins
1852 4184 2046 4270 iusticiam,
2073 4191 2117 4261 de
2133 4196 2340 4281 promissio-

339 4276 394 4331 nat
412 4264 574 4333 innubis
597 4271 777 4351 peccatum
797 4272 831 4329 et
851 4260 1051 4336 infirmatas.
1102 4258 1243 4331 Deinde
1267 4275 1302 4331 tl
1351 4301 1399 4347 ne
1420 4300 1482 4348 seu
1504 4281 1548 4349 de
1568 4283 1937 4372 verbointelligatnr,
1972 4291 2068 4381 quod
2092 4292 2195 4363 offert
2220 4296 2340 4367 omni·

338 4360 438 4437 electu
454 4361 637 4456 potentior
652 4376 720 4447 ⁰⁵13
748 4361 831 4455 (1⁰3³
847 4361 976 4451 misti!
999 4376 1140 4455 9000210
1165 4374 1200 4433 ⁶2
1222 4362 1301 4432 dli·
1352 4380 1421 4450 bns
1449 4380 1698 4457 universaliter
1726 4386 1896 4476 gratiam,
1941 4391 2079 4462 etiamsi
2109 4416 2183 4465 non
2213 4420 2338 4472 omnes

338 4460 417 4546 bolo,
441 4480 476 4539 ει
487 4464 595 4537 affert
610 4486 740 4533 novam
760 4476 794 4533 et
818 4479 999 4536 aeternam
1014 4464 1135 4535 vitam.
1274 4547 1278 4558 ,
1352 4480 1545 4573 accipiunt.
2168 4470 2171 4477 λ

283 4645 288 4692 2
416 4600 468 4675 hc
489 4602 683 4695 diligenter
703 4601 929 4673 considerent
951 4602 1002 4696 pii
1022 4596 1117 4675 hanc
1137 4600 1301 4672 emincn·
1453 4614 1536 4687 Non
1563 4641 1688 4691 omnes
1709 4620 1912 4711 salvantur,
1938 4622 2032 4717 Ergo
2053 4650 2128 4700 non
2148 4628 2188 4699 in
2213 4656 2337 4714 omnes

283 4695 290 4804 Ι
340 4702 406 4773 tiam
426 4707 580 4797 gratiae,
613 4718 655 4775 ut
680 4718 866 4795 opponant
890 4703 1132 4794 magnitudini
1159 4702 1302 4795 peccati,
1353 4718 1452 4790 venit
1482 4718 1610 4810 gratia.
1680 4719 1912 4817 Respondeo:
1955 4724 2212 4804 Promissiones
2252 4752 2337 4815 sunt

282 4817 289 4842 ⁰
342 4816 366 4873 tt
384 4820 560 4901 opponant
585 4806 762 4895 praetenti
786 4806 996 4877 iufirmilsli·
1047 4806 1196 4882 Nullum
1219 4829 1300 4895 pec·
1352 4820 1581 4891 universales.
1642 4820 1749 4913 Quod
1784 4826 1911 4899 attinet
1940 4829 1983 4897 ad
2017 4832 2234 4908 voluntatem
2255 4836 2335 4927 Dei,

282 4929 286 4944 ·
343 4920 435 4979 satum
449 4908 649 5004 quamlibet
663 4930 831 4998 magnum
847 4908 1015 4979 anteferri
1039 4909 1143 5026 dfbtl
1157 4908 1301 5025 §filim
1351 4925 1431 4994 vult
1453 4948 1579 4994 omnes
1599 4916 1762 4997 homines
1793 4927 1908 5000 salvos
1938 4930 2025 5005 lieri.
2084 4930 2237 5034 Reliqua
2260 4964 2336 5016 nnn

344 5000 431 5094 lton,
454 5034 657 5106 quanquam
676 5008 799 5081 Sentii
813 5005 930 5081 adhuc
951 5024 1038 5081 sunl
1058 5010 1214 5094 wfirffll,
1246 5024 1301 5081 ί·-
1352 5025 1524 5095 debemus
1545 5025 1747 5121 inquirere,
1778 5042 1930 5125 utraque
1954 5032 2185 5125 praedicatio,
2211 5042 2336 5133 poeni-

344 5126 408 5181 Μ
426 5114 536 5185 sciant
563 5112 712 5203 gratiam
736 5112 937 5185 uberlortm
966 5134 1059 5198 ²⁵⁸0,
1091 5134 1201 5205 qum
1223 5112 1301 5203 1¹¹⁸·
1352 5126 1483 5199 tentiae
1498 5140 1532 5199 ει
1548 5128 1698 5219 gratiae,
1727 5142 1779 5203 est
1792 5131 2015 5210 universalis.

345 5226 558 5307 tentpropter
578 5208 775 5289 Christum.

426 5345 508 5421 ideo
536 5348 670 5421 Paulus
702 5362 885 5440 exaggerat
915 5344 1009 5419 hane
1037 5346 1301 5418 dissimilitudi-
1699 5320 1813 5405 ’Μ
1830 5314 1975 5405 emis?
2079 5334 2083 5343 '
2117 5334 2121 5341 ’
2240 5434 2245 5443 Ι
2327 5428 2334 5441 ¹

347 5466 432 5540 ιω,
455 5464 491 5523 ει
511 5452 627 5523 addit:
661 5447 841 5523 indicium
866 5472 908 5521 ex
928 5474 1004 5521 nno
1024 5450 1063 5521 in
1086 5451 1302 5520 condemna·
1459 5443 1584 5517 Gratis
1602 5458 1653 5517 est
1667 5446 1828 5517 remissio
1844 5460 2068 5540 peccatorum
2092 5464 2127 5523 et
2148 5452 2336 5547 imputatio

348 5547 477 5637 lienem,
513 5555 551 5623 id
586 5566 658 5638 est,
698 5570 815 5624 unnsn
844 5568 1025 5644 peecatum
1056 5550 1157 5623 Adae
1185 5550 1305 5623 attulit
1355 5547 1533 5634 institiae,
1564 5570 1625 5617 sen
1653 5549 1868 5641 acceptatio,
1899 5574 1989 5645 qnae
2018 5552 2057 5624 lit
2085 5574 2105 5624 a
2130 5551 2206 5625 Deo
2229 5560 2337 5649 gratia

350 5654 654 5727 animationem
676 5657 866 5726 universae
887 5654 1093 5744 posteritati.
1152 5651 1200 5725 Αι
1224 5650 1304 5744 gra·
1356 5648 1502 5744 propter
1530 5644 1727 5722 Christum.
1791 5646 1841 5721 Et
1875 5674 1956 5722 cnm
1994 5648 2061 5723 hac
2098 5658 2337 5748 acceptatione

352 5748 389 5817 tia
406 5755 516 5828 abolet
541 5758 654 5830 mnlta
682 5770 840 5848 peccata,
879 5755 1017 5841 idest,
1050 5755 1238 5845 originalia
1270 5765 1306 5827 et
1357 5752 1546 5823 coniuncta
1581 5764 1632 5825 εει
1657 5749 1812 5841 ,donatia
1845 5752 2000 5847 Spiritus
2027 5754 2140 5827 sancti
2175 5772 2209 5832 ει
2243 5759 2337 5835 vitae

353 5854 499 5947 nnita,
523 5860 678 5934 radicem
693 5873 728 5932 et
744 5860 882 5931 fructas
893 5866 961 5933 stc.
1327 5930 1333 5937 ,
1356 5869 1532 5936 sesemen

1649 6054 1656 6063 .
1766 5952 1851 6027 to*
