5825 6950
583 699 661 781 927
1182 684 1312 763 Plflia.
1336 680 1457 761 Muta
1483 680 1696 761 SCRIPTA
1717 678 2021 765 munuca
2521 698 2582 777 Μ

2616 408 2634 450 Ἶ

582 869 827 949 remissionem
849 875 1090 959 peccatorum,
1118 871 1161 934 ut
1177 857 1287 931 simol
1309 854 1375 931 hac
1391 857 1484 944 fide,
1506 879 1575 951 qna
1597 862 1607 891 ⁸
1628 883 1709 932 com
1730 882 1803 955 qna
1823 859 1910 931 idea
1931 872 2002 950 est,
2043 882 2113 955 qna
2134 859 2243 933 rimor
2259 860 2501 958 [moggum
2515 893 2579 947 m
2632 853 2633 908 t

586 975 758 1068 accipitur
777 966 959 1047 remissio,
993 963 1160 1035 incoiitur
1190 962 1284 1050 vita,
1319 975 1355 1033 et
1376 960 1425 1033 sit
1447 960 1577 1032 victrix
1629 974 1809 1034 tentamur
1835 976 1871 1036 et
1897 962 2130 1035 vivificamur·
2183 961 2253 1038 Est
2279 982 2392 1040 autem
2420 972 2582 1051 vivificatio
2633 1043 2634 1058 χ

587 1076 721 1175 peccati
748 1087 784 1145 et
806 1086 985 1143 terrorum
1006 1065 1141 1137 mortis.
1629 1065 1737 1137 altera
1771 1088 1853 1156 pars
1884 1066 2146 1150 conversionis,
2175 1069 2310 1141 scilicet
2333 1071 2437 1158 ides,
2467 1077 2507 1146 de
2526 1104 2582 1173 qm
2633 1121 2635 1156 Ι

692 1175 791 1249 Haec
809 1172 957 1244 victoria
979 1182 1031 1241 eat
1051 1167 1195 1239 initium
1210 1163 1473 1237 conformitatis
1496 1188 1577 1256 cum
1628 1167 1776 1240 dicitur:
1804 1164 1923 1238 inatus
1943 1164 2093 1240 fidesua
2108 1168 2213 1243 vivet.
2264 1170 2356 1242 Nam
2377 1173 2416 1243 in
2437 1170 2496 1247 hae
2512 1203 2583 1251 con-
2631 1223 2635 1260 ς

590 1278 852 1359 resurrectione
874 1269 1021 1348 Christi.
1069 1266 1137 1342 Est
1164 1281 1282 1341 autem
1313 1262 1399 1339 haec
1430 1266 1579 1339 victoria
1628 1270 1803 1343 solatione
1823 1269 1919 1343 lilios
1931 1268 1999 1339 Dei
2020 1268 2176 1343 vivificat
2193 1296 2273 1359 cor,
2292 1287 2345 1345 ·et
2364 1275 2424 1346 dat
2437 1276 2585 1369 Spiritum

590 1386 661 1459 lroc
676 1384 795 1477 ipsum
810 1382 849 1450 in
864 1377 988 1461 nobis,
1010 1374 1108 1468 qnod
1131 1387 1279 1443 vocatur
1301 1370 1442 1441 novitas
1462 1368 1581 1462 Spiri-
1629 1384 1804 1461 sanctum,
1816 1371 1881 1466 qni
1897 1371 2059 1444 scoendit
2073 1396 2186 1445 novos
2200 1390 2317 1447 motus
2332 1376 2371 1445 in
2387 1380 2496 1463 corde,
2508 1381 2587 1457 insta

592 1503 670 1572 rua,
702 1498 738 1557 et
759 1506 833 1555 non
854 1492 907 1551 cat
928 1491 1067 1550 tantum
1087 1474 1255 1565 cogitatio
1276 1469 1454 1555 humana,
1489 1472 1583 1543 sicut
1630 1475 1787 1547 dictum:
1815 1472 2009 1567 accepistis
2035 1474 2201 1567 spiritum
2225 1478 2426 1570 adoptionis
2455 1481 2586 1556 tiliorum

594 1586 781 1679 diligentia
802 1582 947 1674 regendi
972 1576 1197 1671 disciplinam
1221 1576 1260 1645 in
1287 1572 1489 1667 Pomponio
1512 1570 1583 1647 At·
1629 1578 1840 1649 clamantem
1859 1576 1965 1647 Abba
1987 1574 2105 1653 Pater.
2159 1575 2266 1651 ltem:
2294 1578 2484 1653 Effundam
2502 1608 2587 1677 super

594 1694 683 1764 tico:
720 1689 782 1761 scd
816 1686 892 1780 ipae
919 1682 1014 1754 filins
1043 1678 1110 1751 Dei
1138 1693 1191 1752 est
1219 1678 1344 1749 efficax
1371 1702 1436 1770 per
1459 1699 1582 1751 vocem
1629 1682 1778 1752 domam
1805 1678 1922 1749 David
1953 1680 2118 1772 spiritum
2148 1681 2283 1773 gratiae
2304 1697 2338 1755 et
2360 1706 2507 1774 meeum.
2549 1686 2586 1759 lli

594 1788 785 1881 Evangelii
805 1788 844 1857 in
868 1786 1037 1859 cordibus
1066 1782 1304 1874 credentium,
1345 1792 1380 1851 et
1409 1780 1494 1853 facit
1524 1801 1583 1850 ees
1632 1796 1750 1855 motus
1764 1781 1984 1855 dicuntnret
1999 1797 2084 1854 sunt
2100 1806 2193 1855 nova
2208 1785 2422 1861 ohedientia.

596 1918 678 1970 auae
695 1888 945 1964 resurrectioni
963 1886 1181 1970 conformes,
1202 1908 1285 1955 cnm
1302 1882 1456 1954 vivificat
1473 1904 1532 1955 eos
1547 1895 1584 1953 ct
1735 1881 1832 1955 Haec
1856 1883 1999 1959 collatio
2021 1885 2277 1960 vocabulorum
2299 1888 2527 1979 poenitentiae
2540 1910 2588 1962 sen

471 1986 474 1993 ¹
595 1990 747 2070 retrahit
765 2017 807 2064 ex
824 1992 1009 2064 doloribus
1030 1988 1246 2071 inferorum,
1271 2008 1312 2057 ac
1327 1984 1434 2057 simul
1452 1986 1513 2057 dat
1532 1984 1584 2055 eia
1633 1987 1877 2059 conversionis
1903 2000 1954 2057 est
1986 1988 2085 2059 utilis
2115 1990 2252 2083 populo
2278 2003 2403 2063 contra
2433 1992 2590 2085 anabapti-

2631 1323 2635 1363 l

2631 1425 2635 1436 t

2632 1549 2634 1564 l

2632 1633 2634 1647 l

2631 1955 2635 1974 l

2631 2037 2636 2077 l

596 2098 771 2191 Spiritum
796 2105 976 2179 sanctum,
1000 2091 1064 2187 qui
1084 2088 1244 2161 accendit
1264 2112 1379 2159 novos
1402 2101 1521 2160 motus
1544 2086 1584 2155 in
1632 2090 1719 2162 stica
1742 2103 1778 2160 et
1799 2089 1929 2159 similia
1953 2088 2200 2167 deliramenta.
2258 2088 2307 2165 Et
2338 2115 2472 2185 semper
2500 2094 2588 2167 sitin
2633 2145 2635 2177 2

597 2202 649 2275 eis
670 2208 904 2290 congruentes
934 2219 1015 2268 cnm
1036 2190 1114 2266 Deo
1121 2243 1134 2279 ,
1176 2192 1314 2279 idest,
1351 2190 1523 2262 laetitiam
1549 2200 1587 2259 et
1634 2204 1823 2285 conspectu
1839 2215 1945 2278 vera,
1969 2191 2119 2287 simplex
2135 2207 2172 2264 et
2193 2196 2379 2289 perspicua
2394 2196 2589 2267 doctrinale
2632 2242 2636 2280 z

598 2326 756 2377 amorem
785 2320 866 2391 erga
896 2294 1025 2372 Deum.
1078 2294 1133 2369 lta
1161 2292 1318 2367 vincitur
1339 2306 1521 2386 peccatum
1545 2291 1585 2362 in
1635 2294 1876 2389 poenitentia,
1909 2318 1972 2365 seu
1997 2296 2250 2384 conversione,
2290 2311 2327 2368 et
2357 2311 2545 2370 exerceatur
2560 2300 2588 2367 in
2633 2347 2635 2382 2

598 2402 908 2498 nobispersrlium
924 2396 1016 2482 Dei,
1042 2412 1082 2472 ut
1095 2410 1133 2469 et
1153 2396 1228 2491 ipse
1252 2396 1386 2491 inquit:
1412 2390 1489 2486 ligo
1507 2417 1585 2464 snm
1635 2396 1844 2493 quotidiana
1860 2396 2104 2483 invocatione,
2128 2399 2223 2470 sicut
2237 2402 2367 2472 docem
2381 2398 2590 2472 Psalmi2De
2633 2473 2635 2482 ,

599 2508 702 2593 vitia,
726 2530 788 2577 vos
799 2504 981 2599 palmites,
1005 2500 1070 2595 qni
1087 2514 1205 2574 manet
1220 2498 1258 2569 in
1274 2512 1457 2587 meetego
1476 2498 1514 2567 in
1531 2520 1588 2586 eo,
1636 2501 1793 2571 minene
1810 2500 1984 2570 inforare
2007 2511 2068 2569 tno
2091 2523 2218 2591 arguas
2235 2524 2304 2577 me.
2358 2500 2522 2573 Miserere
2539 2501 2591 2571 mei

599 2610 689 2683 feret
710 2610 865 2680 fructum
889 2605 1062 2684 multum,
1096 2601 1179 2698 quia
1200 2602 1278 2673 sine
1293 2625 1350 2671 me
1370 2595 1464 2671 nihil
1488 2611 1589 2693 pote-
1636 2600 1744 2675 Deus,
1795 2597 1844 2674 Et
1866 2603 1911 2673 de
1930 2602 2137 2694 profundis:
2163 2603 2276 2697 quiet
2290 2604 2592 2677 demestilicatione

601 2714 663 2785 stis
679 2713 793 2783 facere
809 2722 874 2781 etc.
924 2706 962 2778 2.
978 2700 1143 2776 Corinth.
1159 2700 1234 2781 15.:
1262 2698 1500 2787 Gentianae,
1524 2700 1588 2796 qui
1638 2706 1738 2777 etde
1760 2704 1997 2776 vivificatione
2020 2704 2240 2801 lequuntur,
2279 2708 2326 2781 de
2351 2707 2479 2804 qasibua
2499 2719 2531 2778 et
2550 2702 2592 2777 hic
2635 2783 2636 2786 ,

602 2818 663 2887 dat
682 2812 786 2885 nohis
800 2809 984 2883 victoriam
1002 2830 1066 2902 per
1085 2804 1281 2879 Dominum
1297 2820 1460 2879 nostrum
1471 2803 1589 2877 lesum
1639 2806 1771 2881 Paulus
1797 2807 1968 2901 loquitur.

601 2912 799 2990 Christum.
1738 2906 1849 2982 Recte
1863 2909 2109 3001 intelligantur
2128 2906 2349 3004 etphrases:
2386 2908 2491 2989 vetos
2509 2906 2592 2985 homo

706 3016 804 3087 ldem
832 3012 981 3099 dicitur,
1013 3034 1094 3084 cum
1124 3010 1170 3081 ab
1201 3010 1282 3081 aliis
1304 3011 1456 3097 dicitnr,
1496 3033 1589 3082 nova
1640 3024 1674 3083 et
1698 3035 1813 3083 novos
1834 3006 1966 3103 homo,
1992 3009 2085 3088 Caro
2105 3026 2141 3086 ct
2161 3012 2332 3107 Spiritus.
2383 3013 2492 3089 Vetus
2510 3010 2592 3087 hono

604 3117 806 3194 ohedientia
830 3116 1058 3188 eatretinere
1080 3123 1183 3185 antea
1214 3115 1381 3185 donatam
1409 3112 1590 3183 remissio·
1638 3113 1905 3205 significat-non
1930 3126 2068 3185 tantum
2089 3129 2225 3209 partem
2247 3111 2424 3203 hominis,
2446 3132 2592 3191 smsnset
2635 3166 2636 3194 ,

604 3248 686 3295 nem
711 3236 746 3293 et
769 3218 1112 3302 reconciliationem,
1160 3215 1334 3308 Spiritum
1366 3228 1528 3287 sanctum
1555 3227 1592 3285 et
1641 3216 1877 3308 appetitiones
1899 3238 2087 3303 senstmm,
2112 3220 2175 3289 sad
2197 3218 2307 3293 etiam
2321 3218 2589 3293 rationemetvo

604 3328 721 3397 fidem.
773 3322 827 3394 Ac
850 3334 923 3393 tota
948 3344 1005 3393 res
1031 3320 1070 3390 fit
1093 3320 1296 3412 perspicua,
1336 3318 1367 3388 si
1389 3318 1592 3391 conferatur
1639 3321 1832 3391 lontatem:
1872 3342 1937 3391 nec
1957 3318 2075 3393 solum
2094 3321 2334 3413 appetitiones
2363 3345 2522 3395 sensuum
2545 3346 2594 3414 pe-
2635 3363 2636 3383 κ

507 3448 511 3461 “
605 3424 676 3500 hnc
699 3425 862 3499 doctrina
885 3425 930 3496 de
956 3420 1175 3518 poenitentia
1197 3444 1258 3492 seu
1278 3420 1510 3495 conversione
1518 3470 1531 3507 ,
1558 3432 1592 3492 et
1641 3434 1752 3516 goant
1772 3443 1852 3494 cnm
1876 3422 1952 3513 lege
1973 3418 2040 3494 Dei
2048 3472 2061 3509 ,
2101 3423 2295 3497 sedetiam
2326 3424 2368 3496 iu
2397 3426 2527 3498 ratione
2549 3448 2594 3498 seu
2636 3490 2637 3501 ,

605 3547 657 3604 est
679 3531 767 3603 utile
784 3530 823 3599 in
840 3527 1014 3599 doctrinis
1036 3523 1180 3617 videre,
1204 3524 1267 3598 uhi
1291 3547 1349 3595 res
1372 3525 1515 3596 eaedem
1534 3521 1593 3593 di·
1641 3539 1742 3619 parte
1762 3524 1937 3615 cogitante
1959 3538 2043 3596 sunt
2066 3525 2244 3616 ignoratio
2265 3524 2358 3613 Dei,
2386 3530 2596 3602 dubitationes
2636 3576 2637 3601 2

606 3634 717 3705 versis
738 3631 920 3702 vocabulis
942 3628 1194 3715 nominentur,
1231 3651 1278 3698 ne
1302 3627 1436 3699 incauti
1457 3648 1513 3696 res
1533 3624 1594 3694 di·
1641 3632 1687 3700 de
1712 3627 1952 3720 providentia,
1983 3628 2159 3718 ignoratio
2180 3627 2357 3721 Messiae,
2383 3644 2420 3704 et
2441 3631 2595 3718 multiplea
2636 3672 2637 3693 i

607 3759 724 3807 versas
743 3735 914 3826 cogitent:
940 3732 1032 3804 sicut
1047 3728 1319 3824 Anabaptistae,
1346 3728 1594 3800 eumaudiont
1642 3731 1764 3821 caligo.
1821 3728 1961 3802 Deinde
1979 3731 2019 3801 in
2045 3731 2228 3806 voluntate
2254 3747 2309 3806 est
2331 3734 2470 3808 armaio
2490 3757 2509 3804 a
2529 3731 2597 3806 Dee.
2636 3782 2637 3806 ι

607 3833 694 3910 haec
708 3837 900 3922 vocabula,
924 3833 1233 3906 mortificationem
1255 3845 1290 3903 et
1304 3831 1594 3910 vivificationem,
1643 3831 1820 3906 Voluntas
1833 3846 1887 3904 est
1900 3834 1977 3903 sine
1991 3833 2120 3904 timore
2135 3831 2224 3922 Dei,
2239 3835 2318 3906 sine
2334 3860 2471 3921 amore,
2485 3835 2597 3918 iducis,
2636 3874 2637 3905 2

605 3943 746 4032 fingunt
761 3962 818 4010 res
828 3938 1016 4009 diversasa
1034 3936 1252 4028 poenitentia
1267 3958 1328 4007 seu
1343 3933 1592 4006 conversione:
1642 3959 1723 4029 spe,
1737 3936 1814 4004 sine
1829 3934 1962 4006 laetitia
1978 3935 2017 4006 in
2030 3932 2126 4023 Dee,
2150 3950 2263 4018 amat,
2286 3939 2369 4013 odit
2381 3955 2500 4012 emera
2514 3962 2595 4008 man·

606 4057 727 4138 postea
759 4041 1079 4113 comminiscuntur
1107 4037 1415 4111 mortificationem
1448 4057 1523 4106 esse
1545 4033 1596 4104 si·
1643 4043 1724 4110 data
1742 4037 1825 4110 Dei:
1845 4032 1931 4138 haec
1945 4037 2031 4110 vitia
2048 4038 2186 4111 suntin
2201 4041 2386 4130 superiore
2401 4054 2507 4134 parte.
2529 4040 2594 4110 ldeo

608 4146 760 4217 mulatos
787 4157 905 4236 gestus
933 4138 1165 4226 humilitatis,
1210 4153 1427 4212 contemtum
1456 4134 1595 4210 ordinis
1642 4140 1777 4213 Paulus
1799 4141 2002 4211 describens
2024 4135 2207 4214 hominem
2234 4143 2315 4214 aine
2337 4143 2474 4237 Spiritu
2500 4154 2596 4215 uncto

608 4247 772 4341 politici,
830 4244 1013 4338 coniugii,
1065 4267 1185 4314 rerum
1225 4238 1596 4326 communicationem,
1647 4248 1679 4319 1.
1693 4236 1856 4316 Corinth
1874 4243 1911 4315 2.
1935 4243 2069 4336 inquit:
2104 4240 2281 4316 Animalia
2295 4241 2406 4320 Ιισσιο
2422 4243 2597 4336 nonperti·

610 4345 816 4448 ἀστοργίαν
849 4363 915 4423 etc.
965 4343 1105 4418 Deinde
1142 4344 1418 4416 vivificationem
1456 4344 1597 4436 dogunt
1645 4347 1700 4439 pit
1714 4368 1773 4428 ea,
1800 4367 1891 4438 quae
1906 4359 1991 4417 sunt
2006 4345 2152 4438 spiritus
2169 4345 2248 4421 Dei.
2297 4345 2353 4420 Ac
2370 4364 2483 4424 tntum
2502 4343 2596 4418 homi·

610 4476 693 4526 suas
756 4452 877 4522 sedam
898 4448 1181 4521 illuminationes
1194 4461 1228 4518 et
1244 4437 1442 4528 ἐκστάσεις.
1645 4473 1726 4519 nem
1758 4471 1831 4516 oon
1863 4461 2028 4517 renatum
2058 4449 2168 4518 verbo
2192 4463 2228 4520 et
2258 4449 2414 4541 spiritu,
2463 4449 2598 4522 nominat

706 4477 766 4626 Ἧι·
789 4549 845 4624 hia
860 4553 1021 4624 fanaticis
1044 4549 1357 4642 imaginationibus
1372 4548 1506 4620 Paulos
1522 4548 1597 4637 ipsc
1644 4544 1824 4646 ψυχικὸν,
1846 4549 1942 4623 sicut
1958 4549 2046 4622 aliti
2066 4563 2184 4624 toturn
2203 4547 2301 4626 hone
2316 4548 2496 4628 huminem
2508 4549 2599 4624 nomi·

609 4668 816 4753 praemonet
843 4649 1032 4748 homines,
1073 4666 1114 4724 ut
1137 4653 1331 4745 prudenter
1353 4651 1512 4724 iudicent
1533 4650 1596 4721 illa
1645 4666 1707 4724 nat
1727 4649 1893 4725 Carnem.

494 4753 506 4772 '
610 4759 758 4852 grandia
783 4759 890 4828 rerba
907 4772 939 4829 et
955 4755 1216 4828 simulationem
1236 4755 1451 4839 sanctitatis,
1475 4777 1520 4824 ne
1533 4755 1596 4822 de-
1745 4753 1869 4825 Novns
1886 4748 2162 4842 homodicitnr,
2186 4769 2362 4849 meteone
2375 4753 2479 4828 hahet
2495 4775 2597 4826 novam

611 4863 801 4955 cipiantur.
850 4857 926 4933 Nos
948 4859 1131 4953 loquimur
1154 4860 1199 4928 de
1221 4860 1328 4928 rehns
1349 4858 1443 4928 notis
1465 4851 1597 4954 io'Ec·
1643 4858 1781 4942 lacem,
1814 4879 1856 4930 ac
1876 4877 1991 4926 novos
2016 4870 2135 4930 motus
2153 4881 2319 4930 accensos
2341 4885 2404 4953 per
2425 4862 2599 4931 verbumst

611 4963 717 5036 cleaia
743 4976 779 5035 et
804 4963 844 5032 in
865 4961 1038 5033 exercitiis
1055 4960 1210 5052 piorum.
1259 4958 1338 5031 Hoc
1355 4959 1451 5053 quod
1468 4957 1597 5028 usitate
1644 4958 1820 5051 Spiritum
1853 4970 2044 5041 sanctam,
2104 4961 2270 5035 videlieet
2313 4963 2523 5054 agnitionem
2546 4954 2597 5030 Dei

611 5065 822 5138 nominatur
836 5064 1024 5144 contritio,
1050 5065 1088 5134 id
1102 5061 1161 5135 hic
1174 5065 1384 5136 nominatur
1398 5057 1596 5132 Mortifica-
1646 5075 1680 5132 et
1702 5057 1851 5130 Domini
1881 5059 1993 5131 nostri
2018 5059 2098 5133 lesu
2118 5059 2272 5146 Christi,
2313 5079 2431 5142 veram
2461 5051 2555 5136 iden
2571 5071 2597 5128 el

612 5170 681 5255 tio,
705 5167 926 5258 etsignilicat
942 5189 1043 5236 veros
1058 5189 1204 5258 pavores
1220 5180 1254 5237 et
1267 5166 1409 5235 dolores
1431 5162 1471 5232 in
1490 5161 1597 5232 corde
1642 5163 1811 5236 fiduciam
1834 5163 1874 5232 in
1898 5157 2100 5247 Christum,
2131 5165 2296 5238 timorem
2315 5163 2401 5251 Dei,
2430 5163 2597 5238 invocatio·

614 5284 824 5362 agnoscente
839 5269 928 5340 iram
946 5266 1014 5341 Dei
1031 5271 1199 5340 advenas
1222 5282 1380 5361 prorata,
1406 5263 1597 5359 dequibus
1646 5291 1749 5352 um,
1789 5264 2038 5350 dilectionem,
2076 5267 2247 5340 laetitiam
2278 5271 2544 5364 acquiescentem
2570 5264 2598 5330 iu

606 5373 798 5446 'doloribus
812 5371 1024 5442 dictumest:
1052 5370 1152 5442 Sicut
1163 5371 1220 5438 leo
1234 5369 1401 5440 contrivit
1416 5391 1494 5438 ossa
1507 5389 1597 5440 mec
1646 5366 1744 5455 Deo,
1781 5391 1881 5460 φασι
1901 5381 1937 5439 et
1963 5368 2055 5438 alios
2076 5385 2194 5443 motus
2214 5367 2372 5460 Spiritus
2396 5372 2515 5444 nocti.
2556 5363 2597 5434 Dt

611 5471 661 5547 Et
676 5476 715 5546 in
731 5475 794 5546 tali
816 5473 1087 5545 mortificatione
1108 5486 1217 5541 ramat
1241 5467 1405 5543 homines
1425 5471 1465 5540 in
1482 5482 1599 5540 aeter·
1645 5467 1713 5544 hac
1726 5471 1883 5542 novitate
1896 5469 2057 5564 loquitur
2068 5468 2203 5544 Paulus
2215 5476 2252 5546 2.
2262 5468 2426 5548 Corinth
2438 5475 2492 5544 λε
2514 5468 2598 5542 Nune

611 5601 698 5649 nnm
722 5577 888 5667 exitium,
921 5576 1011 5646 sicut
1033 5572 1121 5646 Saul
1143 5587 1177 5645 et
1206 5571 1330 5662 ludas,
1356 5573 1501 5668 quando
1521 5593 1597 5643 uon
1644 5587 1775 5645 retecta
1797 5573 1886 5642 facie
1908 5573 2059 5661 gloriam
2082 5570 2231 5646 Domini
2250 5575 2445 5660 innuentes,
2476 5576 2510 5645 io
2529 5591 2596 5640 ean·

608 5680 743 5752 accedit
769 5679 866 5752 fides.
1645 5676 1727 5748 dem
1746 5674 1938 5764 imaginem
1954 5677 2250 5748 transformamur
2264 5703 2284 5748 a
2299 5679 2434 5768 fulg-ua
2447 5677 2483 5746 in
2501 5674 2595 5760 tone

709 5781 888 5876 Loquitur
918 5788 1036 5848 antem
1069 5775 1201 5848 Paulus
1231 5779 1277 5849 de
1308 5775 1597 5860 mortificatione,
1645 5801 1741 5861 rem,
1776 5789 1945 5871 tanquam
1970 5799 1990 5846 a
2013 5775 2164 5850 Donum
2185 5781 2333 5868 spiritu,
2373 5779 2498 5863 idest,
2531 5791 2594 5842 eon

608 5905 679 5978 qua
702 5882 809 5956 morti
831 5875 966 5953 Christi
995 5881 1196 5953 conformes
1225 5903 1367 5968 sumus,
1409 5879 1596 5965 videlicet,
1645 5879 1904 5951 fidecernimns
1919 5877 2094 5969 fulgorem
2110 5882 2281 5970 Domini,
2307 5881 2481 5967 videlieet,
2498 5878 2594 5971 ἰμῠω
