5825 6950
337 684 420 759 aaa
622 636 725 766 xiu.
775 692 810 766 s.
837 688 1138 769 nuannaun
1161 688 1320 769 nerse.
1344 683 1494 766 raum
1520 683 1590 763 an
1613 682 1891 788 ttoututos.¹
1923 685 2029 762 cue.
2053 688 2119 765 ιιι.
2309 698 2385 773 ιιι

336 884 398 939 eo.
451 860 545 936 Vere
559 886 642 957 ergo
659 862 768 965 λόγος
788 865 881 937 lilius
897 862 965 937 Dei
988 866 1087 939 adest
1103 864 1140 937 in
1163 866 1340 953 credente,
1391 863 1488 949 lant,
1513 884 1668 959 qnorum
1680 862 1816 937 salsitas
1829 860 2048 952 conspicitur
2062 862 2100 937 iu
2117 862 2189 937 illis
2207 866 2291 961 ipsis
2310 876 2376 946 dn·

337 980 376 1037 et
393 980 446 1037 est
462 968 583 1041 efficax
601 992 685 1041 voce
701 969 900 1059 Evangelii.
952 966 1012 1043 Sic
1034 981 1070 1041 et
1099 972 1144 1039 ad
1161 964 1336 1060 Ephesios
1389 966 1528 1039 loribus
1548 968 1703 1058 piorum,
1759 964 1977 1039 Relntantur
1998 980 2036 1038 et
2054 968 2262 1057 Antinomi,
2293 1000 2375 1047 sen-

334 1069 447 1138 tertio
479 1070 614 1142 dictum
636 1084 705 1142 csta
735 1069 781 1145 Ut
801 1067 940 1144 'habitet
961 1066 1126 1145 Christus
1146 1094 1209 1164 per
1229 1072 1335 1143 iidem
1386 1068 1482 1141 tiunt
1504 1070 1599 1141 enim
1624 1068 1675 1160 pii
1696 1089 1735 1139 se
1754 1067 1904 1139 iudicari
1927 1069 2003 1159 lege
2025 1066 2113 1155 Dei,
2151 1076 2310 1149 sentiunt
2334 1080 2373 1151 in

333 1169 379 1241 in
399 1172 572 1243 cordibus
587 1174 723 1253 vestris,
1386 1172 1511 1263 poenis
1525 1171 1680 1269 puhlicis
1696 1183 1732 1242 ει
1744 1170 1894 1261 privatis
1913 1169 2001 1241 iram
2018 1168 2085 1241 Dei
2100 1174 2247 1261 iustam,
2280 1206 2372 1276 quae

441 1270 539 1345 llaec
568 1275 739 1379 immensa
769 1274 939 1347 beneficia
975 1276 1181 1349 mediatoris
1209 1277 1333 1350 omnia
1384 1287 1436 1345 est
1450 1275 1538 1365 legis
1552 1273 1732 1357 executio,
1749 1286 1783 1343 et
1797 1274 1953 1345 fatentur
1968 1272 2061 1343 idem
2077 1278 2174 1365 quod
2190 1274 2367 1369 Propheta

333 1374 590 1466 complectitur
600 1374 744 1465 Paulus,
755 1400 835 1459 cnm
852 1378 980 1472 inquit,
992 1377 1123 1471 Legem
1139 1380 1207 1450 hde
1222 1380 1332 1453 stabi·
1383 1375 1518 1469 inquit:
1559 1375 1709 1465 Propter
1745 1374 1968 1468 iniquitatem
2003 1376 2154 1468 corripis
2192 1373 2366 1456 homines.

334 1477 468 1563 limus,
495 1478 660 1551 videlicet
679 1494 714 1551 et
739 1480 973 1572 imputatione
995 1481 1155 1555 iusticiae
1177 1494 1211 1555 ει
1229 1506 1331 1575 prae-
1380 1475 1464 1549 Non
1490 1480 1646 1571 cogitant
1673 1478 1806 1568 legem,
1843 1477 2016 1548 indicium
2043 1474 2131 1561 Dei,
2172 1480 2262 1555 iram
2285 1484 2367 1573 Dei,

332 1579 533 1653 sentiaDei
552 1580 850 1663 incredentibus,
877 1584 993 1675 quiet
1014 1584 1054 1655 in
1080 1578 1147 1656 hac
1173 1584 1245 1656 vita
1271 1608 1329 1655 ac·
1380 1578 1503 1652 inania
1520 1580 1690 1653 vocabule
1710 1602 1795 1650 esse.

331 1682 456 1752 cendit
474 1705 605 1753 novam
619 1684 753 1770 lucem,
779 1698 813 1755 et
828 1708 940 1755 novos
955 1699 1073 1757 motus
1089 1686 1127 1755 in
1149 1688 1328 1772 cordibus,
1479 1686 1687 1755 intueamur
1714 1701 1798 1771 erqo
1827 1681 1867 1750 in
1897 1680 2048 1753 lectione
2072 1679 2224 1757 Pauline
2246 1711 2366 1759 reram

331 1798 368 1856 rt
390 1798 514 1875 postea
532 1785 716 1857 detritam
732 1802 931 1873 aeternam,
954 1788 992 1859 in
1010 1813 1079 1882 qua
1095 1789 1234 1861 iusticia
1249 1788 1328 1871 Dei,
1377 1787 1665 1870 conversionem,
1687 1806 1763 1854 nun
1779 1784 1865 1876 qnid
1880 1784 2113 1856 audacissime
2127 1786 2262 1878 lingant
2275 1786 2367 1882 Epi-

328 1886 533 1974 significate
555 1886 596 1957 in
618 1888 714 1979 lege,
756 1890 824 1961 erit
856 1889 896 1958 in
918 1890 1025 1960 nubis
1043 1891 1203 1981 integra,
1238 1917 1328 1986 qnae
1378 1887 1494 1974 curei,
1531 1888 1705 1983 quisunt
1734 1882 1946 1965 Antinomi,
1986 1910 2052 1956 ner
2078 1888 2166 1979 quid
2198 1891 2367 1964 simulent

330 1988 555 2060 describitur
569 1983 625 2061 his
641 1990 759 2063 verbis
781 1992 819 2061 iu
843 1991 936 2083 lege:
970 1990 1107 2084 Diligat
1128 1994 1326 2066 Dominum
1376 1985 1565 2077 monachi,
1603 1988 1667 2084 qui
1688 1987 1851 2061 iactitant
1875 2009 1913 2056 se
1936 1988 2005 2078 legi
2029 1988 2097 2062 Dei
2119 1992 2365 2083 obtemperare

325 2087 452 2161 Deum
483 2105 586 2163 tuum
618 2114 661 2167 ex
685 2106 759 2165 totn
789 2096 915 2179 corde,
946 2118 988 2165 er
1015 2108 1087 2169 tota
1114 2098 1233 2167 anima
1262 2112 1326 2172 ete,
1375 2094 1557 2163 autetiam
1578 2090 1795 2169 satisfacere,
1821 2091 1894 2158 imo
1914 2104 1946 2161 et
1964 2091 2137 2180 perlectos
2160 2118 2255 2173 esse,
2281 2120 2363 2165 cum

326 2190 443 2262 Acin
465 2193 674 2286 quotidiana
692 2195 916 2268 invocatione
932 2198 1090 2289 cogimus
1113 2198 1156 2267 de
1176 2194 1232 2270 his
1249 2222 1324 2269 ma·
1376 2216 1498 2264 revera
1515 2208 1650 2267 mentes
1670 2193 1743 2265 sint
1757 2186 1955 2284 Epicureae
1976 2205 2012 2263 et
2033 2192 2220 2265 derideant
2236 2190 2364 2284 Deum,

325 2294 439 2365 simis
462 2296 587 2379 rebus,
620 2298 666 2369 de
686 2298 854 2371 omuibus
876 2300 1056 2371 beneficiis
1077 2300 1143 2371 tuti
1166 2299 1233 2374 Dei
1262 2326 1324 2371 or·
1375 2308 1409 2366 et
1423 2290 1514 2367 hanc
1526 2297 1787 2368 simulationem
1803 2295 1846 2363 ad
1863 2307 2045 2386 quaestum
2060 2296 2256 2367 conferant.

326 2396 439 2482 dine,
466 2398 564 2491 quod
589 2398 716 2471 missus
738 2401 803 2483 sit,
827 2412 868 2473 nt
890 2400 1032 2491 colligat
1054 2415 1234 2473 aeternam
1255 2400 1324 2473 Ec·
1478 2397 1595 2489 Magis
1617 2412 1669 2469 eet
1697 2398 1891 2489 impudens
1914 2394 2019 2466 etiam
2046 2396 2204 2489 Cynicus
2227 2400 2265 2469 in
2286 2401 2365 2471 Au-

327 2498 496 2585 clesiam,
520 2502 618 2595 quud
643 2526 726 2572 vere
742 2502 834 2575 adsit
850 2516 885 2574 et
907 2503 1086 2575 siteifirar
1101 2529 1187 2576 vnce
1202 2500 1324 2576 Evan-
1373 2501 1491 2587 stria,
1526 2501 1590 2593 qui
1619 2522 1741 2569 recens
1774 2496 1958 2569 renovavit
1983 2496 2123 2588 scriptis
2151 2522 2288 2571 errores
2320 2504 2365 2573 de

328 2599 436 2691 gelii,
470 2602 567 2697 qnod
593 2618 737 2694 propter
757 2628 838 2676 enm
863 2618 1028 2677 aeternus
1057 2618 1158 2697 peter
1176 2608 1325 2700 recipiat
1374 2603 1605 2693 perfectione:
1638 2602 1801 2673 nominat
1838 2598 2087 2691 perfectionem
2109 2597 2366 2674 monachorum

269 2734 270 2747 ι
331 2724 420 2784 nos,
449 2703 608 2775 etsimnl
625 2706 716 2777 adsit
734 2705 913 2792 innubis,
937 2722 972 2779 et
993 2705 1079 2781 velit
1100 2709 1323 2781 nobismise-
1374 2705 1655 2789 mendicitatem,
1677 2727 1783 2798 qnam
1800 2704 1865 2773 scit
1878 2701 2070 2793 aucupium
2084 2725 2159 2773 esse
2174 2706 2362 2778 artificiose

330 2805 381 2873 ris
408 2804 582 2897 opitulari
598 2820 634 2880 et
650 2831 732 2878 vere
750 2832 813 2901 per
836 2808 951 2881 hlium
970 2811 1029 2882 det
1045 2808 1219 2901 Spiritum
1243 2832 1326 2883 san-
1374 2807 1599 2891 institutum,
1639 2830 1714 2877 non
1752 2818 1826 2877 tam
1864 2804 1909 2873 ad
1948 2806 2163 2894 pascendum
2194 2822 2366 2893 ventrem,

269 2894 270 2985 l
329 2920 448 2995 ctum,
473 2919 514 2977 nt
531 2910 704 2997 gubernet
717 2933 792 2983 nos.
850 2908 947 2982 Haec
966 2912 1134 2982 beneficia
1157 2938 1237 2983 cum
1261 2938 1324 3003 pe·
1374 2932 1482 3002 quam
1505 2909 1550 2979 ad
1576 2908 1770 2999 potentiam
1787 2908 2036 3001 quaerendam.
2086 2905 2158 2977 Sed
2176 2920 2210 2978 te
2229 2910 2281 2979 lili
2297 2908 2365 2982 Dei

331 3010 462 3095 timus,
486 3021 573 3080 tunc
595 3010 635 3084 ht
653 3008 721 3083 hoc
742 3012 838 3108 quud
853 3010 987 3085 Paulus
1011 3011 1069 3085 hic
1093 3014 1228 3107 inquit:
1254 3014 1322 3087 Le·
1372 3009 1529 3082 Domine
1544 3010 1622 3083 lesn
1646 3004 1808 3092 Christe,
1833 3007 2001 3101 quivere
2024 3006 2163 3096 colligis
2184 3023 2364 3083 aeternam

330 3134 410 3201 gem
430 3110 732 3205 uenerabilium,
758 3113 842 3210 quia
867 3107 953 3187 haec
975 3138 1055 3187 vera
1078 3116 1255 3189 invocatio
1273 3131 1324 3190 est
1374 3110 1568 3183 Ecclesiam
1585 3135 1671 3183 voce
1684 3106 1890 3200 Evangelii,
1906 3131 1991 3192 oro,
2015 3120 2055 3179 ut
2070 3109 2252 3181 veritatem
2267 3128 2365 3185 tuam

331 3214 480 3286 initium
497 3236 613 3288 novae
632 3216 870 3289 obedientiae.
1376 3216 1530 3288 illustres
1545 3228 1580 3286 et
1593 3213 1765 3305 reprimas
1781 3234 1907 3283 omncs
1922 3208 2114 3301 impiorum
2130 3213 2278 3284 furores.
2305 3214 2365 3285 Tu

434 3312 555 3387 Simul
578 3331 697 3389 autem
725 3318 918 3409 cogitemus
941 3342 1167 3391 communem
1190 3321 1324 3392 doctri·
1375 3317 1473 3389 vides
1488 3332 1620 3413 quanta
1636 3315 1680 3389 sit
1695 3328 1730 3387 et
1746 3314 1883 3400 rabies,
1904 3326 1940 3383 et
1956 3312 2114 3403 potentie
2130 3308 2286 3387 hostium
2304 3342 2365 3386 ve-

331 3440 436 3505 uam,
463 3420 560 3512 quod
576 3443 725 3512 persona
741 3422 788 3494 sit
812 3422 907 3494 iusta
928 3421 997 3492 hde
1020 3436 1165 3515 propter
1186 3424 1323 3494 media·
1375 3420 1507 3506 ritatis,
1536 3417 1591 3490 Te
1622 3418 1770 3511 supplex
1798 3418 1958 3490 obtestor
1987 3428 2132 3507 propter
2161 3428 2258 3488 tuam
2286 3420 2364 3509 glu-

331 3539 445 3592 torem
470 3521 508 3591 in
530 3517 598 3592 hac
620 3524 711 3609 vita,
743 3523 882 3595 etiamsi
910 3519 1027 3595 adhuc
1050 3539 1176 3596 natura
1202 3540 1323 3598 nostra
1376 3527 1485 3608 riam,
1508 3536 1549 3594 ut
1574 3523 1758 3595 veritatem
1774 3532 1872 3592 tuam
1894 3518 2069 3599 illustres,
2094 3531 2128 3588 et
2145 3542 2211 3592 nos
2231 3522 2364 3610 gnber-

333 3623 439 3695 ralde
454 3623 637 3696 dissimilis
650 3640 700 3698 est
716 3625 784 3716 legi
803 3625 880 3701 Dei.
933 3625 1034 3698 Hanc
1054 3627 1160 3698 fidem
1182 3629 1325 3721 praelu·
1376 3647 1455 3710 nes,
1483 3638 1519 3695 et
1539 3625 1578 3694 in
1599 3623 1706 3696 nobis
1727 3623 1897 3694 accendas
1920 3634 1955 3690 et
1975 3642 2102 3708 augeas
2118 3620 2232 3690 lucem
2256 3637 2366 3709 tuam,

333 3749 411 3798 cere
433 3739 575 3818 oportet
597 3749 712 3798 novae
742 3727 978 3802 obedientiae.
1039 3730 1184 3801 Deinde
1206 3731 1323 3802 scien·
1375 3740 1410 3800 et
1431 3726 1549 3798 deleas
1576 3724 1760 3796 mendacia
1790 3738 1825 3794 et
1846 3715 2101 3810 blasphemias,
2139 3745 2226 3815 quas
2247 3727 2365 3819 cyclo·

269 3845 270 3856 ¹
334 3831 419 3898 dum
444 3842 495 3899 est
519 3830 644 3916 etiam,
684 3830 864 3922 quomodo
886 3844 920 3903 ει
942 3831 1108 3902 ἰιιεοὲιιιε
1130 3845 1167 3903 ει
1189 3833 1324 3924 placeat
1374 3830 1452 3921 pica
1469 3823 1902 3922 prophanitatecontrate
1918 3823 2024 3896 multi
2046 3836 2084 3896 et
2103 3823 2280 3899 distentet
2301 3829 2369 3918 ⁶0¹.

333 3927 410 4002 Deu
425 3951 518 4001 nova
543 3933 742 4004 obedentia.
795 3929 981 4020 lncoatnr,
1006 3933 1089 4028 quia
1112 3957 1195 4005 vere
1219 3930 1323 4004 habi·
1374 3933 1518 4002 lendere
1540 3942 1728 4003 conantur.
2308 4002 2321 4032 ,

333 4045 382 4104 tat
407 4027 506 4103 Dens
522 4033 562 4102 in
579 4037 686 4108 corde
703 4035 899 4121 credentis,
924 4047 960 4108 et
980 4036 1094 4128 placet
1116 4032 1213 4124 Deo,
1238 4037 1323 4132 quia
1478 4031 1527 4105 Ut
1541 4046 1659 4104 antem
1676 4026 1743 4102 hoc
1759 4029 1840 4100 loco
1856 4026 1991 4100 Paulus
2005 4028 2143 4125 inquit,
2165 4029 2235 4100 fide
2251 4031 2364 4122 legem

331 4155 486 4228 persona
508 4150 655 4228 propter
677 4137 907 4207 mediatorem
933 4137 1008 4209 sola
1031 4137 1099 4208 fide
1123 4140 1257 4232 placet,
1290 4153 1324 4210 et
1375 4135 1597 4220 stabilimen,
1635 4135 1684 4205 ita
1705 4132 1824 4226 inquit
1849 4127 2043 4204 Dominus:
2075 4130 2157 4202 Non
2188 4134 2270 4204 veni
2291 4134 2365 4204 sol-

331 4235 444 4308 credit
460 4231 553 4307 hane
568 4237 681 4330 ipsam
705 4239 947 4310 obedientiam
964 4235 1041 4310 Deo
1063 4239 1223 4330 placere,
1249 4265 1324 4311 nnn
1376 4261 1455 4308 vere
1473 4239 1605 4328 legem,
1620 4239 1681 4308 sed
1697 4234 1863 4324 impure,
1890 4229 2026 4306 Graeca
2042 4228 2182 4325 phrasis
2197 4248 2248 4305 est
2261 4228 2365 4308 λύειν

334 4341 416 4434 qnia
436 4338 507 4430 legi
524 4339 730 4421 satisfaciat,
753 4343 812 4410 sed
831 4353 976 4432 propter
987 4343 1234 4428 mediatorem,
1261 4345 1324 4438 qui
1375 4333 1514 4436 νόμον,
1539 4340 1636 4432 qnod
1651 4337 1842 4430 significat,
1869 4355 1944 4404 non
1961 4350 2100 4409 tanturn
2116 4335 2284 4408 delictum
2299 4341 2365 4406 ad-

332 4455 382 4512 est
399 4462 562 4512 summus
578 4443 741 4512 sacerdos
764 4443 913 4512 adsidue
937 4467 1002 4533 pro
1025 4445 1130 4514 uobis
1152 4445 1324 4534 interpel-
1376 4443 1518 4512 mittere
1534 4453 1657 4512 contra
1671 4441 1796 4528 legem,
1821 4438 1883 4506 sed
1900 4435 2011 4526 ipsam
2025 4438 2138 4528 legem
2151 4437 2308 4523 abolere,
2323 4451 2365 4510 nt

269 4539 271 4588 ⁵
333 4545 420 4614 lans.
474 4540 690 4637 Quanquam
718 4543 827 4632 igitur
846 4558 990 4636 propter
1018 4547 1197 4636 ingentem
1223 4547 1325 4617 inlir-
1376 4567 1456 4614 cum
1472 4543 1641 4614 dicimus:
1668 4539 1795 4614 Cicero
1808 4535 1945 4609 consu
1960 4538 2117 4610 abolevit
2130 4539 2243 4626 legem
2260 4559 2364 4632 agra·

332 4647 492 4716 mitatem
508 4658 651 4716 nostrae
664 4658 811 4718 naturae
826 4646 864 4716 in
885 4642 951 4718 bac
966 4646 1057 4728 vita,
1084 4643 1169 4718 baec
1186 4649 1324 4718 incoata
1378 4646 1481 4717 riam.
1554 4640 1731 4715 Adfirmat
1761 4639 1873 4730 igitur
1899 4636 2078 4711 Dominus
2111 4649 2235 4708 noster
2266 4636 2365 4710 lesus

334 4747 539 4818 obedientia
555 4746 658 4818 valde
673 4747 841 4838 languida
864 4763 898 4820 et
922 4749 1082 4842 squalida
1106 4763 1180 4838 est,
1207 4763 1325 4822 tamen
1377 4742 1556 4832 Christus,
1590 4767 1628 4818 se
1650 4768 1726 4818 non
1750 4741 1889 4814 venisse
1909 4752 1950 4812 ut
1974 4743 2088 4834 legem
2111 4737 2269 4827 aboleat,
2302 4742 2363 4811 sed

334 4851 398 4921 illo
421 4849 550 4932 modo,
582 4861 625 4920 nt
639 4849 774 4920 dictum
800 4863 871 4936 est,
896 4848 1010 4943 placet
1023 4851 1124 4937 Deo,
1148 4865 1184 4922 et
1206 4853 1326 4922 nomi·
1377 4862 1417 4922 nt
1438 4848 1593 4942 impleat.

334 4965 443 5024 natur
461 4947 603 5023 iusticia
621 4963 656 5022 rt
668 4949 902 5024 Sacrificium.
1483 4948 1633 5043 lmpleat
1646 4961 1764 5022 antem
1780 4957 1934 5042 quatuor
1948 4941 2074 5017 modis.
2108 4941 2268 5017 Primum
2280 4969 2365 5037 pru·

435 5049 496 5124 Fit
511 5052 622 5143 magis
638 5053 821 5145 perspicua
842 5047 929 5124 haec
944 5065 1018 5124 tote
1035 5053 1219 5140 doctrina,
1243 5076 1325 5126 cnm
1378 5049 1672 5145 priaobedientia
1698 5071 1790 5146 quae
1811 5061 1864 5121 est
1881 5047 2030 5136 integra.
2081 5041 2248 5118 Secundo
2267 5047 2363 5118 deri-

336 5155 390 5248 pie
405 5155 582 5245 cneiutnr
597 5155 636 5224 in
659 5155 868 5247 quotidiana
891 5155 1133 5240 invocatione,
1165 5155 1205 5224 in
1231 5157 1327 5226 veris
1380 5157 1498 5226 vando
1520 5155 1559 5223 in
1579 5176 1654 5225 sese
1677 5173 1848 5245 poenam,
1873 5170 1979 5242 quam
1997 5168 2063 5217 nos
2079 5147 2148 5238 legi
2165 5149 2364 5221 debuimus.

339 5257 524 5328 doloribus
549 5269 585 5328 et
612 5256 789 5328 exercitiis
820 5257 1082 5343 conversionis,
1126 5257 1165 5326 in
1195 5258 1327 5350 quibua
1378 5254 1480 5329 Adeo
1496 5257 1593 5327 enim
1607 5255 1685 5326 vult
1698 5251 1796 5325 Deus
1810 5264 1923 5322 ratam
1937 5249 2133 5336 caselegem
2146 5273 2258 5332 suam,
2273 5274 2363 5344 quae

339 5359 403 5450 ipsi
420 5357 572 5451 gemitus
586 5357 728 5450 piorum
743 5360 900 5432 refutant
915 5360 1023 5432 etiam
1044 5361 1182 5431 inroret
1196 5357 1327 5432 Mona·
1378 5373 1431 5430 est
1446 5372 1590 5431 aeterna
1603 5354 1778 5449 sapientia
1792 5364 1828 5423 et
1842 5375 1970 5424 norma
1983 5350 2141 5420 iusticias
2157 5351 2195 5420 in
2211 5352 2308 5444 ipso,
2323 5366 2363 5422 ιιι

341 5457 488 5534 chorum
510 5474 545 5532 et
565 5458 857 5537 Antinomorum.
924 5456 1099 5532 Monachi
1119 5461 1225 5533 fidem
1254 5484 1328 5532 nou
1380 5483 1584 5555 quanquam
1618 5481 1682 5551 per
1713 5453 1992 5526 misericordiam
2033 5452 2157 5543 recipit
2191 5449 2364 5535 homines,

342 5562 544 5654 intelligunt
570 5562 687 5642 aliud,
722 5563 793 5632 nisi
816 5561 982 5634 noticiam
1008 5559 1196 5649 historiae,
1221 5578 1256 5637 et
1271 5564 1329 5634 iu·
1378 5578 1498 5634 tamen
1514 5564 1563 5633 ita
1580 5562 1625 5633 sit
1639 5559 1803 5652 copulata
1826 5553 1982 5638 iusticia,
2007 5565 2047 5624 ut
2064 5554 2130 5642 legi
2147 5553 2305 5623 satisfieri
2330 5570 2365 5626 rt

344 5668 426 5736 brut
448 5661 613 5734 homines
634 5687 774 5756 semper
794 5663 962 5737 dubitare
985 5687 1032 5734 en
1057 5664 1219 5756 placeant
1239 5661 1328 5738 Deo.
1381 5665 1535 5757 persolvi
1562 5684 1713 5756 poenam
1736 5683 1801 5752 pro
1822 5656 1929 5728 nohis
1948 5655 2112 5727 voluerit.
2160 5651 2245 5726 ,ilic
2267 5655 2364 5742 engi-

343 5764 465 5838 Postea
480 5765 617 5857 fingunt
631 5789 738 5860 opera
755 5787 819 5840 sne
835 5787 909 5838 esse
924 5765 1168 5858 impletionem
1194 5767 1281 5857 legis
1295 5778 1331 5837 et
1380 5780 1458 5840 tent
1477 5762 1685 5844 Antimoni,
1723 5763 1754 5832 si
1784 5781 1859 5831 non
1893 5768 1977 5827 eunt
1995 5754 2182 5846 Epicurei,
2214 5756 2302 5850 quid
2319 5757 2365 5827 sit

345 5869 466 5942 uerita
489 5868 584 5942 ritae
606 5883 790 5955 aeternae,
828 5880 863 5941 et
885 5866 1017 5940 multos
1041 5889 1177 5942 errores
1205 5891 1327 5942 curnu-
1382 5869 1456 5963 lex,
1482 5882 1517 5942 ct
1530 5887 1639 5965 qnare
1658 5857 1923 5938 volueritDens
1946 5879 2019 5928 esse
2040 5870 2172 5944 ratam,
2196 5879 2275 5928 rum
2292 5883 2367 5930 non

1815 5952 1896 6034 ω.
