5825 6950
326 703 401 782 stt
520 705 622 788 Xlll.
672 713 710 784 2.
742 703 1111 786 constutttutttt
1138 706 1190 784 IN
1214 704 1368 783 anst.
1393 703 1542 784 PAULl
1565 703 1634 780 AD
1660 701 1927 788 ROMANOS.
1980 713 2084 798 CAP.
2114 718 2156 796 ll.
2284 731 2358 806 57⁸

323 883 499 955 incoatam
533 875 817 969 obedientiam,
838 907 931 978 quae
958 878 1091 977 placet,
1129 867 1334 979 nunquia
1369 877 1484 954 Deo·'
1526 877 1649 973 Quare
1671 882 1822 955 noticiae
1847 883 1929 958 illae
1953 903 2036 962 sunt
2061 917 2185 984 verae,
2216 915 2251 972 et
2274 921 2359 979 sune

322 987 389 1075 legi
407 985 614 1068 satisfaciat,
639 990 701 1058 sed
719 988 802 1082 qnia
819 987 889 1056 fide
904 988 1130 1060 reconciliata
1156 1002 1208 1059 est
1231 1011 1314 1081 per·
1369 984 1425 1055 lex
1449 985 1596 1072 diviua,
1637 1000 1805 1078 utsupra
1830 991 1966 1062 dictum
1992 1009 2052 1070 est.
2104 995 2156 1071 'ln
2184 995 2356 1080 hocloco

318 1113 406 1158 sona
423 1105 457 1162 et
473 1089 631 1178 agnoseit
643 1102 744 1161 suam
761 1088 1024 1175 infirmitatem,
1050 1105 1083 1161 et
1102 1105 1221 1162 tamen
1239 1113 1316 1160 cre·
1367 1085 1471 1158 valde
1493 1091 1597 1159 sudat
1620 1085 1867 1181 Augustinus,
1908 1119 1988 1166 cum
2018 1094 2110 1170 nihil
2142 1099 2268 1179 habeat
2291 1113 2356 1182 oh-

316 1194 369 1262 dit
390 1187 459 1261 lros
474 1193 591 1262 cultus
607 1206 752 1284 propter
764 1189 946 1264 Christum
973 1193 1065 1285 patri
1089 1194 1246 1287 placere,
1273 1207 1315 1264 ut
1366 1190 1471 1264 seori.
1523 1189 1683 1262 Primum
1700 1193 1877 1293 disputat,
1899 1198 1984 1292 qnid
2003 1203 2088 1273 velit
2103 1203 2246 1296 Paulus,
2273 1237 2354 1284 cum

314 1295 585 1388 suprodictum
619 1310 682 1370 est.
745 1293 792 1366 llt
820 1297 912 1366 infra
941 1300 1043 1370 docet
1065 1293 1215 1377 Paulus,
1255 1297 1314 1364 iu-
1367 1295 1432 1376 ait,
1460 1290 1594 1365 Gentes
1617 1295 1726 1387 legem
1750 1299 1890 1379 fecisse,
1918 1325 1962 1369 an
1978 1303 2147 1400 loquatur
2162 1313 2207 1380 de
2223 1314 2354 1410 aliqui.
2420 1303 2423 1314 ’

314 1401 465 1490 quiens:
493 1394 576 1470 Non
592 1399 675 1469 estis
692 1399 759 1469 sub
776 1399 869 1489 lege,
894 1401 954 1468 sed
978 1402 1045 1469 sub
1068 1401 1191 1486 gratia.
1243 1396 1313 1468 Fa·
1365 1399 1430 1464 bns
1446 1397 1595 1483 sanctis,
1621 1415 1657 1467 ut
1673 1401 1717 1468 de
1736 1395 1800 1469 lob
1816 1415 1849 1472 et
1864 1403 2053 1479 similibus.
2097 1408 2261 1486 Secundo
2277 1419 2352 1490 dis-

312 1501 397 1570 cilis
423 1513 475 1570 est
507 1499 694 1591 explicatio
726 1501 1008 1592 intelligentibus
1032 1518 1193 1573 naturarn
1215 1501 1311 1573 fidei.
1365 1513 1463 1591 putat
1488 1501 1532 1568 de
1559 1502 1750 1591 particula,
1787 1517 1933 1592 natura,
1958 1531 2037 1579 curn
2064 1511 2118 1582 lex
2142 1525 2216 1588 non
2244 1524 2352 1610 possit

314 1601 441 1672 Fatrri
460 1601 555 1671 euim
570 1626 712 1675 necesse
732 1617 804 1694 est,
833 1602 1001 1689 Paulum,
1028 1629 1107 1676 rum
1131 1608 1176 1675 de
1196 1597 1310 1674 iusto·
1363 1626 1446 1670 vere
1464 1602 1539 1672 lieri
1557 1605 1633 1672 sine
1648 1603 1785 1696 Spiritu
1802 1623 1944 1700 sancto,
1969 1635 2078 1704 quare
2096 1613 2228 1691 Paulus
2244 1623 2350 1716 dicat,

312 1731 398 1776 ruru
415 1705 585 1798 operibus
601 1706 780 1802 loquitur,
799 1711 986 1799 complecti
1004 1711 1120 1780 fidem.
1161 1702 1311 1797 Quoties
1363 1702 1498 1775 Gentes
1514 1725 1638 1777 natura
1654 1707 1786 1785 fecisse.
1839 1707 1913 1780 Has
1935 1714 2158 1790 difficultates
2180 1723 2279 1794 affert
2304 1731 2349 1798 ad

308 1821 435 1879 aretem
459 1809 497 1880 lit
519 1809 656 1879 mentio
676 1810 780 1895 fidei,
815 1810 930 1901 reipsa
953 1811 1088 1882 dictum
1114 1823 1165 1880 est
1189 1811 1310 1881 exclu—
1362 1805 1513 1880 Paulnm
1530 1809 1763 1900 Augustinus.
1811 1809 1902 1882 Nam
1920 1815 1995 1907 ipse
2018 1833 2131 1891 textus
2147 1849 2220 1896 non
2238 1851 2349 1922 usque

310 1913 456 1996 sivum,
488 1904 524 1984 h.
592 1908 671 1982 Etsi
698 1914 817 1983 adesse
843 1928 983 2004 oportet
1017 1914 1192 1985 incoatam
1223 1913 1311 1984 olse-
1361 1912 1715 1985 adeoobscurusest.
1769 1911 1929 1986 Primum
1947 1919 2041 1988 enim
2066 1939 2189 1996 natura
2212 1929 2367 2018 signifi-⁸
2417 1997 2429 2008 ,

312 2014 510 2099 dimitiam,
528 2028 532 2036 '
550 2027 668 2084 tamen
694 2017 780 2086 fides
808 2017 938 2086 nititur
956 2017 1030 2088 sola
1055 2014 1310 2102 misericordia,
1361 2026 1415 2084 cat
1425 2015 1669 2108 principaliter
1685 2017 1853 2088 noticiam
1865 2022 2071 2097 naturalem.
2108 2025 2236 2100 Paulus
2252 2035 2348 2104 enim

312 2133 346 2188 et
368 2116 494 2187 statuit
517 2139 583 2186 nos
606 2118 735 2206 iustos,
773 2119 911 2201 idest,
951 2134 1112 2214 acceptos
1142 2141 1217 2190 esse
1244 2141 1309 2213 per
1360 2118 1611 2203 ratiocinatur,
1644 2122 1688 2190 de
1712 2121 1844 2191 noticia
1876 2135 1909 2194 et
1934 2125 1978 2194 de
2002 2127 2145 2202 iudicio.
2209 2135 2349 2208 Deinde

313 2218 607 2295 misericordiam.
1360 2221 1588 2292 manifestum
1612 2236 1662 2293 est
1685 2223 1789 2292 etiarn
1808 2248 1880 2294 non
1903 2241 2065 2317 renatos,
2090 2233 2226 2307 virilius
2245 2254 2348 2309 natu·

358 2383 441 2466 n
455 2388 633 2492 aaa
647 2385 810 2464 ...a
825 2389 960 2490 aa
1358 2323 1631 2516 :littus
1652 2327 2269 2522 :titiusuentus
2284 2343 2344 2516 tt

405 2525 593 2602 Generalis
606 2531 782 2602 sententia
800 2545 854 2604 est
866 2533 911 2602 de
926 2532 1065 2604 iusticia
1081 2531 1180 2622 legis.
1213 2527 1306 2602 Nam
1359 2528 1442 2598 satis
1466 2541 1517 2600 est
1542 2533 1747 2617 ostendere,
1781 2535 1875 2627 quod
1892 2531 2026 2608 Gentes
2049 2539 2248 2634 intelligant
2271 2549 2347 2618 dis-

345 2629 442 2702 ludaei
468 2635 682 2724 arrogabant
704 2635 773 2704 sibi
805 2635 981 2705 iusticiam
1013 2650 1158 2727 propter
1183 2633 1306 2724 legem.
1358 2631 1491 2702 crimen
1512 2627 1742 2705 honestorum
1763 2648 1796 2704 et
1821 2637 1996 2730 turpium:
2023 2635 2091 2712 lroc
2113 2649 2269 2719 ostendit
2289 2652 2347 2719 di.

337 2731 392 2804 llic
415 2735 563 2828 opponit
584 2733 719 2807 Paulus
746 2738 992 2809 definitionem
1021 2738 1181 2809 iusticiae
1207 2735 1306 2828 legis.
1360 2734 1529 2830 sciplina:
1556 2736 1907 2826 inderetiocinatur,
1934 2745 2029 2836 quod
2046 2745 2162 2836 legem
2181 2743 2346 2828 habeant.

334 2833 491 2908 Estenim
509 2838 647 2911 iusticia
664 2839 752 2929 legis
767 2841 881 2910 faeere
896 2841 1030 2932 legem,
1057 2854 1233 2934 praestare
1248 2840 1306 2909 in·
1358 2833 1536 2931 Loquitur
1548 2861 1629 2928 ergo
1645 2842 1688 2910 de
1705 2840 1914 2914 facientibus
1932 2860 2075 2918 externa
2093 2873 2217 2944 opera,
2242 2868 2276 2925 et
2299 2857 2345 2926 de

332 2953 449 3030 trgum
463 2941 703 3012 obedientiam
718 2942 798 3033 legi,
815 2967 889 3014 oon
904 2959 1043 3016 tantum
1056 2944 1180 3014 audire
1193 2944 1306 3034 legem
1359 2939 1563 3032 disciplina:
1597 2956 1633 3013 et
1654 2943 1799 3037 quidem
1825 2947 1961 3019 confert
1977 2945 2128 3024 ludaeos
2149 2967 2183 3026 et
2202 2951 2347 3035 Gentes.

331 3057 388 3113 aot
402 3044 554 3135 profiteri
568 3044 654 3134 legis
669 3047 918 3121 ceremoniam.
965 3047 1026 3120 Sic
1046 3048 1112 3116 ait:
1140 3044 1306 3117 Factores
1358 3039 1540 3132 Significat
1552 3041 1685 3115 Gentes
1700 3049 1907 3118 tantundem
1928 3052 2115 3140 profecisse
2132 3056 2265 3150 exlege
2281 3085 2346 3132 na-

330 3145 408 3236 legis
423 3147 673 3232 iustificantur,
696 3149 733 3219 id
751 3162 816 3234 est,
839 3151 1099 3243 pronunciatur
1113 3149 1210 3220 iusti.
1255 3147 1305 3220 lta
1358 3159 1478 3231 turae,
1496 3161 1669 3240 quantum
1686 3146 1834 3222 ludaeos
1848 3174 1890 3221 ex
1905 3151 1981 3244 lege
1993 3152 2115 3228 Moisi.
2149 3156 2345 3234 Nonenim

332 3249 476 3342 loquitur
507 3247 640 3320 Paulus
671 3254 716 3319 de
750 3251 851 3334 idea,
885 3267 921 3323 et
955 3252 1117 3342 coarguit
1145 3250 1305 3336 ludaeos,
1358 3248 1446 3320 dicit
1473 3248 1548 3338 lege
1572 3250 1680 3320 fuisse
1710 3252 1819 3324 iustas
1843 3249 1977 3327 Gentes
2006 3281 2124 3330 coram
2147 3255 2244 3346 Deo,
2285 3268 2347 3335 sed

331 3355 417 3442 quod
432 3375 503 3422 non
519 3354 591 3424 sint
608 3355 693 3425 iusti
706 3354 793 3444 lege,
818 3356 902 3450 quia
917 3379 1023 3426 nemo
1040 3354 1110 3444 legi
1125 3353 1306 3428 satisfacit.
1358 3351 1535 3440 significat
1563 3366 1733 3446 utrosque
1761 3369 1903 3426 externa
1935 3359 2053 3430 civilia
2085 3387 2191 3450 opera
2214 3366 2348 3438 fecisse.

331 3449 439 3542 Quare
469 3451 527 3526 hic
564 3457 663 3526 locus
693 3482 768 3527 non
803 3471 919 3549 potest
949 3459 1154 3553 detorqueri
1182 3471 1305 3528 contra
1357 3450 1614 3527 Excelluerunt
1629 3455 1851 3549 pulcerrimis
1864 3459 2072 3544 virtutibus,
2099 3463 2244 3555 Fabius,
2269 3467 2347 3543 Sci-

329 3556 490 3628 iusticiam
513 3559 616 3638 fidei,
649 3584 715 3629 nec
738 3562 839 3631 addit
859 3556 918 3631 liic
945 3560 1097 3643 Paulus,
1124 3562 1306 3655 quomodo
1358 3558 1438 3649 pio,
1463 3556 1622 3645 Atticus,
1650 3574 1684 3630 et
1698 3559 1862 3655 plerique
1878 3564 1959 3637 alii:
1990 3591 2032 3637 ac
2055 3568 2214 3641 fortassis
2238 3572 2347 3643 disci-

329 3658 480 3732 incoe'tor
501 3662 556 3732 lex
574 3676 607 3732 et
626 3665 807 3755 quomodo
833 3664 977 3757 placeat.
1030 3663 1188 3735 Tantum
1209 3664 1305 3733 euim
1358 3661 1457 3752 plina
1469 3672 1504 3731 et
1521 3660 1706 3751 diligentia
1723 3662 1762 3733 in
1777 3664 1876 3735 omui
1892 3666 2008 3739 officio
2023 3688 2236 3761 superarunt
2251 3676 2347 3747 mul·

328 3762 443 3835 refutat
458 3765 558 3844 illos,
583 3766 646 3857 qui
664 3766 804 3857 lingunt
818 3790 856 3835 se
870 3790 946 3838 esse
962 3768 1072 3840 iustos
1085 3781 1231 3860 propter
1246 3790 1306 3837 es·
1358 3778 1413 3836 tos
1428 3778 1643 3856 praestantes
1660 3763 1820 3837 ludaeos.
1872 3766 1942 3840 Hic
1958 3770 2191 3847 ratiocinatur
2205 3774 2349 3863 Paulus,

325 3878 451 3937 seruam
467 3868 721 3961 professionem
735 3868 832 3961 legis.
1359 3863 1494 3937 Gentes
1508 3860 1639 3938 habere
1654 3868 1788 3959 legem,
1815 3868 1852 3937 id
1868 3884 1937 3958 est,
1961 3874 2130 3947 noticiam
2148 3880 2347 3951 naturalem

1357 3970 1405 4039 de
1431 3969 1602 4045 moribus.
1660 3968 1784 4065 Neque
1807 3975 1969 4066 sequitur
1994 4001 2035 4047 ex
2059 3972 2125 4049 bae
2148 3982 2349 4067 collatione,

1358 4073 1455 4166 quod
1478 4086 1625 4164 propter
1648 4072 1748 4146 illam
1771 4072 1997 4169 disciplinam
2020 4079 2088 4152 ulli
2109 4082 2242 4157 fuerint
2264 4085 2369 4159 insti·

402 4171 548 4245 Dixerat
564 4174 694 4266 impios
707 4176 884 4267 perituros
900 4199 974 4246 esse
991 4172 1141 4246 ludaeos
1155 4190 1190 4248 et
1204 4170 1304 4245 Gen·
1358 4196 1478 4245 coram
1495 4170 1586 4245 Deo.

328 4286 385 4361 tes,
417 4277 553 4349 etiamsi
585 4274 651 4348 hae
679 4278 792 4369 legem
822 4302 897 4348 non
919 4274 1135 4349 habuerunt.
1200 4274 1305 4349 Nunc

324 4382 419 4452 addit
433 4380 706 4452 corrrctionem:
732 4377 809 4451 lrno
827 4378 962 4452 Gentes
976 4382 1083 4452 etiam
1103 4377 1305 4451 babuerunt

320 4482 448 4573 legem,
476 4479 543 4553 hoc
563 4498 632 4564 est,
659 4483 829 4556 noticiam
853 4484 1054 4556 naturalem
1076 4484 1121 4552 de
1144 4483 1306 4553 moribus
1461 4478 1511 4555 Ut
1532 4494 1651 4553 autem
1676 4482 1891 4559 nominatim
1915 4486 2050 4563 Gentes
2075 4494 2267 4580 accusarit,
2299 4496 2349 4567 ita

313 4586 570 4655 discernentem
587 4581 929 4679 honestaetturpia.
979 4582 1048 4657 Hic
1065 4586 1194 4655 iterum
1211 4598 1306 4656 extat
1360 4608 1458 4654 nunc
1476 4583 1691 4655 nominatim
1707 4604 1846 4660 accusat
1861 4590 2026 4679 Iudaeos,
2052 4608 2092 4665 ut
2108 4599 2290 4687 perveniat
2303 4602 2349 4669 ad

311 4688 557 4758 testiinonium
582 4694 628 4759 de
643 4690 720 4780 lege
736 4704 895 4761 naturae.
944 4684 1148 4759 AcPaulus
1168 4690 1306 4758 erudite
1359 4687 1458 4757 illam
1486 4686 1774 4778 exaequationem
1799 4688 1971 4764 Gentium
1997 4708 2031 4767 et
2051 4694 2285 4787 ludaeorum,
2308 4702 2349 4772 in

309 4791 558 4871 ratiocinatur.
575 4796 670 4886 quod
682 4788 983 4865 Genteshobeant
995 4792 1120 4881 legem,
1137 4814 1178 4861 ac
1192 4791 1300 4862 simul
1360 4814 1429 4884 qua
1460 4788 1680 4881 conspicitur
1706 4794 1802 4886 quod
1834 4818 1959 4867 omnes
1982 4792 2146 4871 homines
2175 4803 2247 4873 sint
2280 4804 2349 4874 sub

308 4894 489 4983 declarat,
516 4896 602 4987 quid
625 4897 671 4965 sit
694 4894 750 4966 lex
773 4909 942 4981 naturae,
963 4888 1098 4965 habent
1123 4894 1306 4964 conscien-
1358 4905 1518 4983 peccato,
1550 4904 1586 4963 et
1605 4891 1682 4984 lege
1705 4916 1779 4964 non
1802 4896 2039 4971 liberentura
2064 4916 2216 4991 peccato.
2284 4900 2349 4978 Est

307 5000 404 5067 tiam
430 5013 652 5067 accusantem
676 5012 711 5068 et
732 5012 978 5083 excusantem,
1013 4997 1051 5067 id
1076 5010 1145 5080 est,
1167 4997 1306 5067 discer-
1360 5008 1478 5066 autem
1503 4988 1588 5065 haec
1610 4995 1810 5088 obiurgatio
1834 4998 1885 5069 sic
1908 5002 2129 5094 accipienda,
2155 5020 2194 5077 ut
2213 5006 2349 5079 intelli-

306 5114 459 5169 nentem
485 5093 633 5169 honesta
656 5117 691 5173 et
719 5101 864 5193 turpia,
896 5098 994 5193 Ergo
1022 5095 1155 5171 babent
1185 5098 1308 5187 legero.
1361 5120 1483 5188 gainus
1500 5098 1655 5168 accusari
1673 5112 1708 5171 et
1725 5100 1907 5172 manifesta
1922 5120 2063 5197 peccata
2078 5120 2111 5179 et
2133 5104 2349 5204 hypocrisin,

303 5202 575 5293 Corssequentia
597 5217 650 5274 est
671 5215 755 5274 nota
777 5228 818 5273 er
842 5202 1062 5275 delinitione.
1137 5198 1228 5271 Nam
1251 5200 1308 5271 lea
1362 5200 1453 5269 sicut
1479 5221 1619 5269 necesse
1644 5214 1695 5271 est
1724 5204 1920 5291 praedicari
1943 5210 2220 5298 poenitentiam,
2251 5213 2350 5283 iusta

308 5305 463 5403 proprie
488 5319 539 5375 est
559 5306 621 5375 illa
644 5307 816 5377 naturalis
838 5308 991 5391 noticia,
1013 5307 1145 5377 docens
1160 5298 1308 5375 honesta
1362 5303 1454 5371 illud
1478 5302 1685 5373 mandatum
1699 5298 1849 5377 Christi:
1885 5304 1937 5377 lta
1962 5312 2202 5403 praedicantes
2222 5312 2348 5407 poeni-

307 5426 341 5478 et
368 5402 637 5496 reprehendens
657 5410 789 5503 turpia.
838 5408 1038 5501 Diligenter
1054 5422 1173 5479 autem
1187 5407 1310 5477 obser·
1361 5404 1509 5477 tentiam
1535 5415 1571 5475 et
1593 5404 1837 5476 remissionem
1862 5424 2097 5500 peccatorum.
2165 5408 2212 5486 Et
2234 5440 2348 5510 quan·
2441 5494 2447 5501 ,

311 5512 476 5579 eandum
500 5524 571 5593 est,
594 5516 702 5604 quod
725 5511 801 5583 ait:
833 5508 968 5583 Natura
993 5510 1145 5595 faciunt,
1186 5510 1221 5578 id
1246 5522 1310 5590 est,
1362 5530 1470 5601 quarn
1494 5504 1606 5600 aliqui
1629 5506 1724 5579 inter
1741 5506 1890 5581 ltrdaeos
1911 5513 2057 5586 fuerunt
2078 5517 2207 5601 sancti,
2231 5532 2348 5588 tamen

314 5612 479 5683 naturali
506 5612 637 5683 notitia
659 5637 700 5683 ac
725 5613 876 5684 lumine.
939 5608 987 5683 Et
1008 5625 1156 5683 testatur
1178 5608 1311 5683 Paulus
1363 5608 1894 5703 Paulusloquitordeludaeis,
1921 5631 2094 5711 quatenus
2106 5614 2198 5688 nihil
2212 5613 2347 5688 liabent

312 5710 387 5787 lsoc
416 5714 547 5799 verbo,
585 5710 742 5801 Natura,
774 5717 871 5810 quod
897 5714 1030 5785 noticia
1051 5714 1115 5785 illa
1139 5712 1187 5785 sit
1220 5734 1312 5805 opus
1364 5711 1433 5782 nisi
1451 5710 1582 5801 legem,
1604 5714 1673 5782 ‘nec
1689 5726 1772 5784 sunt
1791 5713 1996 5791 sanctificati
2017 5720 2086 5789 lide
2112 5735 2147 5791 et
2170 5720 2349 5808 agnitione

312 5815 387 5889 Dei
413 5816 601 5889 eonditum
624 5819 663 5889 in
685 5831 826 5904 mente,
864 5816 957 5889 sicut
977 5819 1100 5887 lurnen
1122 5814 1162 5886 in
1187 5814 1311 5891 oculis.
1345 5810 1530 5905 'promissi
1549 5810 1697 5889 Christi.
1747 5810 1827 5885 Hoc
1851 5818 1947 5888 enim
1972 5822 2050 5893 vult
2070 5822 2227 5905 eftitere,
2251 5824 2347 5913 quud

312 5918 457 5993 Natura
482 5918 580 5991 enirn
609 5920 755 6017 proprie
779 5920 956 6011 siguificat
972 5940 1057 6009 ,unt
1086 5918 1312 5993 conditam·
1362 5914 1437 5991 tar
1450 5914 1690 5997 nonsuiiciat
1705 5918 1750 5991 ad
1767 5918 2062 6000 iustificationern.
2124 5920 2238 6013 Quale
2261 5924 2352 5995 valet

366 6026 554 6093 uerrere.
571 6024 676 6095 Orsa.
703 6020 790 6099 vn.
806 6026 886 6095 XV.
1795 6021 1847 6126 δ’(

618 4035 708 4111 Sibi
727 4037 821 4139 ipsas
844 4037 909 4112 lex
933 4049 995 4112 etc.

1674 4338 1769 4419 Ecce
1791 4356 1831 4419 to
1856 4342 2040 4433 Iudaeus.
