5825 6950
296 694 359 767 tua
542 688 644 764 Xlll.
688 690 725 765 δ.
751 679 1052 763 ΕΝΑΒΒΑΤΙΟ
1084 678 1241 759 EPIST.
1263 674 1413 791 PAULI
1438 674 1507 749 At)
1533 670 1798 754 Ronanus,
1849 674 2047 752 cantv,
2245 678 2323 752 tan

421 862 468 939 Ss'
488 864 584 938 enim
601 856 798 935 Abrohom
815 884 862 933 esc
880 856 1049 961 operibus
1064 866 1126 935 clo.
1328 813 1587 922 benedicentur
1601 873 1725 921 omnes
1747 862 1876 941 gentes.
1926 848 1973 923 Et
1994 851 2086 923 sieut
2108 864 2243 924 certum
2266 864 2320 924 est
2393 818 2405 852 a

1246 1004 1256 1023 .
1327 950 1523 1023 Ecclesiam
1546 953 1666 1044 colligi
1689 964 1837 1047 propter
1859 952 1993 1040 filium,
2018 954 2068 1025 ita
2084 968 2218 1024 norunt
2234 976 2318 1023 san-

383 1016 543 1089 p‘imum
566 1040 727 1110 ‘xpm
749 1014 961 1087 ⁸³⁸⁰⁹⁸¹³fi⁰
983 1013 1023 1084 3¹¹
1042 1024 1137 1085 mm
1158 1030 1277 1080 ‘⁰⁰⁸¹'
1328 1055 1375 1127 eti
1391 1066 1424 1127 et
1441 1054 1693 1148 promissiones
1710 1056 1889 1129 bonorum
1911 1056 2150 1147 corporalium
2167 1057 2317 1129 traditas

296 1124 438 1193 '‘md‘'
462 1135 533 1208 ‘⁸¹’
565 1122 661 1217 ‘lumi
683 1133 802 1213 apem
827 1119 980 1189 “firma
1002 1114 1135 1187 P³⁰¹¹¹³
1159 1106 1277 1183 Ab*
1327 1178 1400 1229 esse
1414 1170 1560 1251 propter
1574 1158 1701 1244 filiurn,
1721 1160 1805 1253 quia
1819 1158 1997 1230 Ecclesiae
2012 1160 2206 1230 necessaria
2222 1172 2317 1229 sunt.

296 1250 367 1295 Μ
390 1250 463 1345 ”lm
484 1224 591 1295 [uim
611 1222 743 1341 immin
765 1244 883 1291 mmm
900 1217 976 1290 Dm
1002 1231 1148 1336 mim
1169 1235 1276 1331 ⁰p⁰l⁸
1328 1258 1412 1331 ldeo
1432 1262 1469 1331 2.
1484 1256 1649 1335 Corinth.
1663 1258 1699 1334 7.
1719 1262 1869 1334 dicitur:
1902 1257 2040 1334 Omnes
2063 1260 2315 1354 promissiones

296 1352 366 1413 ua,
392 1341 481 1397 arctat
496 1340 530 1397 et
546 1349 653 1416 supra
671 1326 892 1395 dictumest:
919 1316 974 1393 Ex
992 1322 1160 1413 operibus
1186 1318 1276 1405 legss
2037 1348 2046 1361 .

296 1454 360 1501 ton
377 1428 625 1499 iustificabitur
645 1424 763 1497 omnis
787 1450 882 1497 caro.
935 1418 984 1495 Et
1008 1419 1100 1493 nibil
1124 1419 1274 1492 dubium
1313 1387 1364 1445 ’ω
1382 1359 1523 1437 Chmw
1539 1376 1634 1433 ’ωε
1650 1376 1745 1438 ⁸um'

1427 1480 1684 1554 Discernantur
1708 1508 1791 1575 ergo
1811 1484 2069 1556 obiectabdei:
2102 1482 2255 1577 primurn
2280 1495 2316 1555 et

1326 1586 1522 1679 principale
1538 1603 1590 1658 est
1606 1583 1703 1656 Deus
1718 1588 1896 1679 propicius
1912 1600 2057 1680 propter
2071 1587 2315 1670 mediatorem,

1327 1702 1445 1779 postea
1464 1702 1612 1789 possunt
1631 1689 1796 1760 accedere
1821 1689 1889 1759 alia
1914 1703 2055 1761 esterna
2078 1688 2225 1761 obiecta.
2265 1684 2316 1758 Ut

442 1871 450 1889 ,
653 1869 663 1889 ,
1096 1860 1106 1879 ,
1199 1860 1208 1878 ,
1247 1857 1256 1874 ,
1328 1786 1510 1861 Abrabam
1534 1791 1621 1881 petit
1645 1791 1900 1883 protectionem
1924 1790 2018 1862 inter
2041 1790 2169 1883 impias
2183 1801 2316 1880 gentes,

386 1870 525 1941 Dund‘
564 1870 810 1941 ⁰⁰⁰⁸¹dm¹⁰¹⁸
850 1862 1130 1937 ⁸⁶⁰⁰mm⁰d³l¹⁰
1171 1861 1276 1930 Μ’
1329 1894 1415 1984 petit
1443 1894 1681 1986 posteritatem
1715 1908 1749 1965 et
1784 1894 2088 1965 conservationem
2121 1886 2315 1963 Ecclesiae.

296 1970 445 2093 l'e‘lldi'
469 1968 651 2093 ΛΜΨ
669 1970 770 2091 ,⁰⁶⁰⁹
801 1981 837 2041 ‘l
860 1968 1075 2087 l'Pl'ulmm
1101 1975 1152 2033 Εἰ
1175 1961 1208 2033 ‘i
1231 1961 1276 2080 ‘ld
1327 1994 1496 2089 Denique
1518 1996 1556 2064 in
1578 1994 1785 2089 quotidiana
1808 1996 2032 2067 invocatione
2054 1993 2186 2085 singuli
2202 1993 2315 2062 rnulta

296 2090 473 2147 ustrcram.
524 2067 971 2145 Alrbsestatbaecdrcta:
999 2066 1117 2137 lustus
1140 2087 1277 2135 suaet·
1328 2097 1617 2189 comedimus,
1641 2100 1701 2167 ⁸ed
1719 2101 1989 2170 unoeteodem
2009 2097 2180 2167 modoad
2196 2089 2314 2164 Deum

296 2192 351 2247 '⁶¹'
405 2180 510 2247 Μ’
537 2174 611 2266 Qui
627 2175 741 2248 Μὴ
757 2175 794 2245 ἱῃ
813 2196 914 2291 ΜΡ
936 2194 1012 2243 ”⁰¹¹
1027 2169 1277 2289 cf'nsund‘m'·
1329 2202 1502 2271 accedunt
1520 2224 1643 2271 omnes
1659 2201 1790 2287 saneti,
1815 2200 1967 2285 scilicet,
1993 2197 2185 2272 Credentes
2198 2194 2316 2266 Deum

296 2280 351 2351 ΗΕ
377 2296 495 2349 ³¹¹¹‘m
519 2280 643 2351 “cim
673 2278 829 2371 Primum
854 2276 1009 2354 ‘mlum’
1045 2294 1083 2339 ¹¹¹
1116 2294 1187 2363 ΨΜ
1218 2290 1277 2336 ‘¹'
1330 2325 1404 2373 esse
1426 2301 1625 2394 propicium
1654 2316 1800 2395 propter
1823 2304 2083 2386 mediatorem,
2125 2298 2316 2390 sicutipse

296 2406 403 2453 ΜΕ
430 2382 469 2449 fil
494 2380 627 2501 'mllq
648 2378 745 2451 fidel·
798 2376 887 2498 vuli
910 2380 1004 2495 ‘'ill''
1029 2368 1278 2445 ⁸¹h⁰⁰⁰⁵¹‘¹¹'
1329 2401 1508 2476 Dominus
1528 2405 1661 2498 inquit:
1704 2404 1886 2499 Quicquid
1915 2405 2090 2507 petieritis
2118 2417 2253 2497 patrem
2275 2400 2315 2469 in

296 2504 387 2567 tere,
417 2506 491 2551 nnn
510 2482 628 2551 aliern
645 2506 741 2551 nunc
757 2482 955 2553 doctrinam
976 2490 1134 2568 ignotam
1154 2470 1279 2545 Eccle-
1330 2502 1591 2594 nominem,
1619 2506 1720 2580 dam,
1736 2508 1850 2585 vobi,

296 2590 359 2655 iae
373 2584 520 2656 Parrum
538 2597 572 2654 et
591 2579 870 2676 Prophetarum,
895 2583 957 2651 sed
974 2579 1120 2651 eandem
1137 2577 1176 2645 in
1195 2596 1278 2645 vera

296 2686 442 2759 terteris
461 2688 662 2757 doctrinam
677 2686 721 2755 de
739 2685 877 2755 iusticia
893 2706 1035 2773 semper
1049 2678 1170 2750 tuisse.
1230 2674 1280 2749 Ut

296 2808 404 2863 tutem
430 2789 674 2859 accomodatio
699 2800 794 2859 recte
816 2787 1056 2876 intelligatur,
1083 2779 1280 2851 cavillatio-

296 2916 345 2961 res
374 2892 583 2961 refutandae
598 2888 711 2987 lsunt,
743 2913 834 2984 quae
854 2900 1106 2981 opponuntur,
1128 2906 1280 2979 quarum

296 2997 400 3065 »rima
428 2989 513 3063 baec
539 3006 601 3065 est.

296 1546 332 1601 st
369 1531 554 1623 complecti
581 1528 735 1600 Paulum
767 1551 873 1619 opera
912 1526 1081 1595 moralia:
1127 1544 1207 1593 nam
1242 1532 1276 1590 et

296 1628 466 1705 abrabam
483 1633 667 1705 antecessit
685 1629 848 1723 politiam
856 1626 969 1699 Moisi
983 1627 1087 1698 annis
1102 1621 1276 1721 quadrin-

298 1736 398 1808 entis
414 1748 448 1807 ct
463 1736 608 1827 triginta
626 1734 683 1805 vel
699 1732 853 1806 circiter.

1412 2624 1488 2695 lam
1507 2625 1777 2698 considerentur
1793 2626 1900 2697 verba
1916 2639 2041 2701 textus.
2073 2622 2117 2695 ln
2130 2624 2245 2725 eapite
2257 2622 2319 2695 12.

1332 2726 1446 2803 Gene.
1477 2727 1565 2799 dicit
1586 2726 1781 2799 Dominus:
1816 2726 2033 2801 Benedicam
2063 2728 2140 2801 tibi.
2211 2724 2309 2797 ltem:

1333 2830 1375 2902 ln
1401 2844 1434 2902 te
1451 2830 1707 2902 benedicentur
1723 2854 1847 2902 omnes
1869 2846 2000 2924 gentes.
2050 2829 2175 2902 Postea
2200 2826 2239 2897 in
2259 2848 2319 2897 ca·

1333 2934 1404 3027 pite
1420 2930 1480 3007 15.
1502 2934 1654 3004 dieitur:
1677 2932 1761 3005 Noli
1778 2934 1924 3026 timere,
1948 2957 2013 3025 ego
2036 2946 2214 3026 protector
2236 2943 2319 3002 tuns

1333 3049 1367 3107 ct
1389 3056 1515 3124 magna
1539 3059 1672 3106 merces
1694 3036 1809 3107 valde.
1862 3032 1904 3105 ln
1928 3030 1984 3107 bis
2007 3034 2221 3106 dulcissimis
2235 3054 2319 3124 pro-

1333 3137 1563 3207 missionibus
1581 3137 1765 3209 manileste
1780 3138 1983 3209 ostenditur
2002 3132 2259 3217 reconciliatio,
2282 3146 2319 3204 ct

387 3206 536 3273 P'lss
564 3200 798 3269 “lustu‘’
819 3201 1180 3266 ΜΜῚΜΉΜ
1334 3254 1438 3310 norat
1466 3234 1649 3310 Abrabam
1676 3238 1829 3331 primam
1861 3239 2149 3331 promissionem:
2189 3234 2322 3308 Samen

387 3340 600 3413 Adversarii
625 3341 770 3426 dicunt,
804 3334 956 3407 Paulum
976 3332 1283 3424 abutibocdicto,
1334 3341 1494 3412 mulieris
1525 3353 1684 3413 conteret
1712 3355 1818 3432 caput
1845 3341 2030 3435 serpentis.
2093 3335 2143 3411 Et
2173 3336 2321 3432 quidem
2457 3353 2461 3359 ’
2596 3412 2601 3423 ,

296 3450 367 3542 nia
391 3446 445 3516 ibi
471 3444 603 3517 dicitur
627 3443 672 3513 de
695 3442 763 3512 fide
792 3452 997 3531 expectante
1029 3440 1282 3532 posteritatem.
1333 3444 1467 3516 sciebat
1481 3439 1572 3515 banc
1589 3442 1875 3537 promissionem,
1891 3443 1963 3514 iam
1980 3441 2146 3535 restringi
2160 3443 2205 3512 ad
2220 3462 2322 3511 suam

297 3555 329 3623 lt
347 3546 590 3638 Evangelium
613 3543 774 3639 loquitur
793 3545 838 3612 de
863 3542 933 3613 fide
948 3555 1160 3634 agnoscente
1176 3537 1283 3615 chri.
1335 3547 1597 3640 posteritatem,
1622 3546 1706 3642 quia
1719 3549 1853 3618 dietum
1870 3560 1962 3620 erat:
1990 3545 2034 3618 ln
2051 3559 2087 3617 te
2106 3543 2322 3618 benedicen-

297 3671 378 3724 tum
397 3649 606 3722 crucifixum
624 3661 658 3717 et
674 3645 938 3732 resuscitatum,
965 3659 998 3716 et
1013 3645 1208 3736 accipiente
1225 3669 1281 3715 rc·
1335 3665 1395 3722 tur
1418 3672 1542 3719 omnes
1561 3663 1694 3741 gentes.
1759 3647 1901 3740 Accipit
1921 3648 2032 3741 igitur
2055 3648 2164 3720 simul
2184 3661 2218 3718 et
2239 3668 2324 3737 pro-

298 3755 495 3824 nissionem
513 3764 759 3844 peccatorum,
782 3745 879 3840 Ergo
896 3749 940 3817 dc
957 3748 1025 3818 alia
1046 3745 1117 3820 fide
1135 3745 1282 3834 Moises,
1333 3752 1540 3822 missionem
1578 3750 1880 3823 reconciliationis
1910 3765 1945 3824 et
1971 3750 2117 3822 seminis
2145 3745 2325 3821 benedicti

303 3883 322 3928 e
339 3857 417 3928 alia
433 3853 568 3925 Paulus
583 3850 756 3947 loquitur.
1334 3869 1368 3927 ct
1385 3853 1619 3947 posteritatis,
1646 3853 1682 3923 id
1698 3865 1768 3940 est,
1792 3855 2038 3947 propagandae
2053 3849 2247 3924 Ecclesiae.

386 3991 625 4084 Respondes:
653 3984 708 4059 Da
723 3985 892 4058 omnibus
907 3984 1128 4080 exampliat„
1152 3987 1284 4081 quibu,
1436 3971 1512 4044 Has
1533 3973 1786 4066 promissiones
1806 3997 1887 4045 curn
1910 3973 1980 4044 lide
2003 3973 2154 4064 accipiat
2174 3970 2325 4042 manile·

299 4097 458 4168 sudatur
473 4094 571 4176 lides,
596 4103 636 4162 ut
657 4087 820 4170 Gedeon,
848 4087 974 4175 David,
1000 4092 1152 4162 credunt
1167 4087 1283 4161 Deum
1335 4090 1430 4148 stum
1452 4088 1531 4157 0⁸12
1564 4079 1711 4148 tandem
1735 4099 1810 4147 0⁸⁸0
1830 4076 1937 4146 fidem
1959 4069 2128 4146 Abrtlm
2152 4088 2188 4147 ²²
2210 4072 2327 4161 Pwlb

299 4201 368 4290 pais
390 4193 652 4288 praeliantibus
668 4189 974 4264 affuturumessc:
1007 4193 1112 4262 etiarn
1130 4216 1210 4264 cuns
1227 4216 1284 4265 res
1335 4191 1371 4250 el
1392 4177 1555 4249 mlum
1580 4177 1846 4250 ⁸³¹1cl⁰r⁰mln
1869 4201 1951 4250 vert
1963 4176 2124 4250 Ecclesia
2146 4175 2326 4269 accipien-

299 4319 434 4374 sterna
455 4298 588 4388 petitur
605 4307 640 4366 et
653 4305 867 4384 expectatur,
892 4317 1031 4387 semper
1044 4308 1162 4364 tamen
1176 4319 1284 4388 opor.
1335 4295 1406 4354 tem
1430 4280 1758 4352 reconciliationem
1775 4294 1922 4375 propter
1946 4279 2189 4352 mediatorem.
2240 4275 2326 4348 ldeo

300 4419 325 4474 et
352 4401 567 4494 praelucere
593 4391 685 4468 banc
709 4395 833 4478 fidem,
869 4419 939 4490 qua
961 4396 1136 4487 accipitur
1157 4421 1284 4469 aaron.
1336 4396 1370 4454 ct
1386 4379 1565 4454 Dominus
1588 4381 1725 4477 inquit:
1760 4380 1864 4454 Vidit
1882 4377 2067 4454 Abrabam
2088 4381 2187 4453 diem
2208 4403 2329 4450 meum

300 4505 423 4576 iliatio
441 4516 587 4595 propter
602 4499 854 4579 mediatorem,
880 4499 977 4568 iusta
993 4499 1147 4571 dictum:
1170 4498 1283 4570 Nemo
1336 4486 1374 4555 id
1405 4499 1476 4570 est,
1517 4486 1665 4576 agnovit
1694 4486 1733 4554 in
1763 4485 2000 4576 promissione
2029 4483 2262 4554 mediatorem
2293 4494 2330 4554 ee

300 4621 401 4680 otest
424 4605 550 4675 venire
573 4603 619 4672 ad
645 4613 781 4692 patrem
813 4600 884 4669 nisi
916 4623 980 4692 per
1010 4599 1136 4673 lilium.
1195 4599 1283 4671 ltem
1336 4587 1465 4658 fiducia
1492 4587 1698 4658 mediatoris
1728 4587 1863 4678 accepit
1891 4585 2136 4657 remissionem
2168 4597 2330 4676 peccato-

301 4709 393 4782 lom.
414 4704 471 4778 fin
498 4699 671 4775 Perbnnc
687 4695 1049 4774 babemusaccessum
1066 4703 1146 4772 lide.
1181 4701 1285 4774 Sem·
1336 4712 1436 4774 rum,
1473 4703 1510 4762 et
1536 4689 1709 4761 liberatus
1740 4703 1793 4762 est
1820 4689 1867 4760 ab
1898 4688 2079 4760 interisse
2104 4681 2328 4760 abiunej,

301 4835 343 4882 er
370 4811 488 4904 igitur
505 4807 659 4898 primurn
677 4817 711 4874 ct
729 4803 925 4894 principale
941 4803 1119 4876 obiectum
1134 4801 1218 4874 fidei
1234 4818 1286 4878 est
1336 4787 1499 4866 Credidit
1515 4785 1698 4862 Abraham
1713 4786 1793 4862 Deo
1809 4805 1877 4866 etc.

301 4911 384 4986 leus
408 4934 488 4981 non
508 4909 680 4990 irascens,
705 4908 766 4976 sed
792 4921 937 4998 propter
962 4905 1077 4977 lilium
1100 4929 1167 4976 nos
1188 4907 1281 4977 reci·
1438 4906 1538 4979 Haec
1559 4907 1744 4999 responsio
1767 4931 1849 4978 vera
1875 4920 1912 4978 et
1934 4907 2036 4978 firma
2058 4919 2111 4978 est
2119 4956 2134 4992 ,
2177 4903 2269 4977 sicut
2293 4921 2331 4981 et

302 5017 411 5100 iens,
440 5025 476 5084 et
499 5011 614 5103 prima
638 5009 733 5081 lucta
754 5023 829 5094 est,
855 5009 915 5082 An
939 5009 1040 5082 Deus
1063 5008 1150 5082 velit
1169 5019 1204 5078 te
1228 5033 1287 5080 re-
1337 5009 1554 5104 esperientia
1575 5024 1723 5083 testatur
1736 5009 1774 5078 in
1790 5009 1953 5081 omniurn
1966 5009 2110 5102 piorum
2124 5008 2304 5081 cordibus,

303 5141 419 5212 ¹lim·
1441 5144 1542 5215 ldem
1558 5158 1674 5217 textus
1691 5145 1729 5213 in
1746 5143 1862 5215 Moise
1877 5144 2053 5230 ostendit,
2077 5144 2164 5238 qnid
2189 5145 2241 5216 ibi
2264 5169 2333 5216 uo·

389 5249 558 5344 Cumque
577 5247 650 5318 iarn
674 5245 854 5317 credimus
876 5270 958 5318 euru
983 5269 1058 5318 esse
1074 5247 1286 5340 propicium,
1338 5249 1451 5320 minet
1471 5245 1618 5328 Fidem,
1653 5247 1820 5318 videlieet
1843 5270 1917 5316 non
1939 5259 2079 5318 tantum
2105 5248 2274 5318 noticiam
2297 5262 2333 5319 te

303 5369 413 5427 uetes
437 5363 660 5443 expectamus
683 5349 729 5420 ab
753 5371 795 5420 eo
817 5361 953 5420 caetera
976 5351 1158 5424 beneficia.
1211 5345 1286 5420 Ge·
1337 5349 1427 5435 Deo,
1452 5349 1570 5444 qualis
1585 5361 1642 5420 est
1654 5350 1693 5417 in
1710 5349 1883 5435 diabolis,
1909 5349 1967 5418 vel
1982 5349 2021 5417 in
2036 5343 2213 5431 Etbnieis,
2234 5352 2335 5444 quod

303 5461 407 5544 leon,
441 5451 558 5524 David
584 5473 657 5524 non
690 5462 833 5540 possent
859 5474 880 5520 a
902 5449 981 5520 Deo
1006 5465 1123 5544 petere
1146 5453 1203 5522 rel
1226 5475 1285 5522 ex·
1338 5455 1383 5526 sit
1399 5451 1515 5537 Deus,
1539 5455 1636 5545 quod
1662 5453 1708 5521 sit
1729 5451 1896 5522 eonditor
1911 5451 2058 5534 mundi,
2083 5451 2243 5543 sapiens,
2269 5474 2334 5521 re·

304 5575 434 5632 sectare
449 5555 635 5640 victorias,
660 5551 730 5621 nisi
749 5551 848 5644 prius
865 5555 1049 5624 crederent
1066 5577 1103 5624 se
1126 5565 1285 5645 receptos
1336 5579 1417 5640 ras,
1443 5556 1576 5639 iustus,
1608 5565 1743 5634 castus,
1778 5554 1961 5642 postulans
1984 5552 2224 5624 obedientiam
2248 5577 2337 5624 con·

304 5685 365 5734 sse
381 5675 417 5733 et
430 5659 568 5752 placere
582 5653 671 5726 Deo.
703 5651 832 5724 Sciunt
847 5667 965 5726 autem
983 5677 1024 5724 er
1039 5655 1286 5747 promissione,
1335 5671 1521 5750 gruentcm
1546 5655 1658 5747 ipsius
1687 5655 1882 5747 sapientiae
1909 5668 1947 5727 et
1978 5654 2175 5735 voluntati,
2209 5670 2246 5728 et
2278 5655 2338 5728 iu-

304 5767 390 5852 {uod
405 5761 624 5852 recipiantur
638 5749 803 5826 bomines
816 5777 882 5846 per
896 5755 1176 5827 miscricordiam
1200 5781 1285 5849 pro·
1337 5760 1460 5832 dicans
1503 5781 1544 5830 ac
1585 5758 1739 5848 puniens
1786 5757 2057 5841 inobedientes,
2100 5755 2192 5828 sicut
2227 5756 2340 5830 Lato·

305 5883 371 5940 =tsr
392 5863 640 5947 mediatorem,
671 5858 768 5928 iuxta
792 5858 944 5929 dictum:
988 5856 1030 5928 ln
1061 5859 1197 5930 semine
1221 5874 1284 5934 tuo
1335 5885 1417 5935 mus
1446 5859 1682 5934 Loraoiensis
1720 5859 1859 5956 inquit,
1898 5857 1982 5930 Non
2016 5859 2125 5929 aliam
2162 5860 2271 5932 inisse
2301 5863 2342 5931 in
