<?xml version="1.0" encoding="UTF-8"?>
<!DOCTYPE html PUBLIC "-//W3C//DTD XHTML 1.0 Transitional//EN"
    "http://www.w3.org/TR/xhtml1/DTD/xhtml1-transitional.dtd">
<html xmlns="http://www.w3.org/1999/xhtml" xml:lang="en" lang="en">
 <head>
  <title>
</title>
<meta http-equiv="Content-Type" content="text/html;charset=utf-8" />
  <meta name='ocr-system' content='tesseract 3.04.00' />
  <meta name='ocr-capabilities' content='ocr_page ocr_carea ocr_par ocr_line ocrx_word'/>
</head>
<body>
  <div class='ocr_page' id='page_1' title='image "./philippimelanth08bindgoog_0429.png"; bbox 0 0 5825 6950; ppageno 0'>
   <div class='ocr_carea' id='block_1_1' title="bbox 562 585 2571 730">
    <p class='ocr_par' dir='ltr' id='par_1_1' title="bbox 562 585 2571 730">
     <span class='ocr_line' id='line_1_1' title="bbox 562 585 2571 730; baseline 0.005 -12"><span class='ocrx_word' id='word_1_1' title='bbox 562 653 639 729; x_wconf 71' lang='lat' dir='ltr'>aro</span> <span class='ocrx_word' id='word_1_2' title='bbox 883 648 890 704; x_wconf 89' lang='lat'>:</span> <span class='ocrx_word' id='word_1_3' title='bbox 1016 641 1020 652; x_wconf 90' lang='lat'><em>·</em></span> <span class='ocrx_word' id='word_1_4' title='bbox 1152 629 1299 730; x_wconf 58' lang='lat' dir='ltr'>,rum</span> <span class='ocrx_word' id='word_1_5' title='bbox 1318 641 1442 722; x_wconf 77' lang='lat' dir='ltr'>nno</span> <span class='ocrx_word' id='word_1_6' title='bbox 1467 639 1680 718; x_wconf 82' lang='lat' dir='ltr'>scaram</span> <span class='ocrx_word' id='word_1_7' title='bbox 1706 637 2061 728; x_wconf 75' lang='lat' dir='ltr'>monnica·</span> <span class='ocrx_word' id='word_1_8' title='bbox 2223 585 2226 592; x_wconf 52' lang='grc'><em>’</em></span> <span class='ocrx_word' id='word_1_9' title='bbox 2318 640 2321 649; x_wconf 92' lang='grc'><strong><em>·</em></strong></span> <span class='ocrx_word' id='word_1_10' title='bbox 2507 655 2571 730; x_wconf 84' lang='lat' dir='ltr'>seo</span> 
     </span>
    </p>
   </div>
   <div class='ocr_carea' id='block_1_2' title="bbox 516 805 2587 3061">
    <p class='ocr_par' dir='ltr' id='par_1_2' title="bbox 516 805 2587 3061">
     <span class='ocr_line' id='line_1_2' title="bbox 564 805 2575 918; baseline -0.001 -18"><span class='ocrx_word' id='word_1_11' title='bbox 564 819 745 902; x_wconf 78' lang='lat' dir='ltr'>decretum</span> <span class='ocrx_word' id='word_1_12' title='bbox 780 815 898 918; x_wconf 78' lang='lat' dir='ltr'>neque</span> <span class='ocrx_word' id='word_1_13' title='bbox 921 815 1064 910; x_wconf 83' lang='lat' dir='ltr'>angeli,</span> <span class='ocrx_word' id='word_1_14' title='bbox 1111 845 1228 914; x_wconf 79' lang='lat' dir='ltr'>neqrre</span> <span class='ocrx_word' id='word_1_15' title='bbox 1257 813 1425 891; x_wconf 86' lang='lat' dir='ltr'>homines</span> <span class='ocrx_word' id='word_1_16' title='bbox 1452 840 1558 889; x_wconf 90' lang='lat' dir='ltr'>nosse</span> <span class='ocrx_word' id='word_1_17' title='bbox 1593 805 1703 910; x_wconf 58' lang='lat' dir='ltr'>⁴&#39;cepti</span> <span class='ocrx_word' id='word_1_18' title='bbox 1727 819 1904 890; x_wconf 86' lang='lat' dir='ltr'>advitam</span> <span class='ocrx_word' id='word_1_19' title='bbox 1933 815 2138 905; x_wconf 62' lang='lat' dir='ltr'>&#39;adernam</span> <span class='ocrx_word' id='word_1_20' title='bbox 2186 837 2331 916; x_wconf 84' lang='lat' dir='ltr'>propter</span> <span class='ocrx_word' id='word_1_21' title='bbox 2359 821 2485 914; x_wconf 91' lang='lat' dir='ltr'>legem,</span> <span class='ocrx_word' id='word_1_22' title='bbox 2523 831 2575 898; x_wconf 87' lang='lat' dir='ltr'>scd</span> 
     </span>
     <span class='ocr_line' id='line_1_3' title="bbox 565 915 2576 1024; baseline -0.001 -23"><span class='ocrx_word' id='word_1_23' title='bbox 565 943 749 1024; x_wconf 80' lang='lat' dir='ltr'><strong>poterant,</strong></span> <span class='ocrx_word' id='word_1_24' title='bbox 775 925 843 994; x_wconf 89' lang='lat' dir='ltr'>nisi</span> <span class='ocrx_word' id='word_1_25' title='bbox 865 921 941 994; x_wconf 90' lang='lat' dir='ltr'>Deo</span> <span class='ocrx_word' id='word_1_26' title='bbox 963 925 1041 1016; x_wconf 90' lang='lat' dir='ltr'>ipso</span> <span class='ocrx_word' id='word_1_27' title='bbox 1066 924 1325 1017; x_wconf 72' lang='lat' dir='ltr'><strong>promulgante.</strong></span> <span class='ocrx_word' id='word_1_28' title='bbox 1375 922 1433 994; x_wconf 83' lang='lat' dir='ltr'>Sit</span> <span class='ocrx_word' id='word_1_29' title='bbox 1451 922 1561 1012; x_wconf 88' lang='lat' dir='ltr'>igitur</span> <span class='ocrx_word' id='word_1_30' title='bbox 1612 915 1757 1013; x_wconf 88' lang='lat' dir='ltr'>propt&#39;er</span> <span class='ocrx_word' id='word_1_31' title='bbox 1777 922 2010 994; x_wconf 70' lang='lat' dir='ltr'>mediatorem</span> <span class='ocrx_word' id='word_1_32' title='bbox 2031 925 2110 1000; x_wconf 85' lang='lat' dir='ltr'>bde.</span> <span class='ocrx_word' id='word_1_33' title='bbox 2162 923 2242 1000; x_wconf 88' lang='lat' dir='ltr'>Una</span> <span class='ocrx_word' id='word_1_34' title='bbox 2265 941 2316 998; x_wconf 90' lang='lat' dir='ltr'>est</span> <span class='ocrx_word' id='word_1_35' title='bbox 2337 927 2431 998; x_wconf 85' lang='lat' dir='ltr'>enim</span> <span class='ocrx_word' id='word_1_36' title='bbox 2453 941 2486 1000; x_wconf 91' lang='grc' dir='ltr'>ει</span> <span class='ocrx_word' id='word_1_37' title='bbox 2505 923 2576 1020; x_wconf 77' lang='grc' dir='ltr'>ρεε·Ι</span> 
     </span>
     <span class='ocr_line' id='line_1_4' title="bbox 567 1022 2577 1119; baseline -0.002 -15"><span class='ocrx_word' id='word_1_38' title='bbox 567 1029 842 1104; x_wconf 84' lang='lat' dir='ltr'>haerdeboitio.</span> <span class='ocrx_word' id='word_1_39' title='bbox 1612 1022 1732 1094; x_wconf 91' lang='lat' dir='ltr'>missio</span> <span class='ocrx_word' id='word_1_40' title='bbox 1758 1023 1979 1093; x_wconf 89' lang='lat' dir='ltr'>remissionis</span> <span class='ocrx_word' id='word_1_41' title='bbox 2000 1041 2224 1119; x_wconf 83' lang='lat' dir='ltr'>peecatorum</span> <span class='ocrx_word' id='word_1_42' title='bbox 2250 1041 2283 1098; x_wconf 90' lang='lat' dir='ltr'>et</span> <span class='ocrx_word' id='word_1_43' title='bbox 2314 1031 2407 1100; x_wconf 82' lang='lat' dir='ltr'>vitae</span> <span class='ocrx_word' id='word_1_44' title='bbox 2433 1043 2577 1102; x_wconf 88' lang='lat' dir='ltr'>setemae</span> 
     </span>
     <span class='ocr_line' id='line_1_5' title="bbox 587 1124 2587 1220; baseline -0.001 -17"><span class='ocrx_word' id='word_1_45' title='bbox 587 1155 592 1164; x_wconf 87' lang='grc'>·</span> <span class='ocrx_word' id='word_1_46' title='bbox 673 1129 910 1220; x_wconf 84' lang='lat' dir='ltr'>Evangelium</span> <span class='ocrx_word' id='word_1_47' title='bbox 928 1140 980 1198; x_wconf 87' lang='lat' dir='ltr'>est</span> <span class='ocrx_word' id='word_1_48' title='bbox 998 1126 1215 1219; x_wconf 87' lang='lat' dir='ltr'>praedicatio</span> <span class='ocrx_word' id='word_1_49' title='bbox 1238 1124 1499 1218; x_wconf 87' lang='lat' dir='ltr'>poenitentiae,</span> <span class='ocrx_word' id='word_1_50' title='bbox 1525 1135 1561 1194; x_wconf 87' lang='lat' dir='ltr'>et</span> <span class='ocrx_word' id='word_1_51' title='bbox 1612 1127 1774 1198; x_wconf 90' lang='lat' dir='ltr'>omnium</span> <span class='ocrx_word' id='word_1_52' title='bbox 1791 1139 2014 1216; x_wconf 88' lang='lat' dir='ltr'>temporum,</span> <span class='ocrx_word' id='word_1_53' title='bbox 2037 1129 2131 1200; x_wconf 89' lang='lat' dir='ltr'>edita</span> <span class='ocrx_word' id='word_1_54' title='bbox 2150 1130 2256 1201; x_wconf 86' lang='lat' dir='ltr'>initio</span> <span class='ocrx_word' id='word_1_55' title='bbox 2278 1125 2336 1200; x_wconf 91' lang='lat' dir='ltr'>his</span> <span class='ocrx_word' id='word_1_56' title='bbox 2356 1132 2484 1202; x_wconf 88' lang='lat' dir='ltr'>verbis:</span> <span class='ocrx_word' id='word_1_57' title='bbox 2524 1131 2587 1204; x_wconf 78' lang='lat' dir='ltr'>Se·</span> 
     </span>
     <span class='ocr_line' id='line_1_6' title="bbox 568 1223 2580 1330; baseline -0 -24"><span class='ocrx_word' id='word_1_58' title='bbox 568 1233 776 1330; x_wconf 76' lang='lat' dir='ltr'>promissio,</span> <span class='ocrx_word' id='word_1_59' title='bbox 802 1232 904 1301; x_wconf 90' lang='lat' dir='ltr'>cuius</span> <span class='ocrx_word' id='word_1_60' title='bbox 923 1231 1056 1300; x_wconf 83' lang='lat' dir='ltr'>noticia</span> <span class='ocrx_word' id='word_1_61' title='bbox 1074 1254 1147 1299; x_wconf 91' lang='lat' dir='ltr'>non</span> <span class='ocrx_word' id='word_1_62' title='bbox 1169 1229 1327 1300; x_wconf 90' lang='lat' dir='ltr'>nascitur</span> <span class='ocrx_word' id='word_1_63' title='bbox 1343 1251 1425 1298; x_wconf 90' lang='lat' dir='ltr'>cum</span> <span class='ocrx_word' id='word_1_64' title='bbox 1440 1223 1562 1298; x_wconf 91' lang='lat' dir='ltr'>homi·</span> <span class='ocrx_word' id='word_1_65' title='bbox 1614 1247 1695 1296; x_wconf 89' lang='lat' dir='ltr'>men</span> <span class='ocrx_word' id='word_1_66' title='bbox 1734 1226 1896 1298; x_wconf 86' lang='lat' dir='ltr'>mulieris</span> <span class='ocrx_word' id='word_1_67' title='bbox 1934 1231 2155 1302; x_wconf 72' lang='lat' dir='ltr'>conculcabit</span> <span class='ocrx_word' id='word_1_68' title='bbox 2195 1244 2299 1322; x_wconf 88' lang='lat' dir='ltr'>caput</span> <span class='ocrx_word' id='word_1_69' title='bbox 2339 1233 2521 1324; x_wconf 88' lang='lat' dir='ltr'>serpentis,</span> <span class='ocrx_word' id='word_1_70' title='bbox 2551 1249 2580 1306; x_wconf 89' lang='lat' dir='ltr'>et</span> 
     </span>
     <span class='ocr_line' id='line_1_7' title="bbox 569 1329 2580 1427; baseline -0 -19"><span class='ocrx_word' id='word_1_71' title='bbox 569 1340 696 1427; x_wconf 88' lang='lat' dir='ltr'>nibus,</span> <span class='ocrx_word' id='word_1_72' title='bbox 724 1337 784 1406; x_wconf 90' lang='lat' dir='ltr'>sed</span> <span class='ocrx_word' id='word_1_73' title='bbox 802 1357 841 1402; x_wconf 82' lang='lat' dir='ltr'>es</span> <span class='ocrx_word' id='word_1_74' title='bbox 858 1356 988 1403; x_wconf 88' lang='lat' dir='ltr'>arcano</span> <span class='ocrx_word' id='word_1_75' title='bbox 1007 1331 1157 1402; x_wconf 89' lang='lat' dir='ltr'>consilio</span> <span class='ocrx_word' id='word_1_76' title='bbox 1174 1331 1308 1402; x_wconf 88' lang='lat' dir='ltr'>aeterni</span> <span class='ocrx_word' id='word_1_77' title='bbox 1322 1330 1457 1424; x_wconf 89' lang='lat' dir='ltr'>patris,</span> <span class='ocrx_word' id='word_1_78' title='bbox 1491 1329 1562 1400; x_wconf 88' lang='lat' dir='ltr'>im·</span> <span class='ocrx_word' id='word_1_79' title='bbox 1614 1329 1744 1400; x_wconf 90' lang='lat' dir='ltr'>deinde</span> <span class='ocrx_word' id='word_1_80' title='bbox 1768 1330 1878 1420; x_wconf 92' lang='lat' dir='ltr'>magis</span> <span class='ocrx_word' id='word_1_81' title='bbox 1899 1332 2080 1427; x_wconf 83' lang='lat' dir='ltr'>magisque</span> <span class='ocrx_word' id='word_1_82' title='bbox 2105 1335 2279 1404; x_wconf 86' lang='lat' dir='ltr'>illustrata</span> <span class='ocrx_word' id='word_1_83' title='bbox 2302 1359 2387 1405; x_wconf 84' lang='lat' dir='ltr'>voce</span> <span class='ocrx_word' id='word_1_84' title='bbox 2402 1329 2580 1426; x_wconf 87' lang='lat' dir='ltr'>Propheta-</span> 
     </span>
     <span class='ocr_line' id='line_1_8' title="bbox 572 1429 2581 1527; baseline -0 -18"><span class='ocrx_word' id='word_1_85' title='bbox 572 1462 695 1510; x_wconf 88' lang='lat' dir='ltr'>meosn</span> <span class='ocrx_word' id='word_1_86' title='bbox 719 1436 895 1520; x_wconf 90' lang='lat' dir='ltr'>bonitate,</span> <span class='ocrx_word' id='word_1_87' title='bbox 928 1434 1065 1526; x_wconf 90' lang='lat' dir='ltr'>prolata</span> <span class='ocrx_word' id='word_1_88' title='bbox 1089 1447 1123 1504; x_wconf 91' lang='lat' dir='ltr'>et</span> <span class='ocrx_word' id='word_1_89' title='bbox 1147 1434 1317 1527; x_wconf 89' lang='lat' dir='ltr'>patefacta</span> <span class='ocrx_word' id='word_1_90' title='bbox 1334 1448 1404 1520; x_wconf 89' lang='lat' dir='ltr'>est,</span> <span class='ocrx_word' id='word_1_91' title='bbox 1427 1433 1466 1502; x_wconf 94' lang='lat' dir='ltr'>in</span> <span class='ocrx_word' id='word_1_92' title='bbox 1491 1455 1561 1527; x_wconf 88' lang='lat' dir='ltr'>qua</span> <span class='ocrx_word' id='word_1_93' title='bbox 1615 1455 1706 1506; x_wconf 92' lang='lat' dir='ltr'>rum.</span> <span class='ocrx_word' id='word_1_94' title='bbox 1759 1429 1879 1520; x_wconf 89' lang='lat' dir='ltr'>Quare</span> <span class='ocrx_word' id='word_1_95' title='bbox 1907 1457 1981 1502; x_wconf 92' lang='lat' dir='ltr'>uno</span> <span class='ocrx_word' id='word_1_96' title='bbox 2004 1449 2038 1506; x_wconf 90' lang='lat' dir='ltr'>et</span> <span class='ocrx_word' id='word_1_97' title='bbox 2060 1438 2185 1507; x_wconf 89' lang='lat' dir='ltr'>eodem</span> <span class='ocrx_word' id='word_1_98' title='bbox 2209 1435 2464 1509; x_wconf 68' lang='lat' dir='ltr'>modo&#39;omncs</span> <span class='ocrx_word' id='word_1_99' title='bbox 2485 1439 2581 1510; x_wconf 78' lang='lat' dir='ltr'>murti</span> 
     </span>
     <span class='ocr_line' id='line_1_9' title="bbox 574 1533 2583 1634; baseline 0 -23"><span class='ocrx_word' id='word_1_100' title='bbox 574 1543 751 1634; x_wconf 88' lang='lat' dir='ltr'>promittit</span> <span class='ocrx_word' id='word_1_101' title='bbox 776 1535 872 1608; x_wconf 90' lang='lat' dir='ltr'>Deus</span> <span class='ocrx_word' id='word_1_102' title='bbox 896 1554 1040 1629; x_wconf 92' lang='lat' dir='ltr'>propter</span> <span class='ocrx_word' id='word_1_103' title='bbox 1061 1536 1196 1620; x_wconf 87' lang='lat' dir='ltr'>blium,</span> <span class='ocrx_word' id='word_1_104' title='bbox 1228 1537 1356 1628; x_wconf 87' lang='lat' dir='ltr'>gratis,</span> <span class='ocrx_word' id='word_1_105' title='bbox 1381 1534 1562 1606; x_wconf 90' lang='lat' dir='ltr'>remissio-</span> <span class='ocrx_word' id='word_1_106' title='bbox 1617 1536 1663 1605; x_wconf 87' lang='lat' dir='ltr'>ab</span> <span class='ocrx_word' id='word_1_107' title='bbox 1693 1533 1797 1604; x_wconf 91' lang='lat' dir='ltr'>initio</span> <span class='ocrx_word' id='word_1_108' title='bbox 1827 1535 2006 1628; x_wconf 84' lang='lat' dir='ltr'>rccipiunt</span> <span class='ocrx_word' id='word_1_109' title='bbox 2038 1537 2282 1608; x_wconf 89' lang='lat' dir='ltr'>remissionem</span> <span class='ocrx_word' id='word_1_110' title='bbox 2313 1541 2528 1630; x_wconf 83' lang='lat' dir='ltr'>peccatoram</span> <span class='ocrx_word' id='word_1_111' title='bbox 2554 1553 2583 1610; x_wconf 88' lang='lat' dir='ltr'>et</span> 
     </span>
     <span class='ocr_line' id='line_1_10' title="bbox 574 1636 2582 1734; baseline -0.001 -21"><span class='ocrx_word' id='word_1_112' title='bbox 574 1666 658 1713; x_wconf 88' lang='lat' dir='ltr'>nem</span> <span class='ocrx_word' id='word_1_113' title='bbox 699 1652 950 1734; x_wconf 88' lang='lat' dir='ltr'>peccatorum,</span> <span class='ocrx_word' id='word_1_114' title='bbox 990 1637 1345 1728; x_wconf 79' lang='lat' dir='ltr'>reconciliationem,</span> <span class='ocrx_word' id='word_1_115' title='bbox 1387 1636 1563 1729; x_wconf 84' lang='lat' dir='ltr'>Spiritum</span> <span class='ocrx_word' id='word_1_116' title='bbox 1615 1636 1725 1706; x_wconf 86' lang='lat' dir='ltr'>vitam</span> <span class='ocrx_word' id='word_1_117' title='bbox 1747 1651 1927 1710; x_wconf 86' lang='lat' dir='ltr'>aeternam</span> <span class='ocrx_word' id='word_1_118' title='bbox 1947 1638 2035 1723; x_wconf 86' lang='lat' dir='ltr'>lide,</span> <span class='ocrx_word' id='word_1_119' title='bbox 2066 1639 2195 1725; x_wconf 90' lang='lat' dir='ltr'>idest,</span> <span class='ocrx_word' id='word_1_120' title='bbox 2228 1640 2358 1710; x_wconf 86' lang='lat' dir='ltr'>fiducia</span> <span class='ocrx_word' id='word_1_121' title='bbox 2385 1641 2582 1724; x_wconf 85' lang='lat' dir='ltr'>mediatoris,</span> 
     </span>
     <span class='ocr_line' id='line_1_11' title="bbox 575 1737 2581 1833; baseline -0.002 -17"><span class='ocrx_word' id='word_1_122' title='bbox 575 1759 755 1827; x_wconf 89' lang='lat' dir='ltr'>sanctum,</span> <span class='ocrx_word' id='word_1_123' title='bbox 781 1741 956 1812; x_wconf 85' lang='lat' dir='ltr'>iusticiam</span> <span class='ocrx_word' id='word_1_124' title='bbox 971 1754 1006 1813; x_wconf 88' lang='lat' dir='ltr'>et</span> <span class='ocrx_word' id='word_1_125' title='bbox 1028 1741 1136 1810; x_wconf 84' lang='lat' dir='ltr'>vitam</span> <span class='ocrx_word' id='word_1_126' title='bbox 1159 1753 1360 1828; x_wconf 88' lang='lat' dir='ltr'>aeternam,</span> <span class='ocrx_word' id='word_1_127' title='bbox 1386 1737 1563 1811; x_wconf 87' lang='lat' dir='ltr'>credenti·</span> <span class='ocrx_word' id='word_1_128' title='bbox 1616 1761 1720 1833; x_wconf 89' lang='lat' dir='ltr'>quem</span> <span class='ocrx_word' id='word_1_129' title='bbox 1742 1739 1930 1830; x_wconf 78' lang='lat' dir='ltr'>promissio</span> <span class='ocrx_word' id='word_1_130' title='bbox 1946 1753 2137 1824; x_wconf 86' lang='lat' dir='ltr'>monstrat,</span> <span class='ocrx_word' id='word_1_131' title='bbox 2163 1741 2258 1812; x_wconf 82' lang='lat' dir='ltr'>iuxta</span> <span class='ocrx_word' id='word_1_132' title='bbox 2278 1741 2385 1813; x_wconf 91' lang='lat' dir='ltr'>illud:</span> <span class='ocrx_word' id='word_1_133' title='bbox 2413 1740 2502 1813; x_wconf 85' lang='lat' dir='ltr'>Huic</span> <span class='ocrx_word' id='word_1_134' title='bbox 2517 1767 2581 1812; x_wconf 89' lang='lat' dir='ltr'>om-</span> 
     </span>
     <span class='ocr_line' id='line_1_12' title="bbox 573 1834 2582 1934; baseline -0.004 -14"><span class='ocrx_word' id='word_1_135' title='bbox 573 1849 643 1920; x_wconf 87' lang='lat' dir='ltr'>bus</span> <span class='ocrx_word' id='word_1_136' title='bbox 665 1848 703 1915; x_wconf 92' lang='lat' dir='ltr'>in</span> <span class='ocrx_word' id='word_1_137' title='bbox 728 1845 854 1917; x_wconf 88' lang='lat' dir='ltr'>lilium.</span> <span class='ocrx_word' id='word_1_138' title='bbox 1617 1865 1679 1911; x_wconf 89' lang='lat' dir='ltr'>nes</span> <span class='ocrx_word' id='word_1_139' title='bbox 1705 1834 1904 1931; x_wconf 77' lang='lat' dir='ltr'>Prophetae</span> <span class='ocrx_word' id='word_1_140' title='bbox 1929 1835 2119 1930; x_wconf 89' lang='lat' dir='ltr'>perhibent</span> <span class='ocrx_word' id='word_1_141' title='bbox 2150 1843 2411 1925; x_wconf 88' lang='lat' dir='ltr'>testimonium,</span> <span class='ocrx_word' id='word_1_142' title='bbox 2444 1845 2582 1934; x_wconf 83' lang='lat' dir='ltr'>accipere</span> 
     </span>
     <span class='ocr_line' id='line_1_13' title="bbox 637 1939 2582 2037; baseline -0.002 -19"><span class='ocrx_word' id='word_1_143' title='bbox 637 1939 644 1946; x_wconf 70' lang='grc'><strong>’</strong></span> <span class='ocrx_word' id='word_1_144' title='bbox 676 1947 774 2018; x_wconf 88' lang='lat' dir='ltr'>Haec</span> <span class='ocrx_word' id='word_1_145' title='bbox 796 1945 954 2015; x_wconf 82' lang='lat' dir='ltr'>definitio</span> <span class='ocrx_word' id='word_1_146' title='bbox 974 1943 1128 2016; x_wconf 90' lang='lat' dir='ltr'>sumitur</span> <span class='ocrx_word' id='word_1_147' title='bbox 1143 1956 1178 2014; x_wconf 88' lang='lat' dir='ltr'>et</span> <span class='ocrx_word' id='word_1_148' title='bbox 1195 1967 1237 2015; x_wconf 85' lang='lat' dir='ltr'>ex</span> <span class='ocrx_word' id='word_1_149' title='bbox 1249 1939 1317 2015; x_wconf 86' lang='lat' dir='ltr'>h&#39;ac</span> <span class='ocrx_word' id='word_1_150' title='bbox 1331 1943 1407 2037; x_wconf 84' lang='lat' dir='ltr'>ips&#39;a</span> <span class='ocrx_word' id='word_1_151' title='bbox 1424 1943 1565 2034; x_wconf 86' lang='lat' dir='ltr'>epigra-</span> <span class='ocrx_word' id='word_1_152' title='bbox 1616 1941 1858 2013; x_wconf 89' lang='lat' dir='ltr'>remissionem</span> <span class='ocrx_word' id='word_1_153' title='bbox 1876 1955 2098 2032; x_wconf 90' lang='lat' dir='ltr'>peccatorum</span> <span class='ocrx_word' id='word_1_154' title='bbox 2115 1969 2180 2037; x_wconf 88' lang='lat' dir='ltr'>per</span> <span class='ocrx_word' id='word_1_155' title='bbox 2198 1945 2440 2034; x_wconf 79' lang='lat' dir='ltr'>nomenoius,</span> <span class='ocrx_word' id='word_1_156' title='bbox 2464 1941 2582 2016; x_wconf 86' lang='lat' dir='ltr'>Omnes</span> 
     </span>
     <span class='ocr_line' id='line_1_14' title="bbox 577 2044 2033 2146; baseline -0.001 -26"><span class='ocrx_word' id='word_1_157' title='bbox 577 2047 662 2146; x_wconf 87' lang='lat' dir='ltr'>pho,</span> <span class='ocrx_word' id='word_1_158' title='bbox 679 2063 713 2120; x_wconf 90' lang='lat' dir='ltr'>et</span> <span class='ocrx_word' id='word_1_159' title='bbox 725 2049 891 2138; x_wconf 78' lang='lat' dir='ltr'>deinceps</span> <span class='ocrx_word' id='word_1_160' title='bbox 904 2071 943 2117; x_wconf 82' lang='lat' dir='ltr'>er</span> <span class='ocrx_word' id='word_1_161' title='bbox 960 2044 1154 2140; x_wconf 79' lang='lat' dir='ltr'>perspicuis</span> <span class='ocrx_word' id='word_1_162' title='bbox 1169 2047 1338 2117; x_wconf 80' lang='lat' dir='ltr'>membris</span> <span class='ocrx_word' id='word_1_163' title='bbox 1354 2047 1563 2138; x_wconf 74' lang='lat' dir='ltr'>praecipuae</span> <span class='ocrx_word' id='word_1_164' title='bbox 1617 2045 1678 2139; x_wconf 88' lang='lat' dir='ltr'>qni</span> <span class='ocrx_word' id='word_1_165' title='bbox 1702 2045 1853 2116; x_wconf 89' lang='lat' dir='ltr'>credunt</span> <span class='ocrx_word' id='word_1_166' title='bbox 1876 2045 1915 2114; x_wconf 92' lang='lat' dir='ltr'>in</span> <span class='ocrx_word' id='word_1_167' title='bbox 1940 2069 2033 2119; x_wconf 87' lang='lat' dir='ltr'>curo.</span> 
     </span>
     <span class='ocr_line' id='line_1_15' title="bbox 577 2145 1563 2246; baseline -0.008 -22"><span class='ocrx_word' id='word_1_168' title='bbox 577 2150 832 2246; x_wconf 77' lang='lat' dir='ltr'>disputationis</span> <span class='ocrx_word' id='word_1_169' title='bbox 847 2152 884 2219; x_wconf 91' lang='lat' dir='ltr'>in</span> <span class='ocrx_word' id='word_1_170' title='bbox 899 2145 966 2218; x_wconf 88' lang='lat' dir='ltr'>hac</span> <span class='ocrx_word' id='word_1_171' title='bbox 978 2147 1151 2239; x_wconf 79' lang='lat' dir='ltr'>Epistola.</span> <span class='ocrx_word' id='word_1_172' title='bbox 1202 2145 1249 2222; x_wconf 94' lang='lat' dir='ltr'>Ut</span> <span class='ocrx_word' id='word_1_173' title='bbox 1271 2148 1365 2219; x_wconf 87' lang='lat' dir='ltr'>infra</span> <span class='ocrx_word' id='word_1_174' title='bbox 1384 2145 1510 2240; x_wconf 87' lang='lat' dir='ltr'>Capite</span> <span class='ocrx_word' id='word_1_175' title='bbox 1527 2145 1563 2217; x_wconf 71' lang='lat' dir='ltr'>b.</span> 
     </span>
     <span class='ocr_line' id='line_1_16' title="bbox 578 2247 1564 2340; baseline -0.009 -13"><span class='ocrx_word' id='word_1_176' title='bbox 578 2279 660 2327; x_wconf 85' lang='lat' dir='ltr'>cnm</span> <span class='ocrx_word' id='word_1_177' title='bbox 676 2254 818 2324; x_wconf 88' lang='lat' dir='ltr'>dicitur.</span> <span class='ocrx_word' id='word_1_178' title='bbox 869 2251 974 2322; x_wconf 88' lang='lat' dir='ltr'>Nunc</span> <span class='ocrx_word' id='word_1_179' title='bbox 991 2253 1067 2321; x_wconf 90' lang='lat' dir='ltr'>sine</span> <span class='ocrx_word' id='word_1_180' title='bbox 1092 2252 1168 2339; x_wconf 89' lang='lat' dir='ltr'>lege</span> <span class='ocrx_word' id='word_1_181' title='bbox 1190 2247 1412 2340; x_wconf 77' lang='lat' dir='ltr'>manifestata</span> <span class='ocrx_word' id='word_1_182' title='bbox 1434 2261 1487 2320; x_wconf 85' lang='lat' dir='ltr'>est</span> <span class='ocrx_word' id='word_1_183' title='bbox 1508 2248 1564 2318; x_wconf 93' lang='lat' dir='ltr'>iu-</span> 
     </span>
     <span class='ocr_line' id='line_1_17' title="bbox 578 2351 1564 2443; baseline -0.009 -14"><span class='ocrx_word' id='word_1_184' title='bbox 578 2357 678 2429; x_wconf 90' lang='lat' dir='ltr'>sticia</span> <span class='ocrx_word' id='word_1_185' title='bbox 697 2354 775 2429; x_wconf 88' lang='lat' dir='ltr'>Dei.</span> <span class='ocrx_word' id='word_1_186' title='bbox 828 2353 937 2427; x_wconf 86' lang='lat' dir='ltr'>Item:</span> <span class='ocrx_word' id='word_1_187' title='bbox 963 2351 1084 2422; x_wconf 88' lang='lat' dir='ltr'>Gratis</span> <span class='ocrx_word' id='word_1_188' title='bbox 1106 2352 1337 2424; x_wconf 82' lang='lat' dir='ltr'>iustificamur</span> <span class='ocrx_word' id='word_1_189' title='bbox 1358 2351 1445 2437; x_wconf 85' lang='lat' dir='ltr'>fide,</span> <span class='ocrx_word' id='word_1_190' title='bbox 1480 2373 1564 2443; x_wconf 91' lang='lat' dir='ltr'>pro-</span> 
     </span>
     <span class='ocr_line' id='line_1_18' title="bbox 577 2451 1649 2552; baseline -0.007 -24"><span class='ocrx_word' id='word_1_191' title='bbox 577 2471 660 2552; x_wconf 90' lang='lat' dir='ltr'>pter</span> <span class='ocrx_word' id='word_1_192' title='bbox 681 2457 795 2526; x_wconf 87' lang='lat' dir='ltr'>blium</span> <span class='ocrx_word' id='word_1_193' title='bbox 819 2471 883 2533; x_wconf 91' lang='lat' dir='ltr'>etc.</span> <span class='ocrx_word' id='word_1_194' title='bbox 934 2451 983 2526; x_wconf 88' lang='lat' dir='ltr'>Et</span> <span class='ocrx_word' id='word_1_195' title='bbox 998 2455 1081 2549; x_wconf 90' lang='lat' dir='ltr'>quia</span> <span class='ocrx_word' id='word_1_196' title='bbox 1105 2454 1196 2523; x_wconf 89' lang='lat' dir='ltr'>infra</span> <span class='ocrx_word' id='word_1_197' title='bbox 1219 2477 1275 2524; x_wconf 87' lang='lat' dir='ltr'>res</span> <span class='ocrx_word' id='word_1_198' title='bbox 1298 2454 1439 2524; x_wconf 87' lang='lat' dir='ltr'>eaedem</span> <span class='ocrx_word' id='word_1_199' title='bbox 1462 2477 1565 2545; x_wconf 91' lang='lat' dir='ltr'>repe·</span> <span class='ocrx_word' id='word_1_200' title='bbox 1645 2540 1649 2548; x_wconf 25' lang='grc' dir='ltr'><strong><em>Ι</em></strong></span> 
     </span>
     <span class='ocr_line' id='line_1_19' title="bbox 516 2550 2579 2640; baseline -0.003 -8"><span class='ocrx_word' id='word_1_201' title='bbox 516 2559 520 2564; x_wconf 65' lang='grc'><strong><em>’</em></strong></span> <span class='ocrx_word' id='word_1_202' title='bbox 577 2563 707 2632; x_wconf 82' lang='lat' dir='ltr'>tendas</span> <span class='ocrx_word' id='word_1_203' title='bbox 730 2571 852 2640; x_wconf 89' lang='lat' dir='ltr'>ernnt,</span> <span class='ocrx_word' id='word_1_204' title='bbox 888 2581 987 2627; x_wconf 87' lang='lat' dir='ltr'>nono</span> <span class='ocrx_word' id='word_1_205' title='bbox 1009 2556 1093 2628; x_wconf 91' lang='lat' dir='ltr'>satis</span> <span class='ocrx_word' id='word_1_206' title='bbox 1113 2557 1159 2626; x_wconf 92' lang='lat' dir='ltr'>sit</span> <span class='ocrx_word' id='word_1_207' title='bbox 1186 2553 1345 2626; x_wconf 88' lang='lat' dir='ltr'>iuniores</span> <span class='ocrx_word' id='word_1_208' title='bbox 1365 2556 1564 2639; x_wconf 88' lang='lat' dir='ltr'>monuisse,</span> <span class='ocrx_word' id='word_1_209' title='bbox 1719 2551 1789 2623; x_wconf 84' lang='lat' dir='ltr'>llic</span> <span class='ocrx_word' id='word_1_210' title='bbox 1806 2550 1938 2624; x_wconf 90' lang='lat' dir='ltr'>Paulus</span> <span class='ocrx_word' id='word_1_211' title='bbox 1953 2553 2185 2626; x_wconf 87' lang='lat' dir='ltr'>concionatur</span> <span class='ocrx_word' id='word_1_212' title='bbox 2201 2557 2246 2624; x_wconf 90' lang='lat' dir='ltr'>dc</span> <span class='ocrx_word' id='word_1_213' title='bbox 2261 2555 2403 2628; x_wconf 90' lang='lat' dir='ltr'>duabus</span> <span class='ocrx_word' id='word_1_214' title='bbox 2418 2557 2579 2627; x_wconf 90' lang='lat' dir='ltr'>naturisin</span> 
     </span>
     <span class='ocr_line' id='line_1_20' title="bbox 577 2650 2577 2754; baseline -0.004 -19"><span class='ocrx_word' id='word_1_215' title='bbox 577 2676 619 2735; x_wconf 89' lang='lat' dir='ltr'>ut</span> <span class='ocrx_word' id='word_1_216' title='bbox 642 2685 781 2752; x_wconf 86' lang='lat' dir='ltr'>semper</span> <span class='ocrx_word' id='word_1_217' title='bbox 802 2661 841 2730; x_wconf 93' lang='lat' dir='ltr'>in</span> <span class='ocrx_word' id='word_1_218' title='bbox 863 2673 1054 2750; x_wconf 90' lang='lat' dir='ltr'>conspectu</span> <span class='ocrx_word' id='word_1_219' title='bbox 1083 2652 1238 2754; x_wconf 89' lang='lat' dir='ltr'>habeant</span> <span class='ocrx_word' id='word_1_220' title='bbox 1260 2653 1451 2728; x_wconf 85' lang='lat' dir='ltr'>discrimen</span> <span class='ocrx_word' id='word_1_221' title='bbox 1479 2657 1566 2746; x_wconf 84' lang='lat' dir='ltr'>legis</span> <span class='ocrx_word' id='word_1_222' title='bbox 1618 2655 1761 2729; x_wconf 81' lang='lat' dir='ltr'>Messio.</span> <span class='ocrx_word' id='word_1_223' title='bbox 1801 2653 1855 2726; x_wconf 90' lang='lat' dir='ltr'>De</span> <span class='ocrx_word' id='word_1_224' title='bbox 1874 2668 1997 2724; x_wconf 88' lang='lat' dir='ltr'>natura</span> <span class='ocrx_word' id='word_1_225' title='bbox 2014 2650 2314 2751; x_wconf 84' lang='lat' dir='ltr'>humana,qusm</span> <span class='ocrx_word' id='word_1_226' title='bbox 2334 2661 2493 2730; x_wconf 86' lang='lat' dir='ltr'>assumsit</span> <span class='ocrx_word' id='word_1_227' title='bbox 2508 2659 2577 2728; x_wconf 88' lang='lat' dir='ltr'>lilius</span> 
     </span>
     <span class='ocr_line' id='line_1_21' title="bbox 579 2749 2580 2856; baseline -0.002 -20"><span class='ocrx_word' id='word_1_228' title='bbox 579 2776 615 2835; x_wconf 84' lang='lat' dir='ltr'>et</span> <span class='ocrx_word' id='word_1_229' title='bbox 637 2761 848 2853; x_wconf 86' lang='lat' dir='ltr'>Evangelii,</span> <span class='ocrx_word' id='word_1_230' title='bbox 892 2785 939 2829; x_wconf 92' lang='lat' dir='ltr'>ne</span> <span class='ocrx_word' id='word_1_231' title='bbox 963 2760 1152 2830; x_wconf 87' lang='lat' dir='ltr'>delabatur</span> <span class='ocrx_word' id='word_1_232' title='bbox 1173 2759 1359 2850; x_wconf 73' lang='lat' dir='ltr'>posteritas</span> <span class='ocrx_word' id='word_1_233' title='bbox 1383 2760 1422 2829; x_wconf 90' lang='lat' dir='ltr'>in</span> <span class='ocrx_word' id='word_1_234' title='bbox 1444 2759 1563 2850; x_wconf 87' lang='lat' dir='ltr'>perul-</span> <span class='ocrx_word' id='word_1_235' title='bbox 1619 2773 1827 2830; x_wconf 88' lang='lat' dir='ltr'>coacternus</span> <span class='ocrx_word' id='word_1_236' title='bbox 1848 2757 1938 2847; x_wconf 87' lang='lat' dir='ltr'>patri</span> <span class='ocrx_word' id='word_1_237' title='bbox 1962 2749 2070 2856; x_wconf 70' lang='grc' dir='ltr'><strong><em>λόγος</em></strong></span> <span class='ocrx_word' id='word_1_238' title='bbox 2092 2783 2133 2830; x_wconf 85' lang='lat' dir='ltr'>er</span> <span class='ocrx_word' id='word_1_239' title='bbox 2156 2758 2290 2829; x_wconf 91' lang='lat' dir='ltr'>semine</span> <span class='ocrx_word' id='word_1_240' title='bbox 2310 2757 2444 2842; x_wconf 84' lang='lat' dir='ltr'>David,</span> <span class='ocrx_word' id='word_1_241' title='bbox 2486 2761 2580 2844; x_wconf 81' lang='lat' dir='ltr'>idest,</span> 
     </span>
     <span class='ocr_line' id='line_1_22' title="bbox 580 2857 2581 2953; baseline -0.001 -19"><span class='ocrx_word' id='word_1_242' title='bbox 580 2865 714 2937; x_wconf 88' lang='lat' dir='ltr'>ciosum</span> <span class='ocrx_word' id='word_1_243' title='bbox 738 2887 893 2934; x_wconf 89' lang='lat' dir='ltr'>ermrem</span> <span class='ocrx_word' id='word_1_244' title='bbox 918 2885 1061 2942; x_wconf 90' lang='lat' dir='ltr'>eornm,</span> <span class='ocrx_word' id='word_1_245' title='bbox 1088 2859 1150 2953; x_wconf 90' lang='lat' dir='ltr'>qui</span> <span class='ocrx_word' id='word_1_246' title='bbox 1172 2861 1369 2946; x_wconf 77' lang='lat' dir='ltr'>finxerunt,</span> <span class='ocrx_word' id='word_1_247' title='bbox 1400 2875 1470 2932; x_wconf 87' lang='lat' dir='ltr'>tres</span> <span class='ocrx_word' id='word_1_248' title='bbox 1492 2882 1568 2930; x_wconf 85' lang='lat' dir='ltr'>esse</span> <span class='ocrx_word' id='word_1_249' title='bbox 1618 2886 1660 2932; x_wconf 85' lang='lat' dir='ltr'>ex</span> <span class='ocrx_word' id='word_1_250' title='bbox 1677 2860 1814 2949; x_wconf 86' lang='lat' dir='ltr'>virgine</span> <span class='ocrx_word' id='word_1_251' title='bbox 1833 2857 1959 2928; x_wconf 86' lang='lat' dir='ltr'>Maria.</span> <span class='ocrx_word' id='word_1_252' title='bbox 2000 2857 2054 2930; x_wconf 84' lang='lat' dir='ltr'>De</span> <span class='ocrx_word' id='word_1_253' title='bbox 2069 2873 2195 2931; x_wconf 88' lang='lat' dir='ltr'>natura</span> <span class='ocrx_word' id='word_1_254' title='bbox 2214 2859 2341 2933; x_wconf 88' lang='lat' dir='ltr'>divina</span> <span class='ocrx_word' id='word_1_255' title='bbox 2357 2880 2472 2932; x_wconf 90' lang='lat' dir='ltr'>antem</span> <span class='ocrx_word' id='word_1_256' title='bbox 2487 2863 2581 2932; x_wconf 86' lang='lat' dir='ltr'>addit:</span> 
     </span>
     <span class='ocr_line' id='line_1_23' title="bbox 579 2959 2581 3061; baseline -0.001 -25"><span class='ocrx_word' id='word_1_257' title='bbox 579 2967 691 3057; x_wconf 88' lang='lat' dir='ltr'>leges:</span> <span class='ocrx_word' id='word_1_258' title='bbox 724 2964 950 3046; x_wconf 88' lang='lat' dir='ltr'>Naturalem,</span> <span class='ocrx_word' id='word_1_259' title='bbox 989 2961 1206 3052; x_wconf 87' lang='lat' dir='ltr'>Mosaicam,</span> <span class='ocrx_word' id='word_1_260' title='bbox 1242 2977 1276 3035; x_wconf 87' lang='lat' dir='ltr'>ct</span> <span class='ocrx_word' id='word_1_261' title='bbox 1303 2959 1567 3054; x_wconf 82' lang='lat' dir='ltr'>Evangelicam,</span> <span class='ocrx_word' id='word_1_262' title='bbox 1610 2962 1694 3061; x_wconf 27' lang='lat' dir='ltr'>&#39;Qui</span> <span class='ocrx_word' id='word_1_263' title='bbox 1711 2961 1908 3032; x_wconf 89' lang='lat' dir='ltr'>declaratus</span> <span class='ocrx_word' id='word_1_264' title='bbox 1921 2973 1990 3044; x_wconf 86' lang='lat' dir='ltr'>est,</span> <span class='ocrx_word' id='word_1_265' title='bbox 2017 2985 2091 3032; x_wconf 89' lang='lat' dir='ltr'>esse</span> <span class='ocrx_word' id='word_1_266' title='bbox 2106 2962 2200 3033; x_wconf 85' lang='lat' dir='ltr'>lilius</span> <span class='ocrx_word' id='word_1_267' title='bbox 2216 2961 2295 3037; x_wconf 90' lang='lat' dir='ltr'>Dei.</span> <span class='ocrx_word' id='word_1_268' title='bbox 2350 2963 2581 3036; x_wconf 84' lang='lat' dir='ltr'>Refutatroim</span> 
     </span>
    </p>
   </div>
   <div class='ocr_carea' id='block_1_3' title="bbox 1616 2207 2581 2520">
    <p class='ocr_par' dir='ltr' id='par_1_3' title="bbox 1616 2207 2581 2520">
     <span class='ocr_line' id='line_1_24' title="bbox 1616 2207 2581 2312; baseline 0.002 -28"><span class='ocrx_word' id='word_1_269' title='bbox 1616 2211 1678 2284; x_wconf 83' lang='lat' dir='ltr'>De</span> <span class='ocrx_word' id='word_1_270' title='bbox 1694 2207 1891 2308; x_wconf 84' lang='lat' dir='ltr'>filiosuo,</span> <span class='ocrx_word' id='word_1_271' title='bbox 1924 2213 1993 2312; x_wconf 82' lang='lat' dir='ltr'>qui</span> <span class='ocrx_word' id='word_1_272' title='bbox 2011 2223 2125 2286; x_wconf 83' lang='lat' dir='ltr'>notus</span> <span class='ocrx_word' id='word_1_273' title='bbox 2146 2223 2199 2286; x_wconf 83' lang='lat' dir='ltr'>est</span> <span class='ocrx_word' id='word_1_274' title='bbox 2226 2237 2273 2307; x_wconf 72' lang='lat' dir='ltr'>ca:</span> <span class='ocrx_word' id='word_1_275' title='bbox 2296 2215 2434 2288; x_wconf 83' lang='lat' dir='ltr'>semine</span> <span class='ocrx_word' id='word_1_276' title='bbox 2457 2212 2581 2298; x_wconf 79' lang='lat' dir='ltr'>David,</span> 
     </span>
     <span class='ocr_line' id='line_1_25' title="bbox 1616 2310 2581 2414; baseline 0 -27"><span class='ocrx_word' id='word_1_277' title='bbox 1616 2310 1813 2390; x_wconf 83' lang='lat' dir='ltr'>secundam</span> <span class='ocrx_word' id='word_1_278' title='bbox 1835 2339 1993 2388; x_wconf 83' lang='lat' dir='ltr'>carnem.</span> <span class='ocrx_word' id='word_1_279' title='bbox 2045 2315 2099 2388; x_wconf 87' lang='lat' dir='ltr'>Et</span> <span class='ocrx_word' id='word_1_280' title='bbox 2119 2315 2187 2414; x_wconf 83' lang='lat' dir='ltr'>qui</span> <span class='ocrx_word' id='word_1_281' title='bbox 2198 2311 2412 2390; x_wconf 80' lang='lat' dir='ltr'>declaratus</span> <span class='ocrx_word' id='word_1_282' title='bbox 2429 2329 2499 2410; x_wconf 87' lang='lat' dir='ltr'>est,</span> <span class='ocrx_word' id='word_1_283' title='bbox 2522 2339 2581 2390; x_wconf 85' lang='lat' dir='ltr'>esss</span> 
     </span>
     <span class='ocr_line' id='line_1_26' title="bbox 1707 2412 2500 2520; baseline 0.008 -33"><span class='ocrx_word' id='word_1_284' title='bbox 1707 2412 1823 2512; x_wconf 83' lang='lat' dir='ltr'>filius</span> <span class='ocrx_word' id='word_1_285' title='bbox 1839 2415 1920 2488; x_wconf 84' lang='lat' dir='ltr'>Des&#39;</span> <span class='ocrx_word' id='word_1_286' title='bbox 1930 2427 2078 2516; x_wconf 83' lang='lat' dir='ltr'>potens,</span> <span class='ocrx_word' id='word_1_287' title='bbox 2103 2416 2147 2490; x_wconf 86' lang='lat' dir='ltr'>id</span> <span class='ocrx_word' id='word_1_288' title='bbox 2159 2427 2230 2507; x_wconf 83' lang='lat' dir='ltr'>esf,</span> <span class='ocrx_word' id='word_1_289' title='bbox 2261 2420 2500 2520; x_wconf 83' lang='lat' dir='ltr'>omnipotens.</span> 
     </span>
    </p>
   </div>
   <div class='ocr_carea' id='block_1_4' title="bbox 447 3062 2582 3162">
    <p class='ocr_par' dir='ltr' id='par_1_4' title="bbox 447 3062 2582 3162">
     <span class='ocr_line' id='line_1_27' title="bbox 447 3062 2582 3162; baseline -0.001 -24"><span class='ocrx_word' id='word_1_290' title='bbox 447 3109 455 3128; x_wconf 61' lang='grc' dir='ltr'><strong>ι</strong></span> <span class='ocrx_word' id='word_1_291' title='bbox 580 3079 615 3140; x_wconf 90' lang='lat' dir='ltr'>e&#39;t</span> <span class='ocrx_word' id='word_1_292' title='bbox 630 3071 827 3139; x_wconf 89' lang='lat' dir='ltr'>obruerunt</span> <span class='ocrx_word' id='word_1_293' title='bbox 840 3065 1037 3134; x_wconf 90' lang='lat' dir='ltr'>doctrinam</span> <span class='ocrx_word' id='word_1_294' title='bbox 1053 3065 1098 3133; x_wconf 94' lang='lat' dir='ltr'>de</span> <span class='ocrx_word' id='word_1_295' title='bbox 1111 3065 1263 3152; x_wconf 87' lang='lat' dir='ltr'>gratuita</span> <span class='ocrx_word' id='word_1_296' title='bbox 1278 3066 1507 3153; x_wconf 82' lang='lat' dir='ltr'>remissione,</span> <span class='ocrx_word' id='word_1_297' title='bbox 1533 3077 1575 3144; x_wconf 71' lang='lat' dir='ltr'>et,</span> <span class='ocrx_word' id='word_1_298' title='bbox 1621 3063 1900 3154; x_wconf 85' lang='lat' dir='ltr'>vulgatissimum</span> <span class='ocrx_word' id='word_1_299' title='bbox 1923 3087 2084 3134; x_wconf 89' lang='lat' dir='ltr'>ermrum</span> <span class='ocrx_word' id='word_1_300' title='bbox 2110 3062 2350 3150; x_wconf 83' lang='lat' dir='ltr'>ludaeorum,</span> <span class='ocrx_word' id='word_1_301' title='bbox 2382 3068 2441 3162; x_wconf 88' lang='lat' dir='ltr'>qui</span> <span class='ocrx_word' id='word_1_302' title='bbox 2464 3083 2496 3138; x_wconf 93' lang='lat' dir='ltr'>et</span> <span class='ocrx_word' id='word_1_303' title='bbox 2516 3081 2582 3136; x_wconf 87' lang='lat' dir='ltr'>tunc</span> 
     </span>
    </p>
   </div>
   <div class='ocr_carea' id='block_1_5' title="bbox 475 3161 2582 5092">
    <p class='ocr_par' dir='ltr' id='par_1_5' title="bbox 578 3161 2582 3352">
     <span class='ocr_line' id='line_1_28' title="bbox 578 3161 2582 3258; baseline -0.002 -16"><span class='ocrx_word' id='word_1_304' title='bbox 578 3172 625 3242; x_wconf 88' lang='lat' dir='ltr'>de</span> <span class='ocrx_word' id='word_1_305' title='bbox 646 3170 768 3241; x_wconf 87' lang='lat' dir='ltr'>multis</span> <span class='ocrx_word' id='word_1_306' title='bbox 789 3165 949 3238; x_wconf 84' lang='lat' dir='ltr'>articulis</span> <span class='ocrx_word' id='word_1_307' title='bbox 972 3161 1173 3257; x_wconf 78' lang='lat' dir='ltr'>Evangelii.</span> <span class='ocrx_word' id='word_1_308' title='bbox 1250 3207 1254 3216; x_wconf 89' lang='lat'><strong>·</strong></span> <span class='ocrx_word' id='word_1_309' title='bbox 1367 3219 1371 3227; x_wconf 83' lang='grc'><em>.</em></span> <span class='ocrx_word' id='word_1_310' title='bbox 1621 3167 1730 3258; x_wconf 90' lang='lat' dir='ltr'>impie</span> <span class='ocrx_word' id='word_1_311' title='bbox 1755 3166 1956 3255; x_wconf 87' lang='lat' dir='ltr'>cogitabant</span> <span class='ocrx_word' id='word_1_312' title='bbox 1977 3179 2010 3235; x_wconf 89' lang='lat' dir='ltr'>et</span> <span class='ocrx_word' id='word_1_313' title='bbox 2023 3163 2139 3237; x_wconf 88' lang='lat' dir='ltr'>adhuc</span> <span class='ocrx_word' id='word_1_314' title='bbox 2154 3167 2201 3237; x_wconf 90' lang='lat' dir='ltr'>ita</span> <span class='ocrx_word' id='word_1_315' title='bbox 2218 3167 2426 3258; x_wconf 73' lang='lat' dir='ltr'>cleantem,</span> <span class='ocrx_word' id='word_1_316' title='bbox 2453 3165 2582 3240; x_wconf 79' lang='lat' dir='ltr'>inhies·</span> 
     </span>
     <span class='ocr_line' id='line_1_29' title="bbox 842 3263 2580 3352; baseline 0 -14"><span class='ocrx_word' id='word_1_317' title='bbox 842 3341 846 3350; x_wconf 68' lang='grc'><strong>,</strong></span> <span class='ocrx_word' id='word_1_318' title='bbox 951 3329 994 3348; x_wconf 85' lang='grc'>.,</span> <span class='ocrx_word' id='word_1_319' title='bbox 1071 3266 1077 3274; x_wconf 66' lang='grc'><strong><em>’</em></strong></span> <span class='ocrx_word' id='word_1_320' title='bbox 1327 3331 1336 3352; x_wconf 86' lang='grc'><strong>,</strong></span> <span class='ocrx_word' id='word_1_321' title='bbox 1442 3332 1450 3352; x_wconf 87' lang='grc'><strong>,</strong></span> <span class='ocrx_word' id='word_1_322' title='bbox 1502 3283 1551 3351; x_wconf 85' lang='grc'>“,</span> <span class='ocrx_word' id='word_1_323' title='bbox 1620 3270 1671 3340; x_wconf 90' lang='lat' dir='ltr'>sia</span> <span class='ocrx_word' id='word_1_324' title='bbox 1687 3279 1824 3338; x_wconf 89' lang='lat' dir='ltr'>tantum</span> <span class='ocrx_word' id='word_1_325' title='bbox 1842 3263 2035 3352; x_wconf 83' lang='lat' dir='ltr'>humanam</span> <span class='ocrx_word' id='word_1_326' title='bbox 2052 3282 2214 3340; x_wconf 88' lang='lat' dir='ltr'>naturam</span> <span class='ocrx_word' id='word_1_327' title='bbox 2230 3269 2321 3338; x_wconf 86' lang='lat' dir='ltr'>fore.</span> <span class='ocrx_word' id='word_1_328' title='bbox 2370 3269 2580 3342; x_wconf 81' lang='lat' dir='ltr'>Pauluscon-</span> 
     </span>
    </p>

    <p class='ocr_par' dir='ltr' id='par_1_6' title="bbox 579 3323 2581 3567">
     <span class='ocr_line' id='line_1_30' title="bbox 579 3323 2581 3454; baseline -0.001 -12"><span class='ocrx_word' id='word_1_329' title='bbox 579 3330 695 3434; x_wconf 49' lang='lat' dir='ltr'>Qum}</span> <span class='ocrx_word' id='word_1_330' title='bbox 707 3343 819 3406; x_wconf 63' lang='lat'><strong><em>“⁰¹⁶⁰</em></strong></span> <span class='ocrx_word' id='word_1_331' title='bbox 831 3341 1006 3429; x_wconf 54' lang='lat' dir='ltr'>Pm&#39;m&#39;l</span> <span class='ocrx_word' id='word_1_332' title='bbox 1020 3323 1359 3452; x_wconf 43' lang='lat' dir='ltr'>Wlir‘ii’h‘iahm</span> <span class='ocrx_word' id='word_1_333' title='bbox 1372 3342 1567 3433; x_wconf 55' lang='lat' dir='ltr'>&#39;mim‘</span> <span class='ocrx_word' id='word_1_334' title='bbox 1621 3386 1675 3443; x_wconf 92' lang='lat' dir='ltr'>tra</span> <span class='ocrx_word' id='word_1_335' title='bbox 1701 3371 1864 3440; x_wconf 91' lang='lat' dir='ltr'>nominat</span> <span class='ocrx_word' id='word_1_336' title='bbox 1882 3367 2049 3439; x_wconf 78' lang='lat' dir='ltr'>Messinm</span> <span class='ocrx_word' id='word_1_337' title='bbox 2076 3371 2187 3440; x_wconf 88' lang='lat' dir='ltr'>filium</span> <span class='ocrx_word' id='word_1_338' title='bbox 2211 3365 2297 3454; x_wconf 83' lang='lat' dir='ltr'>Dei,</span> <span class='ocrx_word' id='word_1_339' title='bbox 2327 3376 2513 3444; x_wconf 86' lang='lat' dir='ltr'>secundum</span> <span class='ocrx_word' id='word_1_340' title='bbox 2531 3395 2581 3440; x_wconf 86' lang='lat' dir='ltr'>na·</span> 
     </span>
     <span class='ocr_line' id='line_1_31' title="bbox 998 3444 2580 3567; baseline -0.001 -22"><span class='ocrx_word' id='word_1_341' title='bbox 998 3444 1151 3508; x_wconf 59' lang='lat' dir='ltr'>mmm·</span> <span class='ocrx_word' id='word_1_342' title='bbox 1622 3488 1736 3547; x_wconf 90' lang='lat' dir='ltr'>turam</span> <span class='ocrx_word' id='word_1_343' title='bbox 1761 3485 1961 3567; x_wconf 90' lang='lat' dir='ltr'>potentem,</span> <span class='ocrx_word' id='word_1_344' title='bbox 2002 3495 2065 3544; x_wconf 90' lang='lat' dir='ltr'>seu</span> <span class='ocrx_word' id='word_1_345' title='bbox 2087 3472 2370 3565; x_wconf 90' lang='lat' dir='ltr'>omnipotentem</span> <span class='ocrx_word' id='word_1_346' title='bbox 2393 3489 2427 3548; x_wconf 86' lang='lat' dir='ltr'>et</span> <span class='ocrx_word' id='word_1_347' title='bbox 2451 3474 2580 3544; x_wconf 83' lang='lat' dir='ltr'>vivifica·</span> 
     </span>
    </p>

    <p class='ocr_par' dir='ltr' id='par_1_7' title="bbox 475 3568 2580 5092">
     <span class='ocr_line' id='line_1_32' title="bbox 680 3568 2578 3675; baseline 0.002 -28"><span class='ocrx_word' id='word_1_348' title='bbox 680 3572 852 3647; x_wconf 85' lang='lat' dir='ltr'>Occurrit</span> <span class='ocrx_word' id='word_1_349' title='bbox 875 3572 1085 3669; x_wconf 87' lang='lat' dir='ltr'>obiectioni:</span> <span class='ocrx_word' id='word_1_350' title='bbox 1122 3571 1210 3648; x_wconf 85' lang='lat' dir='ltr'>Sine</span> <span class='ocrx_word' id='word_1_351' title='bbox 1241 3572 1568 3647; x_wconf 82' lang='lat' dir='ltr'>ulla&#39;dubitatione</span> <span class='ocrx_word' id='word_1_352' title='bbox 1621 3576 1755 3649; x_wconf 88' lang='lat' dir='ltr'>tricem.</span> <span class='ocrx_word' id='word_1_353' title='bbox 1808 3568 1856 3645; x_wconf 89' lang='lat' dir='ltr'>Et</span> <span class='ocrx_word' id='word_1_354' title='bbox 1877 3589 1928 3646; x_wconf 88' lang='lat' dir='ltr'>est</span> <span class='ocrx_word' id='word_1_355' title='bbox 1949 3596 2033 3645; x_wconf 90' lang='lat' dir='ltr'>usus</span> <span class='ocrx_word' id='word_1_356' title='bbox 2056 3574 2186 3664; x_wconf 84' lang='lat' dir='ltr'>insigni</span> <span class='ocrx_word' id='word_1_357' title='bbox 2214 3578 2344 3663; x_wconf 87' lang='lat' dir='ltr'>verbo,</span> <span class='ocrx_word' id='word_1_358' title='bbox 2370 3572 2578 3675; x_wconf 66' lang='grc' dir='ltr'>ὁρισθέντος,</span> 
     </span>
     <span class='ocr_line' id='line_1_33' title="bbox 579 3670 2579 3774; baseline -0.002 -23"><span class='ocrx_word' id='word_1_359' title='bbox 579 3702 704 3751; x_wconf 89' lang='lat' dir='ltr'>verum</span> <span class='ocrx_word' id='word_1_360' title='bbox 729 3689 800 3761; x_wconf 87' lang='lat' dir='ltr'>est,</span> <span class='ocrx_word' id='word_1_361' title='bbox 824 3675 1013 3747; x_wconf 85' lang='lat' dir='ltr'>articulum</span> <span class='ocrx_word' id='word_1_362' title='bbox 1033 3677 1218 3749; x_wconf 86' lang='lat' dir='ltr'>doctrinae</span> <span class='ocrx_word' id='word_1_363' title='bbox 1233 3678 1270 3747; x_wconf 94' lang='lat' dir='ltr'>in</span> <span class='ocrx_word' id='word_1_364' title='bbox 1288 3670 1443 3746; x_wconf 75' lang='lat' dir='ltr'>Ecclesia</span> <span class='ocrx_word' id='word_1_365' title='bbox 1465 3676 1568 3767; x_wconf 89' lang='lat' dir='ltr'>prin·</span> <span class='ocrx_word' id='word_1_366' title='bbox 1621 3680 1716 3774; x_wconf 88' lang='lat' dir='ltr'>quod</span> <span class='ocrx_word' id='word_1_367' title='bbox 1741 3675 1931 3768; x_wconf 86' lang='lat' dir='ltr'>signifieat,</span> <span class='ocrx_word' id='word_1_368' title='bbox 1962 3690 2058 3747; x_wconf 89' lang='lat' dir='ltr'>certo</span> <span class='ocrx_word' id='word_1_369' title='bbox 2081 3678 2261 3769; x_wconf 88' lang='lat' dir='ltr'>cognitum</span> <span class='ocrx_word' id='word_1_370' title='bbox 2284 3701 2381 3769; x_wconf 86' lang='lat' dir='ltr'>esse,</span> <span class='ocrx_word' id='word_1_371' title='bbox 2421 3680 2513 3773; x_wconf 89' lang='lat' dir='ltr'>qnasi</span> <span class='ocrx_word' id='word_1_372' title='bbox 2535 3677 2579 3747; x_wconf 92' lang='lat' dir='ltr'>di·</span> 
     </span>
     <span class='ocr_line' id='line_1_34' title="bbox 580 3776 2579 3874; baseline -0.001 -23"><span class='ocrx_word' id='word_1_373' title='bbox 580 3780 749 3873; x_wconf 88' lang='lat' dir='ltr'>cipalem‚</span> <span class='ocrx_word' id='word_1_374' title='bbox 788 3776 952 3869; x_wconf 84' lang='lat' dir='ltr'>oportere</span> <span class='ocrx_word' id='word_1_375' title='bbox 985 3779 1153 3850; x_wconf 90' lang='lat' dir='ltr'>omnibus</span> <span class='ocrx_word' id='word_1_376' title='bbox 1187 3777 1410 3874; x_wconf 82' lang='lat' dir='ltr'>temporibus</span> <span class='ocrx_word' id='word_1_377' title='bbox 1440 3792 1566 3849; x_wconf 91' lang='lat' dir='ltr'>notum</span> <span class='ocrx_word' id='word_1_378' title='bbox 1622 3792 1695 3851; x_wconf 91' lang='lat' dir='ltr'>cat:</span> <span class='ocrx_word' id='word_1_379' title='bbox 1723 3778 1777 3852; x_wconf 86' lang='lat' dir='ltr'>De</span> <span class='ocrx_word' id='word_1_380' title='bbox 1798 3777 1891 3860; x_wconf 90' lang='lat' dir='ltr'>lilio,</span> <span class='ocrx_word' id='word_1_381' title='bbox 1919 3778 1981 3873; x_wconf 90' lang='lat' dir='ltr'>qni</span> <span class='ocrx_word' id='word_1_382' title='bbox 2004 3792 2109 3850; x_wconf 90' lang='lat' dir='ltr'>natus</span> <span class='ocrx_word' id='word_1_383' title='bbox 2130 3794 2181 3852; x_wconf 87' lang='lat' dir='ltr'>est</span> <span class='ocrx_word' id='word_1_384' title='bbox 2198 3804 2239 3849; x_wconf 88' lang='lat' dir='ltr'>ex</span> <span class='ocrx_word' id='word_1_385' title='bbox 2259 3782 2398 3851; x_wconf 87' lang='lat' dir='ltr'>semine</span> <span class='ocrx_word' id='word_1_386' title='bbox 2410 3778 2517 3852; x_wconf 87' lang='lat' dir='ltr'>David</span> <span class='ocrx_word' id='word_1_387' title='bbox 2537 3800 2579 3849; x_wconf 50' lang='lat' dir='ltr'>see</span> 
     </span>
     <span class='ocr_line' id='line_1_35' title="bbox 582 3874 2580 3975; baseline -0.001 -23"><span class='ocrx_word' id='word_1_388' title='bbox 582 3904 675 3953; x_wconf 89' lang='lat' dir='ltr'>esse:</span> <span class='ocrx_word' id='word_1_389' title='bbox 712 3878 771 3951; x_wconf 88' lang='lat' dir='ltr'>Tu</span> <span class='ocrx_word' id='word_1_390' title='bbox 794 3880 908 3949; x_wconf 85' lang='lat' dir='ltr'>adfers</span> <span class='ocrx_word' id='word_1_391' title='bbox 927 3904 1056 3949; x_wconf 90' lang='lat' dir='ltr'>novam</span> <span class='ocrx_word' id='word_1_392' title='bbox 1075 3880 1296 3967; x_wconf 85' lang='lat' dir='ltr'>doctrinam,</span> <span class='ocrx_word' id='word_1_393' title='bbox 1327 3874 1411 3950; x_wconf 88' lang='lat' dir='ltr'>Non</span> <span class='ocrx_word' id='word_1_394' title='bbox 1429 3892 1482 3952; x_wconf 91' lang='lat' dir='ltr'>est</span> <span class='ocrx_word' id='word_1_395' title='bbox 1500 3878 1567 3972; x_wconf 89' lang='lat' dir='ltr'>igi·</span> <span class='ocrx_word' id='word_1_396' title='bbox 1621 3884 1776 3953; x_wconf 87' lang='lat' dir='ltr'>cundum</span> <span class='ocrx_word' id='word_1_397' title='bbox 1798 3904 1959 3967; x_wconf 88' lang='lat' dir='ltr'>carnem,</span> <span class='ocrx_word' id='word_1_398' title='bbox 2001 3896 2166 3975; x_wconf 79' lang='lat' dir='ltr'>atquem</span> <span class='ocrx_word' id='word_1_399' title='bbox 2197 3896 2292 3953; x_wconf 91' lang='lat' dir='ltr'>certo</span> <span class='ocrx_word' id='word_1_400' title='bbox 2325 3886 2498 3975; x_wconf 88' lang='lat' dir='ltr'>cognitum</span> <span class='ocrx_word' id='word_1_401' title='bbox 2525 3894 2580 3965; x_wconf 89' lang='lat' dir='ltr'>est,</span> 
     </span>
     <span class='ocr_line' id='line_1_36' title="bbox 580 3976 2579 4083; baseline -0.002 -26"><span class='ocrx_word' id='word_1_402' title='bbox 580 4000 641 4057; x_wconf 87' lang='lat' dir='ltr'>tor</span> <span class='ocrx_word' id='word_1_403' title='bbox 665 3982 858 4051; x_wconf 87' lang='lat' dir='ltr'>neccssaria</span> <span class='ocrx_word' id='word_1_404' title='bbox 880 3976 1068 4056; x_wconf 83' lang='lat' dir='ltr'>Ecclesiae.</span> <span class='ocrx_word' id='word_1_405' title='bbox 1620 4008 1694 4054; x_wconf 89' lang='lat' dir='ltr'>esse</span> <span class='ocrx_word' id='word_1_406' title='bbox 1716 3984 1828 4053; x_wconf 87' lang='lat' dir='ltr'>lilium</span> <span class='ocrx_word' id='word_1_407' title='bbox 1849 3978 1917 4053; x_wconf 90' lang='lat' dir='ltr'>Ilei</span> <span class='ocrx_word' id='word_1_408' title='bbox 1945 3984 2238 4074; x_wconf 91' lang='lat' dir='ltr'>omnipotentem.</span> <span class='ocrx_word' id='word_1_409' title='bbox 2292 3982 2386 4056; x_wconf 88' lang='lat' dir='ltr'>Nam</span> <span class='ocrx_word' id='word_1_410' title='bbox 2409 3980 2579 4083; x_wconf 75' lang='grc' dir='ltr'><strong><em>ὁρίζεσθαι</em></strong></span> 
     </span>
     <span class='ocr_line' id='line_1_37' title="bbox 634 4078 2579 4175; baseline 0.002 -22"><span class='ocrx_word' id='word_1_411' title='bbox 634 4086 637 4094; x_wconf 91' lang='grc'><strong>’</strong></span> <span class='ocrx_word' id='word_1_412' title='bbox 683 4082 779 4154; x_wconf 87' lang='lat' dir='ltr'>Huic</span> <span class='ocrx_word' id='word_1_413' title='bbox 801 4084 1142 4170; x_wconf 88' lang='lat' dir='ltr'>argumentostatim</span> <span class='ocrx_word' id='word_1_414' title='bbox 1163 4078 1224 4158; x_wconf 92' lang='lat' dir='ltr'>bic</span> <span class='ocrx_word' id='word_1_415' title='bbox 1246 4086 1285 4156; x_wconf 91' lang='lat' dir='ltr'>in</span> <span class='ocrx_word' id='word_1_416' title='bbox 1307 4082 1487 4158; x_wconf 81' lang='lat' dir='ltr'>vestibulo</span> <span class='ocrx_word' id='word_1_417' title='bbox 1506 4102 1567 4151; x_wconf 86' lang='lat' dir='ltr'>re-</span> <span class='ocrx_word' id='word_1_418' title='bbox 1619 4084 1809 4175; x_wconf 87' lang='lat' dir='ltr'>signibcat,</span> <span class='ocrx_word' id='word_1_419' title='bbox 1842 4083 2036 4156; x_wconf 86' lang='lat' dir='ltr'>certissime</span> <span class='ocrx_word' id='word_1_420' title='bbox 2058 4084 2220 4172; x_wconf 83' lang='lat' dir='ltr'>definiri,</span> <span class='ocrx_word' id='word_1_421' title='bbox 2253 4086 2333 4156; x_wconf 87' lang='lat' dir='ltr'>sine</span> <span class='ocrx_word' id='word_1_422' title='bbox 2358 4089 2430 4159; x_wconf 90' lang='lat' dir='ltr'>ulla</span> <span class='ocrx_word' id='word_1_423' title='bbox 2459 4087 2579 4158; x_wconf 80' lang='lat' dir='ltr'>subits-</span> 
     </span>
     <span class='ocr_line' id='line_1_38' title="bbox 581 4179 2580 4282; baseline 0.002 -26"><span class='ocrx_word' id='word_1_424' title='bbox 581 4187 733 4277; x_wconf 89' lang='lat' dir='ltr'>spoodet</span> <span class='ocrx_word' id='word_1_425' title='bbox 757 4183 908 4265; x_wconf 86' lang='lat' dir='ltr'>Paulus,</span> <span class='ocrx_word' id='word_1_426' title='bbox 949 4198 983 4254; x_wconf 86' lang='lat' dir='ltr'>et</span> <span class='ocrx_word' id='word_1_427' title='bbox 1012 4181 1219 4260; x_wconf 80' lang='lat' dir='ltr'>constanter.</span> <span class='ocrx_word' id='word_1_428' title='bbox 1240 4198 1432 4267; x_wconf 85' lang='lat' dir='ltr'>asseverat,</span> <span class='ocrx_word' id='word_1_429' title='bbox 1473 4179 1565 4253; x_wconf 92' lang='lat' dir='ltr'>hanc</span> <span class='ocrx_word' id='word_1_430' title='bbox 1619 4187 1716 4259; x_wconf 91' lang='lat' dir='ltr'>tione</span> <span class='ocrx_word' id='word_1_431' title='bbox 1733 4182 1986 4278; x_wconf 84' lang='lat' dir='ltr'>comprehendi</span> <span class='ocrx_word' id='word_1_432' title='bbox 2011 4188 2242 4279; x_wconf 86' lang='lat' dir='ltr'>etcognosci:</span> <span class='ocrx_word' id='word_1_433' title='bbox 2268 4212 2377 4282; x_wconf 84' lang='lat' dir='ltr'>quam</span> <span class='ocrx_word' id='word_1_434' title='bbox 2401 4214 2515 4260; x_wconf 86' lang='lat' dir='ltr'>vocem</span> <span class='ocrx_word' id='word_1_435' title='bbox 2534 4198 2580 4257; x_wconf 89' lang='lat' dir='ltr'>ut·</span> 
     </span>
     <span class='ocr_line' id='line_1_39' title="bbox 580 4285 2578 4383; baseline -0.002 -23"><span class='ocrx_word' id='word_1_436' title='bbox 580 4287 799 4371; x_wconf 87' lang='lat' dir='ltr'>doctrinam,</span> <span class='ocrx_word' id='word_1_437' title='bbox 824 4287 870 4356; x_wconf 89' lang='lat' dir='ltr'>de</span> <span class='ocrx_word' id='word_1_438' title='bbox 885 4285 1094 4357; x_wconf 89' lang='lat' dir='ltr'>remissione</span> <span class='ocrx_word' id='word_1_439' title='bbox 1109 4302 1350 4380; x_wconf 89' lang='lat' dir='ltr'>peecatorum,</span> <span class='ocrx_word' id='word_1_440' title='bbox 1364 4290 1409 4358; x_wconf 92' lang='lat' dir='ltr'>de</span> <span class='ocrx_word' id='word_1_441' title='bbox 1424 4285 1564 4357; x_wconf 86' lang='lat' dir='ltr'>iusticia</span> <span class='ocrx_word' id='word_1_442' title='bbox 1617 4312 1757 4383; x_wconf 90' lang='lat' dir='ltr'>cunque</span> <span class='ocrx_word' id='word_1_443' title='bbox 1778 4290 1896 4360; x_wconf 88' lang='lat' dir='ltr'>reddit</span> <span class='ocrx_word' id='word_1_444' title='bbox 1919 4292 2095 4361; x_wconf 89' lang='lat' dir='ltr'>recentior</span> <span class='ocrx_word' id='word_1_445' title='bbox 2123 4290 2260 4363; x_wconf 85' lang='lat' dir='ltr'>versio:</span> <span class='ocrx_word' id='word_1_446' title='bbox 2297 4288 2374 4381; x_wconf 88' lang='lat' dir='ltr'>Qui</span> <span class='ocrx_word' id='word_1_447' title='bbox 2406 4294 2578 4363; x_wconf 89' lang='lat' dir='ltr'>declaratos</span> 
     </span>
     <span class='ocr_line' id='line_1_40' title="bbox 475 4386 2577 4484; baseline -0.002 -23"><span class='ocrx_word' id='word_1_448' title='bbox 475 4442 486 4453; x_wconf 77' lang='lat'>.</span> <span class='ocrx_word' id='word_1_449' title='bbox 578 4388 710 4462; x_wconf 79' lang='lat' dir='ltr'>et&#39;vita</span> <span class='ocrx_word' id='word_1_450' title='bbox 731 4402 891 4472; x_wconf 83' lang='lat' dir='ltr'>aeterna,</span> <span class='ocrx_word' id='word_1_451' title='bbox 920 4388 1086 4460; x_wconf 88' lang='lat' dir='ltr'>donanda</span> <span class='ocrx_word' id='word_1_452' title='bbox 1104 4405 1247 4483; x_wconf 90' lang='lat' dir='ltr'>propter</span> <span class='ocrx_word' id='word_1_453' title='bbox 1268 4393 1402 4474; x_wconf 88' lang='lat' dir='ltr'>lilium,</span> <span class='ocrx_word' id='word_1_454' title='bbox 1427 4410 1562 4481; x_wconf 84' lang='lat' dir='ltr'>nequa·</span> <span class='ocrx_word' id='word_1_455' title='bbox 1616 4404 1680 4465; x_wconf 90' lang='lat' dir='ltr'>est.</span> <span class='ocrx_word' id='word_1_456' title='bbox 1730 4387 1890 4484; x_wconf 82' lang='lat' dir='ltr'>Antiqua</span> <span class='ocrx_word' id='word_1_457' title='bbox 1928 4391 2045 4461; x_wconf 89' lang='lat' dir='ltr'>versio</span> <span class='ocrx_word' id='word_1_458' title='bbox 2085 4414 2230 4482; x_wconf 88' lang='lat' dir='ltr'>prorsus</span> <span class='ocrx_word' id='word_1_459' title='bbox 2265 4393 2483 4465; x_wconf 85' lang='lat' dir='ltr'>obscuravit:</span> <span class='ocrx_word' id='word_1_460' title='bbox 2519 4386 2577 4479; x_wconf 88' lang='lat' dir='ltr'>Qoi</span> 
     </span>
     <span class='ocr_line' id='line_1_41' title="bbox 579 4488 2576 4589; baseline 0 -29"><span class='ocrx_word' id='word_1_461' title='bbox 579 4512 684 4585; x_wconf 86' lang='lat' dir='ltr'>quam</span> <span class='ocrx_word' id='word_1_462' title='bbox 699 4513 830 4561; x_wconf 88' lang='lat' dir='ltr'>novam</span> <span class='ocrx_word' id='word_1_463' title='bbox 846 4511 938 4572; x_wconf 88' lang='lat' dir='ltr'>esse,</span> <span class='ocrx_word' id='word_1_464' title='bbox 964 4493 1022 4558; x_wconf 90' lang='lat' dir='ltr'>sed</span> <span class='ocrx_word' id='word_1_465' title='bbox 1037 4494 1155 4562; x_wconf 91' lang='lat' dir='ltr'>statim</span> <span class='ocrx_word' id='word_1_466' title='bbox 1178 4492 1284 4565; x_wconf 91' lang='lat' dir='ltr'>initio</span> <span class='ocrx_word' id='word_1_467' title='bbox 1304 4488 1484 4563; x_wconf 79' lang='lat' dir='ltr'>Ecclesiae</span> <span class='ocrx_word' id='word_1_468' title='bbox 1500 4512 1562 4580; x_wconf 88' lang='lat' dir='ltr'>pa-</span> <span class='ocrx_word' id='word_1_469' title='bbox 1616 4492 1979 4589; x_wconf 66' lang='lat' dir='ltr'>praedestinantem,</span> <span class='ocrx_word' id='word_1_470' title='bbox 2005 4507 2038 4563; x_wconf 93' lang='grc' dir='ltr'>ει</span> <span class='ocrx_word' id='word_1_471' title='bbox 2055 4494 2218 4583; x_wconf 88' lang='lat' dir='ltr'>praebuit</span> <span class='ocrx_word' id='word_1_472' title='bbox 2235 4498 2454 4567; x_wconf 84' lang='lat' dir='ltr'>occasionem</span> <span class='ocrx_word' id='word_1_473' title='bbox 2472 4489 2576 4563; x_wconf 89' lang='lat' dir='ltr'>alienis</span> 
     </span>
     <span class='ocr_line' id='line_1_42' title="bbox 576 4590 2576 4689; baseline -0.004 -25"><span class='ocrx_word' id='word_1_474' title='bbox 576 4594 739 4664; x_wconf 88' lang='lat' dir='ltr'>tefactam</span> <span class='ocrx_word' id='word_1_475' title='bbox 761 4614 835 4659; x_wconf 91' lang='lat' dir='ltr'>esse</span> <span class='ocrx_word' id='word_1_476' title='bbox 856 4590 1126 4682; x_wconf 87' lang='lat' dir='ltr'>promissionem</span> <span class='ocrx_word' id='word_1_477' title='bbox 1149 4618 1169 4665; x_wconf 90' lang='lat' dir='ltr'>a</span> <span class='ocrx_word' id='word_1_478' title='bbox 1192 4592 1288 4679; x_wconf 90' lang='lat' dir='ltr'>Deo,</span> <span class='ocrx_word' id='word_1_479' title='bbox 1329 4606 1365 4664; x_wconf 86' lang='lat' dir='ltr'>ct</span> <span class='ocrx_word' id='word_1_480' title='bbox 1395 4592 1562 4683; x_wconf 88' lang='lat' dir='ltr'>deinceps</span> <span class='ocrx_word' id='word_1_481' title='bbox 1615 4596 1927 4689; x_wconf 84' lang='lat' dir='ltr'>disputationibus.</span> <span class='ocrx_word' id='word_1_482' title='bbox 1987 4592 2050 4666; x_wconf 89' lang='lat' dir='ltr'>Est</span> <span class='ocrx_word' id='word_1_483' title='bbox 2082 4594 2191 4683; x_wconf 86' lang='lat' dir='ltr'>igitur</span> <span class='ocrx_word' id='word_1_484' title='bbox 2222 4620 2306 4666; x_wconf 86' lang='lat' dir='ltr'>vera</span> <span class='ocrx_word' id='word_1_485' title='bbox 2340 4592 2576 4686; x_wconf 86' lang='lat' dir='ltr'>interpretatio:</span> 
     </span>
     <span class='ocr_line' id='line_1_43' title="bbox 577 4688 2575 4793; baseline 0.001 -32"><span class='ocrx_word' id='word_1_486' title='bbox 577 4718 664 4765; x_wconf 87' lang='lat' dir='ltr'>voce</span> <span class='ocrx_word' id='word_1_487' title='bbox 685 4688 942 4783; x_wconf 84' lang='lat' dir='ltr'>Prophetarum</span> <span class='ocrx_word' id='word_1_488' title='bbox 968 4694 1169 4766; x_wconf 78' lang='lat' dir='ltr'>illustribus</span> <span class='ocrx_word' id='word_1_489' title='bbox 1188 4694 1403 4767; x_wconf 89' lang='lat' dir='ltr'>testimoniis</span> <span class='ocrx_word' id='word_1_490' title='bbox 1426 4692 1561 4764; x_wconf 86' lang='lat' dir='ltr'>divinis</span> <span class='ocrx_word' id='word_1_491' title='bbox 1614 4723 1719 4793; x_wconf 85' lang='lat' dir='ltr'>qoem</span> <span class='ocrx_word' id='word_1_492' title='bbox 1745 4698 1937 4770; x_wconf 89' lang='lat' dir='ltr'>certissime</span> <span class='ocrx_word' id='word_1_493' title='bbox 1962 4696 2141 4786; x_wconf 91' lang='lat' dir='ltr'>cognitum</span> <span class='ocrx_word' id='word_1_494' title='bbox 2169 4710 2239 4778; x_wconf 89' lang='lat' dir='ltr'>est,</span> <span class='ocrx_word' id='word_1_495' title='bbox 2277 4700 2482 4769; x_wconf 85' lang='lat' dir='ltr'>esse-lilium</span> <span class='ocrx_word' id='word_1_496' title='bbox 2512 4692 2575 4765; x_wconf 85' lang='lat' dir='ltr'>Dei.</span> 
     </span>
     <span class='ocr_line' id='line_1_44' title="bbox 576 4791 2575 4894; baseline -0.003 -29"><span class='ocrx_word' id='word_1_497' title='bbox 576 4807 804 4887; x_wconf 81' lang='lat' dir='ltr'>propagatam</span> <span class='ocrx_word' id='word_1_498' title='bbox 819 4816 902 4869; x_wconf 87' lang='lat' dir='ltr'>esse.</span> <span class='ocrx_word' id='word_1_499' title='bbox 953 4791 1000 4867; x_wconf 91' lang='lat' dir='ltr'>Et</span> <span class='ocrx_word' id='word_1_500' title='bbox 1023 4798 1167 4891; x_wconf 88' lang='lat' dir='ltr'>quidem</span> <span class='ocrx_word' id='word_1_501' title='bbox 1182 4798 1326 4868; x_wconf 79' lang='lat' dir='ltr'>deducis</span> <span class='ocrx_word' id='word_1_502' title='bbox 1341 4794 1559 4887; x_wconf 86' lang='lat' dir='ltr'>nosadipss</span> <span class='ocrx_word' id='word_1_503' title='bbox 1614 4800 1792 4894; x_wconf 88' lang='lat' dir='ltr'>Loquitur</span> <span class='ocrx_word' id='word_1_504' title='bbox 1816 4800 1912 4870; x_wconf 91' lang='lat' dir='ltr'>enim</span> <span class='ocrx_word' id='word_1_505' title='bbox 1936 4796 2091 4882; x_wconf 88' lang='lat' dir='ltr'>Paulus,</span> <span class='ocrx_word' id='word_1_506' title='bbox 2127 4822 2200 4868; x_wconf 89' lang='lat' dir='ltr'>non</span> <span class='ocrx_word' id='word_1_507' title='bbox 2219 4800 2264 4867; x_wconf 88' lang='lat' dir='ltr'>de</span> <span class='ocrx_word' id='word_1_508' title='bbox 2279 4798 2575 4891; x_wconf 86' lang='lat' dir='ltr'>praedestinatione</span> 
     </span>
     <span class='ocr_line' id='line_1_45' title="bbox 574 4890 2574 4988; baseline 0 -22"><span class='ocrx_word' id='word_1_509' title='bbox 574 4897 703 4986; x_wconf 90' lang='lat' dir='ltr'>scripta</span> <span class='ocrx_word' id='word_1_510' title='bbox 723 4890 940 4987; x_wconf 90' lang='lat' dir='ltr'>prophetica.</span> <span class='ocrx_word' id='word_1_511' title='bbox 991 4894 1050 4969; x_wconf 81' lang='lat' dir='ltr'>Ad</span> <span class='ocrx_word' id='word_1_512' title='bbox 1068 4895 1153 4969; x_wconf 88' lang='lat' dir='ltr'>haec</span> <span class='ocrx_word' id='word_1_513' title='bbox 1169 4897 1311 4988; x_wconf 85' lang='lat' dir='ltr'>alligata</span> <span class='ocrx_word' id='word_1_514' title='bbox 1327 4911 1378 4970; x_wconf 88' lang='lat' dir='ltr'>est</span> <span class='ocrx_word' id='word_1_515' title='bbox 1391 4894 1561 4982; x_wconf 86' lang='lat' dir='ltr'>Ecclesia,</span> <span class='ocrx_word' id='word_1_516' title='bbox 1612 4902 1651 4970; x_wconf 95' lang='lat' dir='ltr'>in</span> <span class='ocrx_word' id='word_1_517' title='bbox 1665 4915 1783 4972; x_wconf 89' lang='lat' dir='ltr'>mente</span> <span class='ocrx_word' id='word_1_518' title='bbox 1798 4900 1941 4981; x_wconf 89' lang='lat' dir='ltr'>divina,</span> <span class='ocrx_word' id='word_1_519' title='bbox 1966 4902 2026 4969; x_wconf 90' lang='lat' dir='ltr'>sed</span> <span class='ocrx_word' id='word_1_520' title='bbox 2044 4903 2088 4969; x_wconf 94' lang='lat' dir='ltr'>de</span> <span class='ocrx_word' id='word_1_521' title='bbox 2102 4899 2294 4971; x_wconf 90' lang='lat' dir='ltr'>certissima</span> <span class='ocrx_word' id='word_1_522' title='bbox 2312 4899 2574 4974; x_wconf 79' lang='lat' dir='ltr'>manifestatione</span> 
     </span>
     <span class='ocr_line' id='line_1_46' title="bbox 573 4996 2575 5092; baseline -0.002 -26"><span class='ocrx_word' id='word_1_523' title='bbox 573 4998 665 5068; x_wconf 90' lang='lat' dir='ltr'>sieut</span> <span class='ocrx_word' id='word_1_524' title='bbox 680 4996 1139 5088; x_wconf 85' lang='lat' dir='ltr'>aliasdiritnr,Ecclesiam</span> <span class='ocrx_word' id='word_1_525' title='bbox 1155 5014 1349 5072; x_wconf 84' lang='lat' dir='ltr'>extructam</span> <span class='ocrx_word' id='word_1_526' title='bbox 1362 5022 1560 5092; x_wconf 87' lang='lat' dir='ltr'>essesuper</span> <span class='ocrx_word' id='word_1_527' title='bbox 1611 5003 1676 5074; x_wconf 87' lang='lat' dir='ltr'>blii</span> <span class='ocrx_word' id='word_1_528' title='bbox 1704 5001 1771 5075; x_wconf 87' lang='lat' dir='ltr'>Dei</span> <span class='ocrx_word' id='word_1_529' title='bbox 1797 5002 1836 5071; x_wconf 92' lang='lat' dir='ltr'>in</span> <span class='ocrx_word' id='word_1_530' title='bbox 1862 5014 1936 5071; x_wconf 94' lang='lat' dir='ltr'>toto</span> <span class='ocrx_word' id='word_1_531' title='bbox 1966 5022 2094 5089; x_wconf 81' lang='lat' dir='ltr'>genere</span> <span class='ocrx_word' id='word_1_532' title='bbox 2122 4996 2292 5078; x_wconf 86' lang='lat' dir='ltr'>hnmano.</span> <span class='ocrx_word' id='word_1_533' title='bbox 2341 5000 2575 5074; x_wconf 83' lang='lat' dir='ltr'>Convincimnr</span> 
     </span>
    </p>
   </div>
   <div class='ocr_carea' id='block_1_6' title="bbox 453 5096 2574 5197">
    <p class='ocr_par' dir='ltr' id='par_1_8' title="bbox 453 5096 2574 5197">
     <span class='ocr_line' id='line_1_47' title="bbox 453 5096 2574 5197; baseline 0 -30"><span class='ocrx_word' id='word_1_534' title='bbox 453 5105 457 5114; x_wconf 91' lang='grc'><strong>’</strong></span> <span class='ocrx_word' id='word_1_535' title='bbox 571 5100 841 5171; x_wconf 89' lang='lat' dir='ltr'>fundamentum</span> <span class='ocrx_word' id='word_1_536' title='bbox 857 5097 1112 5191; x_wconf 81' lang='lat' dir='ltr'>Apostolorum</span> <span class='ocrx_word' id='word_1_537' title='bbox 1128 5096 1163 5178; x_wconf 85' lang='lat' dir='ltr'>et</span> <span class='ocrx_word' id='word_1_538' title='bbox 1176 5098 1436 5195; x_wconf 80' lang='lat' dir='ltr'>Prophetarum</span> <span class='ocrx_word' id='word_1_539' title='bbox 1451 5114 1517 5174; x_wconf 87' lang='lat' dir='ltr'>etc.</span> <span class='ocrx_word' id='word_1_540' title='bbox 1609 5106 1724 5190; x_wconf 86' lang='lat' dir='ltr'>enim,</span> <span class='ocrx_word' id='word_1_541' title='bbox 1758 5096 1855 5174; x_wconf 91' lang='lat' dir='ltr'>hune</span> <span class='ocrx_word' id='word_1_542' title='bbox 1877 5100 2047 5172; x_wconf 78' lang='lat' dir='ltr'>Messium</span> <span class='ocrx_word' id='word_1_543' title='bbox 2075 5124 2149 5172; x_wconf 88' lang='lat' dir='ltr'>esse</span> <span class='ocrx_word' id='word_1_544' title='bbox 2169 5106 2468 5197; x_wconf 88' lang='lat' dir='ltr'>omnipotentem,</span> <span class='ocrx_word' id='word_1_545' title='bbox 2505 5096 2574 5193; x_wconf 88' lang='lat' dir='ltr'>quit</span> 
     </span>
    </p>
   </div>
   <div class='ocr_carea' id='block_1_7' title="bbox 560 5196 2573 5909">
    <p class='ocr_par' dir='ltr' id='par_1_9' title="bbox 560 5196 2573 5909">
     <span class='ocr_line' id='line_1_48' title="bbox 671 5196 2573 5292; baseline 0.004 -21"><span class='ocrx_word' id='word_1_546' title='bbox 671 5196 742 5271; x_wconf 87' lang='lat' dir='ltr'>Hic</span> <span class='ocrx_word' id='word_1_547' title='bbox 769 5224 891 5271; x_wconf 90' lang='lat' dir='ltr'>rursus</span> <span class='ocrx_word' id='word_1_548' title='bbox 916 5201 1133 5272; x_wconf 89' lang='lat' dir='ltr'>admonendi</span> <span class='ocrx_word' id='word_1_549' title='bbox 1161 5220 1255 5292; x_wconf 20' lang='lat' dir='ltr'>&#39;sunt</span> <span class='ocrx_word' id='word_1_550' title='bbox 1284 5204 1464 5290; x_wconf 87' lang='lat' dir='ltr'>iuniores,</span> <span class='ocrx_word' id='word_1_551' title='bbox 1511 5204 1556 5273; x_wconf 89' lang='lat' dir='ltr'>de</span> <span class='ocrx_word' id='word_1_552' title='bbox 1609 5219 1644 5277; x_wconf 93' lang='lat' dir='ltr'>et</span> <span class='ocrx_word' id='word_1_553' title='bbox 1674 5205 1865 5277; x_wconf 80' lang='lat' dir='ltr'>resurrexit</span> <span class='ocrx_word' id='word_1_554' title='bbox 1897 5226 1917 5274; x_wconf 89' lang='lat' dir='ltr'>a</span> <span class='ocrx_word' id='word_1_555' title='bbox 1951 5202 2120 5285; x_wconf 86' lang='lat' dir='ltr'>mortuis,</span> <span class='ocrx_word' id='word_1_556' title='bbox 2162 5220 2197 5279; x_wconf 85' lang='lat' dir='ltr'>ct</span> <span class='ocrx_word' id='word_1_557' title='bbox 2238 5206 2454 5279; x_wconf 84' lang='lat' dir='ltr'>resuscitarit</span> <span class='ocrx_word' id='word_1_558' title='bbox 2492 5220 2573 5270; x_wconf 73' lang='lat' dir='ltr'>mot·</span> 
     </span>
     <span class='ocr_line' id='line_1_49' title="bbox 569 5294 1778 5392; baseline 0.004 -19"><span class='ocrx_word' id='word_1_559' title='bbox 569 5302 773 5373; x_wconf 83' lang='lat' dir='ltr'>discrimine</span> <span class='ocrx_word' id='word_1_560' title='bbox 787 5304 873 5392; x_wconf 83' lang='lat' dir='ltr'>legis</span> <span class='ocrx_word' id='word_1_561' title='bbox 891 5294 927 5373; x_wconf 79' lang='lat' dir='ltr'>et</span> <span class='ocrx_word' id='word_1_562' title='bbox 949 5298 1147 5391; x_wconf 84' lang='lat' dir='ltr'>Evangelii.</span> <span class='ocrx_word' id='word_1_563' title='bbox 1206 5304 1288 5378; x_wconf 82' lang='lat' dir='ltr'>Une</span> <span class='ocrx_word' id='word_1_564' title='bbox 1312 5321 1364 5378; x_wconf 89' lang='lat' dir='ltr'>est</span> <span class='ocrx_word' id='word_1_565' title='bbox 1389 5306 1447 5376; x_wconf 83' lang='lat' dir='ltr'>les</span> <span class='ocrx_word' id='word_1_566' title='bbox 1475 5321 1553 5375; x_wconf 88' lang='lat' dir='ltr'>mo-</span> <span class='ocrx_word' id='word_1_567' title='bbox 1607 5322 1688 5381; x_wconf 91' lang='lat' dir='ltr'>tuns</span> <span class='ocrx_word' id='word_1_568' title='bbox 1713 5321 1778 5380; x_wconf 85' lang='lat' dir='ltr'>etc.</span> 
     </span>
     <span class='ocr_line' id='line_1_50' title="bbox 567 5402 2192 5499; baseline 0.002 -25"><span class='ocrx_word' id='word_1_569' title='bbox 567 5404 673 5491; x_wconf 89' lang='lat' dir='ltr'>ralis,</span> <span class='ocrx_word' id='word_1_570' title='bbox 707 5419 743 5476; x_wconf 86' lang='lat' dir='ltr'>et</span> <span class='ocrx_word' id='word_1_571' title='bbox 766 5419 907 5475; x_wconf 88' lang='lat' dir='ltr'>aeterna</span> <span class='ocrx_word' id='word_1_572' title='bbox 931 5402 1093 5473; x_wconf 91' lang='lat' dir='ltr'>omnium</span> <span class='ocrx_word' id='word_1_573' title='bbox 1118 5419 1337 5499; x_wconf 88' lang='lat' dir='ltr'>temporum,</span> <span class='ocrx_word' id='word_1_574' title='bbox 1368 5406 1427 5479; x_wconf 90' lang='lat' dir='ltr'>coi</span> <span class='ocrx_word' id='word_1_575' title='bbox 1449 5407 1552 5477; x_wconf 91' lang='lat' dir='ltr'>nullo</span> <span class='ocrx_word' id='word_1_576' title='bbox 2183 5473 2192 5491; x_wconf 82' lang='grc'><strong>,</strong></span> 
     </span>
     <span class='ocr_line' id='line_1_51' title="bbox 565 5466 2227 5598; baseline -0.002 -22"><span class='ocrx_word' id='word_1_577' title='bbox 565 5518 723 5598; x_wconf 87' lang='lat' dir='ltr'>tempore</span> <span class='ocrx_word' id='word_1_578' title='bbox 740 5501 825 5575; x_wconf 90' lang='lat' dir='ltr'>haec</span> <span class='ocrx_word' id='word_1_579' title='bbox 839 5517 1005 5591; x_wconf 82' lang='lat' dir='ltr'>eomrpta</span> <span class='ocrx_word' id='word_1_580' title='bbox 1015 5499 1343 5581; x_wconf 84' lang='lat' dir='ltr'>hominnm&#39;natura</span> <span class='ocrx_word' id='word_1_581' title='bbox 1352 5508 1551 5580; x_wconf 88' lang='lat' dir='ltr'>satisfacere</span> <span class='ocrx_word' id='word_1_582' title='bbox 1971 5466 2024 5545; x_wconf 68' lang='lat'>1⁰</span> <span class='ocrx_word' id='word_1_583' title='bbox 2047 5482 2227 5573; x_wconf 59' lang='lat' dir='ltr'>imum·</span> 
     </span>
     <span class='ocr_line' id='line_1_52' title="bbox 563 5598 2567 5702; baseline -0.006 -23"><span class='ocrx_word' id='word_1_584' title='bbox 563 5608 699 5700; x_wconf 92' lang='lat' dir='ltr'>potuit,</span> <span class='ocrx_word' id='word_1_585' title='bbox 738 5628 854 5699; x_wconf 87' lang='lat' dir='ltr'>neque</span> <span class='ocrx_word' id='word_1_586' title='bbox 877 5604 1075 5679; x_wconf 78' lang='lat' dir='ltr'>satisfacere</span> <span class='ocrx_word' id='word_1_587' title='bbox 1099 5622 1226 5701; x_wconf 89' lang='lat' dir='ltr'>potest.</span> <span class='ocrx_word' id='word_1_588' title='bbox 1278 5608 1399 5699; x_wconf 87' lang='lat' dir='ltr'>Quare</span> <span class='ocrx_word' id='word_1_589' title='bbox 1426 5606 1550 5681; x_wconf 87' lang='lat' dir='ltr'>Patres</span> <span class='ocrx_word' id='word_1_590' title='bbox 1723 5604 1886 5678; x_wconf 85' lang='lat' dir='ltr'>iuniores</span> <span class='ocrx_word' id='word_1_591' title='bbox 1927 5610 2118 5702; x_wconf 88' lang='lat' dir='ltr'>diligenter</span> <span class='ocrx_word' id='word_1_592' title='bbox 2160 5610 2385 5681; x_wconf 90' lang='lat' dir='ltr'>considerent</span> <span class='ocrx_word' id='word_1_593' title='bbox 2423 5598 2567 5700; x_wconf 88' lang='lat' dir='ltr'>pbrssin:</span> 
     </span>
     <span class='ocr_line' id='line_1_53' title="bbox 562 5701 2566 5807; baseline -0.004 -28"><span class='ocrx_word' id='word_1_594' title='bbox 562 5724 598 5781; x_wconf 89' lang='lat' dir='ltr'>et</span> <span class='ocrx_word' id='word_1_595' title='bbox 618 5701 816 5800; x_wconf 82' lang='lat' dir='ltr'>Prophetae</span> <span class='ocrx_word' id='word_1_596' title='bbox 845 5730 919 5777; x_wconf 92' lang='lat' dir='ltr'>noo</span> <span class='ocrx_word' id='word_1_597' title='bbox 951 5702 1131 5785; x_wconf 89' lang='lat' dir='ltr'>habebant</span> <span class='ocrx_word' id='word_1_598' title='bbox 1158 5710 1403 5807; x_wconf 83' lang='lat' dir='ltr'>remissionem</span> <span class='ocrx_word' id='word_1_599' title='bbox 1427 5732 1548 5800; x_wconf 88' lang='lat' dir='ltr'>pecca-</span> <span class='ocrx_word' id='word_1_600' title='bbox 1600 5708 1697 5801; x_wconf 84' lang='lat' dir='ltr'>Quia</span> <span class='ocrx_word' id='word_1_601' title='bbox 1719 5711 1918 5781; x_wconf 88' lang='lat' dir='ltr'>declaratos</span> <span class='ocrx_word' id='word_1_602' title='bbox 1939 5726 2012 5797; x_wconf 87' lang='lat' dir='ltr'>est,</span> <span class='ocrx_word' id='word_1_603' title='bbox 2054 5712 2246 5784; x_wconf 81' lang='lat' dir='ltr'>esseillius</span> <span class='ocrx_word' id='word_1_604' title='bbox 2271 5702 2566 5803; x_wconf 85' lang='lat' dir='ltr'>Deiiopotentia,</span> 
     </span>
     <span class='ocr_line' id='line_1_54' title="bbox 560 5803 2564 5909; baseline -0.003 -28"><span class='ocrx_word' id='word_1_605' title='bbox 560 5824 701 5897; x_wconf 88' lang='lat' dir='ltr'>torum,</span> <span class='ocrx_word' id='word_1_606' title='bbox 726 5818 959 5905; x_wconf 81' lang='lat' dir='ltr'>nequeerant</span> <span class='ocrx_word' id='word_1_607' title='bbox 978 5810 1064 5886; x_wconf 88' lang='lat' dir='ltr'>insti</span> <span class='ocrx_word' id='word_1_608' title='bbox 1079 5827 1200 5887; x_wconf 82' lang='lat' dir='ltr'>coram</span> <span class='ocrx_word' id='word_1_609' title='bbox 1211 5810 1311 5903; x_wconf 78' lang='lat' dir='ltr'>Deo,</span> <span class='ocrx_word' id='word_1_610' title='bbox 1336 5810 1462 5901; x_wconf 88' lang='lat' dir='ltr'>idest,</span> <span class='ocrx_word' id='word_1_611' title='bbox 1487 5834 1546 5885; x_wconf 89' lang='lat' dir='ltr'>ar·</span> <span class='ocrx_word' id='word_1_612' title='bbox 1597 5813 1727 5900; x_wconf 88' lang='lat' dir='ltr'>idest,</span> <span class='ocrx_word' id='word_1_613' title='bbox 1758 5828 1897 5909; x_wconf 82' lang='lat' dir='ltr'>potens.</span> <span class='ocrx_word' id='word_1_614' title='bbox 1944 5807 2159 5907; x_wconf 87' lang='lat' dir='ltr'>Opponitoe</span> <span class='ocrx_word' id='word_1_615' title='bbox 2174 5828 2293 5890; x_wconf 85' lang='lat' dir='ltr'>sotem</span> <span class='ocrx_word' id='word_1_616' title='bbox 2312 5803 2564 5906; x_wconf 84' lang='lat' dir='ltr'>baecpartieols</span> 
     </span>
    </p>
   </div>
   <div class='ocr_carea' id='block_1_8' title="bbox 0 0 2918 6950">
    <p class='ocr_par' dir='ltr' id='par_1_10' title="bbox 0 0 2918 6950">
     <span class='ocr_line' id='line_1_55' title="bbox 0 0 2918 6950; baseline 0 0"><span class='ocrx_word' id='word_1_617' title='bbox 0 0 2918 6950; x_wconf 95' lang='lat' dir='ltr'> </span> 
     </span>
    </p>
   </div>
  </div>
 </body>
</html>
