<?xml version="1.0" encoding="UTF-8"?>
<!DOCTYPE html PUBLIC "-//W3C//DTD XHTML 1.0 Transitional//EN"
    "http://www.w3.org/TR/xhtml1/DTD/xhtml1-transitional.dtd">
<html xmlns="http://www.w3.org/1999/xhtml" xml:lang="en" lang="en">
 <head>
  <title>
</title>
<meta http-equiv="Content-Type" content="text/html;charset=utf-8" />
  <meta name='ocr-system' content='tesseract 3.04.00' />
  <meta name='ocr-capabilities' content='ocr_page ocr_carea ocr_par ocr_line ocrx_word'/>
</head>
<body>
  <div class='ocr_page' id='page_1' title='image "./philippimelanth08bindgoog_0282.png"; bbox 0 0 5825 6950; ppageno 0'>
   <div class='ocr_carea' id='block_1_1' title="bbox 296 727 2344 813">
    <p class='ocr_par' dir='ltr' id='par_1_1' title="bbox 296 727 2344 813">
     <span class='ocr_line' id='line_1_1' title="bbox 296 727 2344 813; baseline 0.001 -3"><span class='ocrx_word' id='word_1_1' title='bbox 296 731 381 810; x_wconf 73' lang='lat' dir='ltr'>ddi</span> <span class='ocrx_word' id='word_1_2' title='bbox 656 730 761 813; x_wconf 81' lang='lat' dir='ltr'>Xlll.</span> <span class='ocrx_word' id='word_1_3' title='bbox 809 737 849 810; x_wconf 69' lang='grc' dir='ltr'>Ξ.</span> <span class='ocrx_word' id='word_1_4' title='bbox 876 729 1241 810; x_wconf 80' lang='lat' dir='ltr'>COMMENTARII</span> <span class='ocrx_word' id='word_1_5' title='bbox 1267 731 1319 808; x_wconf 83' lang='grc' dir='ltr'>ΙΝ</span> <span class='ocrx_word' id='word_1_6' title='bbox 1342 729 1501 810; x_wconf 85' lang='lat' dir='ltr'>EPlST.</span> <span class='ocrx_word' id='word_1_7' title='bbox 1527 731 1679 811; x_wconf 86' lang='lat' dir='ltr'><strong>PAULI</strong></span> <span class='ocrx_word' id='word_1_8' title='bbox 1703 731 1771 810; x_wconf 83' lang='lat' dir='ltr'>An</span> <span class='ocrx_word' id='word_1_9' title='bbox 1796 729 2059 811; x_wconf 84' lang='lat' dir='ltr'><strong>ROMANOS.</strong></span> <span class='ocrx_word' id='word_1_10' title='bbox 2256 727 2344 813; x_wconf 60' lang='lat'>538&#39;</span> 
     </span>
    </p>
   </div>
   <div class='ocr_carea' id='block_1_2' title="bbox 292 903 2426 6017">
    <p class='ocr_par' dir='ltr' id='par_1_2' title="bbox 292 903 2426 6017">
     <span class='ocr_line' id='line_1_2' title="bbox 292 903 2352 1010; baseline 0.002 -30"><span class='ocrx_word' id='word_1_11' title='bbox 292 905 468 1002; x_wconf 83' lang='lat' dir='ltr'>Denique</span> <span class='ocrx_word' id='word_1_12' title='bbox 488 905 616 976; x_wconf 90' lang='lat' dir='ltr'>seditio</span> <span class='ocrx_word' id='word_1_13' title='bbox 640 930 718 977; x_wconf 91' lang='lat' dir='ltr'>non</span> <span class='ocrx_word' id='word_1_14' title='bbox 740 920 854 1001; x_wconf 89' lang='lat' dir='ltr'>potest</span> <span class='ocrx_word' id='word_1_15' title='bbox 878 933 954 979; x_wconf 92' lang='lat' dir='ltr'>nou</span> <span class='ocrx_word' id='word_1_16' title='bbox 979 908 1168 980; x_wconf 83' lang='lat' dir='ltr'>innumera</span> <span class='ocrx_word' id='word_1_17' title='bbox 1191 931 1296 980; x_wconf 88' lang='lat' dir='ltr'>scan·</span> <span class='ocrx_word' id='word_1_18' title='bbox 1345 909 1391 980; x_wconf 93' lang='lat' dir='ltr'>de</span> <span class='ocrx_word' id='word_1_19' title='bbox 1409 909 1536 984; x_wconf 88' lang='lat' dir='ltr'>causis.</span> <span class='ocrx_word' id='word_1_20' title='bbox 1588 907 1659 982; x_wconf 90' lang='lat' dir='ltr'>Sed</span> <span class='ocrx_word' id='word_1_21' title='bbox 1678 906 1755 1000; x_wconf 91' lang='lat' dir='ltr'>pios</span> <span class='ocrx_word' id='word_1_22' title='bbox 1770 918 1909 1000; x_wconf 90' lang='lat' dir='ltr'>oportet</span> <span class='ocrx_word' id='word_1_23' title='bbox 1932 903 2267 1010; x_wconf 75' lang='grc' dir='ltr'>συναγωνίζεσθαι</span> <span class='ocrx_word' id='word_1_24' title='bbox 2295 939 2352 1010; x_wconf 82' lang='lat' dir='ltr'>rep</span> 
     </span>
     <span class='ocr_line' id='line_1_3' title="bbox 293 1005 2340 1111; baseline 0.002 -30"><span class='ocrx_word' id='word_1_25' title='bbox 293 1011 381 1082; x_wconf 92' lang='lat' dir='ltr'>dala</span> <span class='ocrx_word' id='word_1_26' title='bbox 404 1023 439 1081; x_wconf 89' lang='lat' dir='ltr'>et</span> <span class='ocrx_word' id='word_1_27' title='bbox 460 1009 590 1080; x_wconf 89' lang='lat' dir='ltr'>scelera</span> <span class='ocrx_word' id='word_1_28' title='bbox 611 1032 746 1102; x_wconf 86' lang='lat' dir='ltr'>parere.</span> <span class='ocrx_word' id='word_1_29' title='bbox 813 1007 869 1080; x_wconf 82' lang='lat' dir='ltr'>Ex</span> <span class='ocrx_word' id='word_1_30' title='bbox 894 1009 1098 1084; x_wconf 87' lang='lat' dir='ltr'>Salomonis</span> <span class='ocrx_word' id='word_1_31' title='bbox 1128 1011 1295 1084; x_wconf 74' lang='lat' dir='ltr'>idolatria</span> <span class='ocrx_word' id='word_1_32' title='bbox 1346 1005 1577 1111; x_wconf 73' lang='grc' dir='ltr'><em>εὐαγγελίῳ,</em></span> <span class='ocrx_word' id='word_1_33' title='bbox 1602 1010 1692 1082; x_wconf 92' lang='lat' dir='ltr'>sicut</span> <span class='ocrx_word' id='word_1_34' title='bbox 1706 1007 1871 1084; x_wconf 90' lang='lat' dir='ltr'>Christus</span> <span class='ocrx_word' id='word_1_35' title='bbox 1887 1011 2020 1105; x_wconf 88' lang='lat' dir='ltr'>inquit:</span> <span class='ocrx_word' id='word_1_36' title='bbox 2055 1010 2097 1084; x_wconf 92' lang='lat' dir='ltr'>ln</span> <span class='ocrx_word' id='word_1_37' title='bbox 2115 1010 2340 1106; x_wconf 89' lang='lat' dir='ltr'>hooglorili-</span> 
     </span>
     <span class='ocr_line' id='line_1_4' title="bbox 295 1109 2337 1209; baseline 0.002 -26"><span class='ocrx_word' id='word_1_38' title='bbox 295 1138 394 1209; x_wconf 87' lang='lat' dir='ltr'>quae</span> <span class='ocrx_word' id='word_1_39' title='bbox 418 1111 725 1184; x_wconf 81' lang='lat' dir='ltr'>malaortasnot?</span> <span class='ocrx_word' id='word_1_40' title='bbox 757 1109 922 1202; x_wconf 78' lang='lat' dir='ltr'>Regnum</span> <span class='ocrx_word' id='word_1_41' title='bbox 941 1111 1050 1184; x_wconf 68' lang='lat' dir='ltr'>lsrael</span> <span class='ocrx_word' id='word_1_42' title='bbox 1066 1115 1296 1185; x_wconf 87' lang='lat' dir='ltr'>dilaceratum</span> <span class='ocrx_word' id='word_1_43' title='bbox 1346 1127 1446 1184; x_wconf 88' lang='lat' dir='ltr'>catur</span> <span class='ocrx_word' id='word_1_44' title='bbox 1470 1129 1569 1207; x_wconf 92' lang='lat' dir='ltr'>pater</span> <span class='ocrx_word' id='word_1_45' title='bbox 1591 1113 1769 1196; x_wconf 89' lang='lat' dir='ltr'>coelestis,</span> <span class='ocrx_word' id='word_1_46' title='bbox 1811 1115 1842 1184; x_wconf 88' lang='lat' dir='ltr'>ai</span> <span class='ocrx_word' id='word_1_47' title='bbox 1866 1114 1965 1186; x_wconf 90' lang='lat' dir='ltr'>eritis</span> <span class='ocrx_word' id='word_1_48' title='bbox 1990 1115 2058 1184; x_wconf 92' lang='lat' dir='ltr'>mei</span> <span class='ocrx_word' id='word_1_49' title='bbox 2081 1116 2268 1207; x_wconf 87' lang='lat' dir='ltr'>discipuli,</span> <span class='ocrx_word' id='word_1_50' title='bbox 2301 1133 2337 1191; x_wconf 87' lang='lat' dir='ltr'>et</span> 
     </span>
     <span class='ocr_line' id='line_1_5' title="bbox 295 1215 2337 1309; baseline 0.002 -24"><span class='ocrx_word' id='word_1_51' title='bbox 295 1229 373 1302; x_wconf 88' lang='lat' dir='ltr'>est,</span> <span class='ocrx_word' id='word_1_52' title='bbox 399 1228 435 1285; x_wconf 93' lang='lat' dir='ltr'>et</span> <span class='ocrx_word' id='word_1_53' title='bbox 451 1228 567 1286; x_wconf 89' lang='lat' dir='ltr'>secuta</span> <span class='ocrx_word' id='word_1_54' title='bbox 582 1227 750 1308; x_wconf 84' lang='lat' dir='ltr'>perpetua</span> <span class='ocrx_word' id='word_1_55' title='bbox 766 1215 951 1299; x_wconf 76' lang='lat' dir='ltr'>idolatria,</span> <span class='ocrx_word' id='word_1_56' title='bbox 978 1230 1013 1286; x_wconf 90' lang='lat' dir='ltr'>et</span> <span class='ocrx_word' id='word_1_57' title='bbox 1038 1218 1130 1288; x_wconf 84' lang='lat' dir='ltr'>halla</span> <span class='ocrx_word' id='word_1_58' title='bbox 1153 1216 1296 1288; x_wconf 89' lang='lat' dir='ltr'>intesti-</span> <span class='ocrx_word' id='word_1_59' title='bbox 1344 1216 1500 1287; x_wconf 80' lang='lat' dir='ltr'>fructum</span> <span class='ocrx_word' id='word_1_60' title='bbox 1525 1216 1707 1309; x_wconf 91' lang='lat' dir='ltr'>copiosum</span> <span class='ocrx_word' id='word_1_61' title='bbox 1728 1217 1925 1309; x_wconf 78' lang='lat' dir='ltr'>proferetis.</span> <span class='ocrx_word' id='word_1_62' title='bbox 1992 1215 2114 1308; x_wconf 88' lang='lat' dir='ltr'>Quare</span> <span class='ocrx_word' id='word_1_63' title='bbox 2137 1220 2337 1291; x_wconf 90' lang='lat' dir='ltr'>doctrinam</span> 
     </span>
     <span class='ocr_line' id='line_1_6' title="bbox 294 1317 2338 1413; baseline 0.002 -25"><span class='ocrx_word' id='word_1_64' title='bbox 294 1345 361 1388; x_wconf 90' lang='lat' dir='ltr'>na:</span> <span class='ocrx_word' id='word_1_65' title='bbox 398 1317 502 1388; x_wconf 85' lang='lat' dir='ltr'>Adae</span> <span class='ocrx_word' id='word_1_66' title='bbox 515 1318 634 1409; x_wconf 89' lang='lat' dir='ltr'>lapsus</span> <span class='ocrx_word' id='word_1_67' title='bbox 650 1341 741 1411; x_wconf 85' lang='lat' dir='ltr'>quae</span> <span class='ocrx_word' id='word_1_68' title='bbox 755 1317 847 1387; x_wconf 92' lang='lat' dir='ltr'>mala</span> <span class='ocrx_word' id='word_1_69' title='bbox 869 1318 1000 1388; x_wconf 87' lang='lat' dir='ltr'>deinde</span> <span class='ocrx_word' id='word_1_70' title='bbox 1023 1320 1183 1413; x_wconf 75' lang='lat' dir='ltr'>peperit?</span> <span class='ocrx_word' id='word_1_71' title='bbox 1216 1317 1295 1390; x_wconf 87' lang='lat' dir='ltr'>Hoc</span> <span class='ocrx_word' id='word_1_72' title='bbox 1345 1320 1439 1390; x_wconf 89' lang='lat' dir='ltr'>bona</span> <span class='ocrx_word' id='word_1_73' title='bbox 1453 1321 1523 1389; x_wconf 85' lang='lat' dir='ltr'>bde</span> <span class='ocrx_word' id='word_1_74' title='bbox 1541 1317 1750 1411; x_wconf 86' lang='lat' dir='ltr'>simpliciter</span> <span class='ocrx_word' id='word_1_75' title='bbox 1765 1333 1800 1389; x_wconf 88' lang='lat' dir='ltr'>et</span> <span class='ocrx_word' id='word_1_76' title='bbox 1815 1332 1908 1391; x_wconf 87' lang='lat' dir='ltr'>recte</span> <span class='ocrx_word' id='word_1_77' title='bbox 1925 1343 2179 1413; x_wconf 86' lang='lat' dir='ltr'>proponamus,</span> <span class='ocrx_word' id='word_1_78' title='bbox 2206 1335 2239 1394; x_wconf 86' lang='lat' dir='ltr'>et</span> <span class='ocrx_word' id='word_1_79' title='bbox 2256 1347 2338 1392; x_wconf 88' lang='lat' dir='ltr'>ore-</span> 
     </span>
     <span class='ocr_line' id='line_1_7' title="bbox 293 1419 2383 1514; baseline 0 -22"><span class='ocrx_word' id='word_1_80' title='bbox 293 1423 370 1512; x_wconf 86' lang='lat' dir='ltr'>agit</span> <span class='ocrx_word' id='word_1_81' title='bbox 395 1420 585 1505; x_wconf 88' lang='lat' dir='ltr'>diabolus,</span> <span class='ocrx_word' id='word_1_82' title='bbox 617 1431 658 1490; x_wconf 89' lang='lat' dir='ltr'>ut</span> <span class='ocrx_word' id='word_1_83' title='bbox 680 1419 767 1490; x_wconf 88' lang='lat' dir='ltr'>tales</span> <span class='ocrx_word' id='word_1_84' title='bbox 787 1420 953 1492; x_wconf 88' lang='lat' dir='ltr'>instituat</span> <span class='ocrx_word' id='word_1_85' title='bbox 975 1422 1078 1507; x_wconf 88' lang='lat' dir='ltr'>telas,</span> <span class='ocrx_word' id='word_1_86' title='bbox 1110 1447 1191 1492; x_wconf 91' lang='lat' dir='ltr'>cum</span> <span class='ocrx_word' id='word_1_87' title='bbox 1214 1422 1295 1491; x_wconf 91' lang='lat' dir='ltr'>ani·</span> <span class='ocrx_word' id='word_1_88' title='bbox 1345 1446 1425 1493; x_wconf 90' lang='lat' dir='ltr'>mus</span> <span class='ocrx_word' id='word_1_89' title='bbox 1444 1435 1484 1493; x_wconf 90' lang='lat' dir='ltr'>ut</span> <span class='ocrx_word' id='word_1_90' title='bbox 1499 1419 1595 1493; x_wconf 88' lang='lat' dir='ltr'>Deus</span> <span class='ocrx_word' id='word_1_91' title='bbox 1615 1422 1722 1491; x_wconf 89' lang='lat' dir='ltr'>addat</span> <span class='ocrx_word' id='word_1_92' title='bbox 1738 1420 1912 1514; x_wconf 90' lang='lat' dir='ltr'>Spiritum</span> <span class='ocrx_word' id='word_1_93' title='bbox 1934 1435 2116 1504; x_wconf 92' lang='lat' dir='ltr'>sanctum,</span> <span class='ocrx_word' id='word_1_94' title='bbox 2144 1437 2183 1494; x_wconf 91' lang='lat' dir='ltr'>ut</span> <span class='ocrx_word' id='word_1_95' title='bbox 2207 1424 2339 1514; x_wconf 84' lang='lat' dir='ltr'>largia—</span> <span class='ocrx_word' id='word_1_96' title='bbox 2378 1481 2383 1494; x_wconf 85' lang='lat'><em>.</em></span> 
     </span>
     <span class='ocr_line' id='line_1_8' title="bbox 293 1521 2335 1615; baseline 0.001 -23"><span class='ocrx_word' id='word_1_97' title='bbox 293 1522 494 1594; x_wconf 83' lang='lat' dir='ltr'>madvertit</span> <span class='ocrx_word' id='word_1_98' title='bbox 517 1546 582 1592; x_wconf 91' lang='lat' dir='ltr'>nos</span> <span class='ocrx_word' id='word_1_99' title='bbox 602 1533 795 1592; x_wconf 83' lang='lat' dir='ltr'>extenuare</span> <span class='ocrx_word' id='word_1_100' title='bbox 821 1538 980 1614; x_wconf 88' lang='lat' dir='ltr'>peccata,</span> <span class='ocrx_word' id='word_1_101' title='bbox 1019 1535 1054 1593; x_wconf 88' lang='lat' dir='ltr'>et</span> <span class='ocrx_word' id='word_1_102' title='bbox 1079 1525 1295 1615; x_wconf 90' lang='lat' dir='ltr'>nobisipsis</span> <span class='ocrx_word' id='word_1_103' title='bbox 1345 1540 1425 1606; x_wconf 92' lang='lat' dir='ltr'>tur,</span> <span class='ocrx_word' id='word_1_104' title='bbox 1460 1537 1500 1594; x_wconf 91' lang='lat' dir='ltr'>nt</span> <span class='ocrx_word' id='word_1_105' title='bbox 1525 1522 1656 1594; x_wconf 88' lang='lat' dir='ltr'>Paulus</span> <span class='ocrx_word' id='word_1_106' title='bbox 1680 1539 1799 1610; x_wconf 84' lang='lat' dir='ltr'>vocat,</span> <span class='ocrx_word' id='word_1_107' title='bbox 1832 1525 2102 1599; x_wconf 89' lang='lat' dir='ltr'>incrementum.</span> <span class='ocrx_word' id='word_1_108' title='bbox 2155 1521 2335 1596; x_wconf 85' lang='lat' dir='ltr'>Adiiciam</span> 
     </span>
     <span class='ocr_line' id='line_1_9' title="bbox 292 1623 2337 1721; baseline 0.002 -26"><span class='ocrx_word' id='word_1_109' title='bbox 292 1625 483 1710; x_wconf 87' lang='lat' dir='ltr'>blandiri,</span> <span class='ocrx_word' id='word_1_110' title='bbox 512 1647 554 1694; x_wconf 88' lang='lat' dir='ltr'>ac</span> <span class='ocrx_word' id='word_1_111' title='bbox 569 1623 688 1694; x_wconf 89' lang='lat' dir='ltr'>laxare</span> <span class='ocrx_word' id='word_1_112' title='bbox 703 1624 845 1694; x_wconf 80' lang='lat' dir='ltr'>frenum</span> <span class='ocrx_word' id='word_1_113' title='bbox 863 1625 1134 1719; x_wconf 78' lang='lat' dir='ltr'>cupiditatibus:</span> <span class='ocrx_word' id='word_1_114' title='bbox 1162 1627 1210 1697; x_wconf 90' lang='lat' dir='ltr'>ita</span> <span class='ocrx_word' id='word_1_115' title='bbox 1235 1650 1294 1695; x_wconf 86' lang='lat' dir='ltr'>cx·</span> <span class='ocrx_word' id='word_1_116' title='bbox 1345 1640 1462 1698; x_wconf 87' lang='lat' dir='ltr'>autem</span> <span class='ocrx_word' id='word_1_117' title='bbox 1480 1650 1588 1717; x_wconf 90' lang='lat' dir='ltr'>pauca</span> <span class='ocrx_word' id='word_1_118' title='bbox 1605 1627 1778 1721; x_wconf 76' lang='lat' dir='ltr'>quaedam</span> <span class='ocrx_word' id='word_1_119' title='bbox 1803 1641 2030 1716; x_wconf 86' lang='lat' dir='ltr'>argumenta,</span> <span class='ocrx_word' id='word_1_120' title='bbox 2056 1626 2188 1720; x_wconf 87' lang='lat' dir='ltr'>quibus</span> <span class='ocrx_word' id='word_1_121' title='bbox 2209 1631 2337 1700; x_wconf 84' lang='lat' dir='ltr'>adver-</span> 
     </span>
     <span class='ocr_line' id='line_1_10' title="bbox 292 1725 2336 1822; baseline 0.002 -23"><span class='ocrx_word' id='word_1_122' title='bbox 292 1727 478 1818; x_wconf 89' lang='lat' dir='ltr'>tinguitur</span> <span class='ocrx_word' id='word_1_123' title='bbox 499 1725 596 1795; x_wconf 86' lang='lat' dir='ltr'>fides.</span> <span class='ocrx_word' id='word_1_124' title='bbox 662 1725 754 1801; x_wconf 85' lang='lat' dir='ltr'>Nam</span> <span class='ocrx_word' id='word_1_125' title='bbox 775 1727 863 1797; x_wconf 88' lang='lat' dir='ltr'>lides</span> <span class='ocrx_word' id='word_1_126' title='bbox 889 1753 979 1822; x_wconf 85' lang='lat' dir='ltr'>quae</span> <span class='ocrx_word' id='word_1_127' title='bbox 1002 1729 1089 1820; x_wconf 90' lang='lat' dir='ltr'>petit</span> <span class='ocrx_word' id='word_1_128' title='bbox 1112 1730 1291 1798; x_wconf 89' lang='lat' dir='ltr'>remissio·</span> <span class='ocrx_word' id='word_1_129' title='bbox 1337 1729 1429 1798; x_wconf 82' lang='lat' dir='ltr'>sarii</span> <span class='ocrx_word' id='word_1_130' title='bbox 1465 1743 1640 1799; x_wconf 89' lang='lat' dir='ltr'>conantur</span> <span class='ocrx_word' id='word_1_131' title='bbox 1670 1729 1879 1800; x_wconf 74' lang='lat' dir='ltr'>labefactare</span> <span class='ocrx_word' id='word_1_132' title='bbox 1915 1744 2072 1800; x_wconf 91' lang='lat' dir='ltr'>nostram</span> <span class='ocrx_word' id='word_1_133' title='bbox 2112 1731 2336 1803; x_wconf 84' lang='lat' dir='ltr'>sententiam.</span> 
     </span>
     <span class='ocr_line' id='line_1_11' title="bbox 293 1829 2329 1925; baseline 0.001 -25"><span class='ocrx_word' id='word_1_134' title='bbox 293 1855 380 1900; x_wconf 84' lang='lat' dir='ltr'>nem</span> <span class='ocrx_word' id='word_1_135' title='bbox 411 1841 657 1920; x_wconf 89' lang='lat' dir='ltr'>peccatorum,</span> <span class='ocrx_word' id='word_1_136' title='bbox 690 1852 764 1898; x_wconf 91' lang='lat' dir='ltr'>non</span> <span class='ocrx_word' id='word_1_137' title='bbox 787 1843 901 1918; x_wconf 86' lang='lat' dir='ltr'>potest</span> <span class='ocrx_word' id='word_1_138' title='bbox 924 1854 998 1900; x_wconf 88' lang='lat' dir='ltr'>esse</span> <span class='ocrx_word' id='word_1_139' title='bbox 1021 1832 1060 1900; x_wconf 92' lang='lat' dir='ltr'>in</span> <span class='ocrx_word' id='word_1_140' title='bbox 1083 1831 1128 1900; x_wconf 94' lang='lat' dir='ltr'>iis</span> <span class='ocrx_word' id='word_1_141' title='bbox 1147 1833 1209 1925; x_wconf 87' lang='lat' dir='ltr'>qni</span> <span class='ocrx_word' id='word_1_142' title='bbox 1223 1835 1295 1900; x_wconf 88' lang='lat' dir='ltr'>de·</span> <span class='ocrx_word' id='word_1_143' title='bbox 1345 1829 1579 1922; x_wconf 76' lang='lat' dir='ltr'>Praecipuum</span> <span class='ocrx_word' id='word_1_144' title='bbox 1606 1845 1657 1902; x_wconf 91' lang='lat' dir='ltr'>est</span> <span class='ocrx_word' id='word_1_145' title='bbox 1678 1831 1921 1902; x_wconf 88' lang='lat' dir='ltr'>testimouium</span> <span class='ocrx_word' id='word_1_146' title='bbox 1942 1832 1981 1900; x_wconf 94' lang='lat' dir='ltr'>in</span> <span class='ocrx_word' id='word_1_147' title='bbox 2006 1829 2151 1900; x_wconf 91' lang='lat' dir='ltr'>lacobo:</span> <span class='ocrx_word' id='word_1_148' title='bbox 2185 1829 2266 1902; x_wconf 92' lang='lat' dir='ltr'>Non</span> <span class='ocrx_word' id='word_1_149' title='bbox 2288 1858 2329 1903; x_wconf 90' lang='lat' dir='ltr'>ex</span> 
     </span>
     <span class='ocr_line' id='line_1_12' title="bbox 298 1931 2337 2024; baseline 0 -20"><span class='ocrx_word' id='word_1_150' title='bbox 298 1936 480 2004; x_wconf 87' lang='lat' dir='ltr'>lectantur</span> <span class='ocrx_word' id='word_1_151' title='bbox 495 1943 636 2022; x_wconf 90' lang='lat' dir='ltr'>peccato</span> <span class='ocrx_word' id='word_1_152' title='bbox 654 1931 820 2016; x_wconf 86' lang='lat' dir='ltr'>scientes,</span> <span class='ocrx_word' id='word_1_153' title='bbox 845 1946 879 2003; x_wconf 84' lang='lat' dir='ltr'>et</span> <span class='ocrx_word' id='word_1_154' title='bbox 902 1945 987 2004; x_wconf 92' lang='lat' dir='ltr'>sunt</span> <span class='ocrx_word' id='word_1_155' title='bbox 1010 1934 1088 2002; x_wconf 90' lang='lat' dir='ltr'>sine</span> <span class='ocrx_word' id='word_1_156' title='bbox 1108 1936 1294 2024; x_wconf 89' lang='lat' dir='ltr'>poeniten·</span> <span class='ocrx_word' id='word_1_157' title='bbox 1345 1933 1414 2003; x_wconf 82' lang='lat' dir='ltr'>fide</span> <span class='ocrx_word' id='word_1_158' title='bbox 1440 1948 1599 2019; x_wconf 89' lang='lat' dir='ltr'>tantum,</span> <span class='ocrx_word' id='word_1_159' title='bbox 1624 1935 1683 2002; x_wconf 91' lang='lat' dir='ltr'>sed</span> <span class='ocrx_word' id='word_1_160' title='bbox 1708 1933 1950 2024; x_wconf 84' lang='lat' dir='ltr'>exoperibus.</span> <span class='ocrx_word' id='word_1_161' title='bbox 2009 1931 2179 2004; x_wconf 86' lang='lat' dir='ltr'>Facilima</span> <span class='ocrx_word' id='word_1_162' title='bbox 2203 1945 2255 2005; x_wconf 89' lang='lat' dir='ltr'>est</span> <span class='ocrx_word' id='word_1_163' title='bbox 2278 1959 2337 2005; x_wconf 86' lang='lat' dir='ltr'>re-</span> 
     </span>
     <span class='ocr_line' id='line_1_13' title="bbox 300 2029 2337 2128; baseline 0 -23"><span class='ocrx_word' id='word_1_164' title='bbox 300 2037 365 2119; x_wconf 90' lang='lat' dir='ltr'>tia,</span> <span class='ocrx_word' id='word_1_165' title='bbox 400 2035 500 2103; x_wconf 91' lang='lat' dir='ltr'>iuxta</span> <span class='ocrx_word' id='word_1_166' title='bbox 523 2032 633 2104; x_wconf 88' lang='lat' dir='ltr'>illud:</span> <span class='ocrx_word' id='word_1_167' title='bbox 669 2031 740 2104; x_wconf 91' lang='lat' dir='ltr'>Ubi</span> <span class='ocrx_word' id='word_1_168' title='bbox 763 2029 1074 2106; x_wconf 80' lang='lat' dir='ltr'>habitabitDeus?</span> <span class='ocrx_word' id='word_1_169' title='bbox 1108 2034 1295 2128; x_wconf 93' lang='lat' dir='ltr'>lnspiritu</span> <span class='ocrx_word' id='word_1_170' title='bbox 1345 2038 1507 2126; x_wconf 85' lang='lat' dir='ltr'>sponsio:</span> <span class='ocrx_word' id='word_1_171' title='bbox 1537 2033 1685 2106; x_wconf 89' lang='lat' dir='ltr'>lacobus</span> <span class='ocrx_word' id='word_1_172' title='bbox 1705 2035 1811 2104; x_wconf 84' lang='lat' dir='ltr'>fidem</span> <span class='ocrx_word' id='word_1_173' title='bbox 1833 2049 1934 2107; x_wconf 87' lang='lat' dir='ltr'>vocat</span> <span class='ocrx_word' id='word_1_174' title='bbox 1958 2036 2126 2106; x_wconf 79' lang='lat' dir='ltr'>noticiam</span> <span class='ocrx_word' id='word_1_175' title='bbox 2150 2030 2337 2108; x_wconf 79' lang='lat' dir='ltr'>historiae:</span> 
     </span>
     <span class='ocr_line' id='line_1_14' title="bbox 303 2133 2338 2232; baseline 0.001 -25"><span class='ocrx_word' id='word_1_176' title='bbox 303 2137 480 2221; x_wconf 81' lang='lat' dir='ltr'>contrito,</span> <span class='ocrx_word' id='word_1_177' title='bbox 506 2148 678 2206; x_wconf 88' lang='lat' dir='ltr'>tremente</span> <span class='ocrx_word' id='word_1_178' title='bbox 692 2159 873 2206; x_wconf 88' lang='lat' dir='ltr'>sermones</span> <span class='ocrx_word' id='word_1_179' title='bbox 889 2161 998 2212; x_wconf 87' lang='lat' dir='ltr'>meos.</span> <span class='ocrx_word' id='word_1_180' title='bbox 1047 2135 1184 2210; x_wconf 89' lang='lat' dir='ltr'>Nolunt</span> <span class='ocrx_word' id='word_1_181' title='bbox 1198 2140 1294 2208; x_wconf 91' lang='lat' dir='ltr'>enim</span> <span class='ocrx_word' id='word_1_182' title='bbox 1346 2140 1394 2208; x_wconf 91' lang='lat' dir='ltr'>ait</span> <span class='ocrx_word' id='word_1_183' title='bbox 1423 2140 1519 2208; x_wconf 89' lang='lat' dir='ltr'>euim</span> <span class='ocrx_word' id='word_1_184' title='bbox 1555 2139 1744 2208; x_wconf 88' lang='lat' dir='ltr'>daemones</span> <span class='ocrx_word' id='word_1_185' title='bbox 1775 2139 1928 2208; x_wconf 86' lang='lat' dir='ltr'>credere.</span> <span class='ocrx_word' id='word_1_186' title='bbox 1993 2133 2044 2208; x_wconf 81' lang='lat' dir='ltr'>At</span> <span class='ocrx_word' id='word_1_187' title='bbox 2067 2136 2200 2208; x_wconf 88' lang='lat' dir='ltr'>Paulus</span> <span class='ocrx_word' id='word_1_188' title='bbox 2233 2141 2338 2232; x_wconf 90' lang='lat' dir='ltr'>longe</span> 
     </span>
     <span class='ocr_line' id='line_1_15' title="bbox 303 2236 2339 2332; baseline 0.001 -22"><span class='ocrx_word' id='word_1_189' title='bbox 303 2236 445 2310; x_wconf 74' lang='lat' dir='ltr'>liberari</span> <span class='ocrx_word' id='word_1_190' title='bbox 470 2259 489 2306; x_wconf 88' lang='lat' dir='ltr'>a</span> <span class='ocrx_word' id='word_1_191' title='bbox 512 2250 682 2332; x_wconf 89' lang='lat' dir='ltr'>peccato,</span> <span class='ocrx_word' id='word_1_192' title='bbox 722 2238 783 2331; x_wconf 89' lang='lat' dir='ltr'>qui</span> <span class='ocrx_word' id='word_1_193' title='bbox 815 2240 965 2311; x_wconf 85' lang='lat' dir='ltr'>scientes</span> <span class='ocrx_word' id='word_1_194' title='bbox 993 2242 1295 2312; x_wconf 80' lang='lat' dir='ltr'>eo&#39;delectantur.</span> <span class='ocrx_word' id='word_1_195' title='bbox 1346 2241 1443 2310; x_wconf 91' lang='lat' dir='ltr'>aliud</span> <span class='ocrx_word' id='word_1_196' title='bbox 1472 2252 1573 2310; x_wconf 84' lang='lat' dir='ltr'>vocat</span> <span class='ocrx_word' id='word_1_197' title='bbox 1595 2241 1720 2324; x_wconf 85' lang='lat' dir='ltr'>iidem,</span> <span class='ocrx_word' id='word_1_198' title='bbox 1758 2239 1923 2310; x_wconf 87' lang='lat' dir='ltr'>videlicet</span> <span class='ocrx_word' id='word_1_199' title='bbox 1947 2239 2113 2310; x_wconf 86' lang='lat' dir='ltr'>fiduciam</span> <span class='ocrx_word' id='word_1_200' title='bbox 2135 2241 2339 2314; x_wconf 89' lang='lat' dir='ltr'>miscricor-</span> 
     </span>
     <span class='ocr_line' id='line_1_16' title="bbox 309 2336 2338 2437; baseline 0.002 -25"><span class='ocrx_word' id='word_1_201' title='bbox 309 2347 507 2412; x_wconf 62' lang='lat' dir='ltr'>bttmoocat</span> <span class='ocrx_word' id='word_1_202' title='bbox 529 2338 638 2427; x_wconf 85' lang='lat' dir='ltr'>igitur</span> <span class='ocrx_word' id='word_1_203' title='bbox 662 2362 727 2408; x_wconf 89' lang='lat' dir='ltr'>nos</span> <span class='ocrx_word' id='word_1_204' title='bbox 748 2340 883 2410; x_wconf 91' lang='lat' dir='ltr'>dictum</span> <span class='ocrx_word' id='word_1_205' title='bbox 905 2339 1067 2425; x_wconf 90' lang='lat' dir='ltr'>loannis,</span> <span class='ocrx_word' id='word_1_206' title='bbox 1093 2344 1189 2413; x_wconf 88' lang='lat' dir='ltr'>unde</span> <span class='ocrx_word' id='word_1_207' title='bbox 1213 2368 1294 2437; x_wconf 90' lang='lat' dir='ltr'>pec·</span> <span class='ocrx_word' id='word_1_208' title='bbox 1346 2344 1429 2412; x_wconf 87' lang='lat' dir='ltr'>diae</span> <span class='ocrx_word' id='word_1_209' title='bbox 1449 2357 1595 2435; x_wconf 91' lang='lat' dir='ltr'>propter</span> <span class='ocrx_word' id='word_1_210' title='bbox 1614 2336 1796 2412; x_wconf 83' lang='lat' dir='ltr'>Christum</span> <span class='ocrx_word' id='word_1_211' title='bbox 1821 2343 2023 2434; x_wconf 84' lang='lat' dir='ltr'>promissae.</span> <span class='ocrx_word' id='word_1_212' title='bbox 2088 2337 2338 2434; x_wconf 87' lang='lat' dir='ltr'>Reprehendit</span> 
     </span>
     <span class='ocr_line' id='line_1_17' title="bbox 314 2439 2339 2540; baseline 0.001 -26"><span class='ocrx_word' id='word_1_213' title='bbox 314 2461 417 2514; x_wconf 77' lang='lat' dir='ltr'>ntum</span> <span class='ocrx_word' id='word_1_214' title='bbox 440 2443 599 2540; x_wconf 78' lang='lat' dir='ltr'>oriatur,</span> <span class='ocrx_word' id='word_1_215' title='bbox 621 2455 795 2536; x_wconf 86' lang='lat' dir='ltr'>quantum</span> <span class='ocrx_word' id='word_1_216' title='bbox 816 2439 954 2514; x_wconf 89' lang='lat' dir='ltr'>hostem</span> <span class='ocrx_word' id='word_1_217' title='bbox 977 2440 1193 2529; x_wconf 89' lang='lat' dir='ltr'>habeamus,</span> <span class='ocrx_word' id='word_1_218' title='bbox 1220 2470 1295 2540; x_wconf 88' lang='lat' dir='ltr'>quo</span> <span class='ocrx_word' id='word_1_219' title='bbox 1346 2445 1456 2535; x_wconf 89' lang='lat' dir='ltr'>igitur</span> <span class='ocrx_word' id='word_1_220' title='bbox 1467 2467 1622 2514; x_wconf 86' lang='lat' dir='ltr'>errorem</span> <span class='ocrx_word' id='word_1_221' title='bbox 1641 2467 1784 2529; x_wconf 89' lang='lat' dir='ltr'>eorum,</span> <span class='ocrx_word' id='word_1_222' title='bbox 1810 2447 1873 2539; x_wconf 90' lang='lat' dir='ltr'>qui</span> <span class='ocrx_word' id='word_1_223' title='bbox 1888 2467 1925 2514; x_wconf 88' lang='lat' dir='ltr'>se</span> <span class='ocrx_word' id='word_1_224' title='bbox 1940 2445 2051 2515; x_wconf 87' lang='lat' dir='ltr'>iustos</span> <span class='ocrx_word' id='word_1_225' title='bbox 2068 2467 2142 2514; x_wconf 88' lang='lat' dir='ltr'>esse</span> <span class='ocrx_word' id='word_1_226' title='bbox 2157 2445 2339 2518; x_wconf 86' lang='lat' dir='ltr'>arbitran-</span> 
     </span>
     <span class='ocr_line' id='line_1_18' title="bbox 319 2541 2426 2640; baseline 0.003 -28"><span class='ocrx_word' id='word_1_227' title='bbox 319 2560 454 2636; x_wconf 85' lang='lat' dir='ltr'>spectet,</span> <span class='ocrx_word' id='word_1_228' title='bbox 481 2560 514 2614; x_wconf 89' lang='lat' dir='ltr'>et</span> <span class='ocrx_word' id='word_1_229' title='bbox 538 2545 714 2614; x_wconf 88' lang='lat' dir='ltr'>discamus</span> <span class='ocrx_word' id='word_1_230' title='bbox 736 2567 896 2616; x_wconf 83' lang='lat' dir='ltr'>exercere</span> <span class='ocrx_word' id='word_1_231' title='bbox 918 2545 1046 2634; x_wconf 85' lang='lat' dir='ltr'>fidem,</span> <span class='ocrx_word' id='word_1_232' title='bbox 1071 2562 1111 2620; x_wconf 89' lang='lat' dir='ltr'>ut</span> <span class='ocrx_word' id='word_1_233' title='bbox 1131 2544 1296 2620; x_wconf 90' lang='lat' dir='ltr'>Christus</span> <span class='ocrx_word' id='word_1_234' title='bbox 1347 2561 1407 2620; x_wconf 93' lang='lat' dir='ltr'>tur</span> <span class='ocrx_word' id='word_1_235' title='bbox 1425 2561 1570 2639; x_wconf 91' lang='lat' dir='ltr'>propter</span> <span class='ocrx_word' id='word_1_236' title='bbox 1586 2547 1838 2640; x_wconf 83' lang='lat' dir='ltr'>professionem</span> <span class='ocrx_word' id='word_1_237' title='bbox 1856 2541 2041 2617; x_wconf 79' lang='lat' dir='ltr'>historiae:</span> <span class='ocrx_word' id='word_1_238' title='bbox 2068 2543 2165 2616; x_wconf 88' lang='lat' dir='ltr'>Haec</span> <span class='ocrx_word' id='word_1_239' title='bbox 2181 2563 2232 2620; x_wconf 89' lang='lat' dir='ltr'>est</span> <span class='ocrx_word' id='word_1_240' title='bbox 2247 2571 2337 2639; x_wconf 92' lang='lat' dir='ltr'>opus</span> <span class='ocrx_word' id='word_1_241' title='bbox 2423 2621 2426 2628; x_wconf 80' lang='grc'>,</span> 
     </span>
     <span class='ocr_line' id='line_1_19' title="bbox 317 2642 2336 2743; baseline 0.001 -26"><span class='ocrx_word' id='word_1_242' title='bbox 317 2650 352 2718; x_wconf 91' lang='lat' dir='ltr'>in</span> <span class='ocrx_word' id='word_1_243' title='bbox 365 2647 465 2716; x_wconf 91' lang='lat' dir='ltr'>nobis</span> <span class='ocrx_word' id='word_1_244' title='bbox 480 2647 599 2716; x_wconf 84' lang='lat' dir='ltr'>vincat</span> <span class='ocrx_word' id='word_1_245' title='bbox 615 2642 872 2720; x_wconf 87' lang='lat' dir='ltr'>hunchostem.</span> <span class='ocrx_word' id='word_1_246' title='bbox 1347 2649 1583 2722; x_wconf 88' lang='lat' dir='ltr'>necessarium</span> <span class='ocrx_word' id='word_1_247' title='bbox 1602 2647 1765 2743; x_wconf 86' lang='lat' dir='ltr'>quidem,</span> <span class='ocrx_word' id='word_1_248' title='bbox 1790 2662 1830 2720; x_wconf 92' lang='lat' dir='ltr'>ut</span> <span class='ocrx_word' id='word_1_249' title='bbox 1847 2663 1981 2720; x_wconf 89' lang='lat' dir='ltr'>caetera</span> <span class='ocrx_word' id='word_1_250' title='bbox 2003 2650 2096 2718; x_wconf 88' lang='lat' dir='ltr'>bona</span> <span class='ocrx_word' id='word_1_251' title='bbox 2120 2673 2247 2740; x_wconf 89' lang='lat' dir='ltr'>opera,</span> <span class='ocrx_word' id='word_1_252' title='bbox 2274 2653 2336 2722; x_wconf 88' lang='lat' dir='ltr'>sed</span> 
     </span>
     <span class='ocr_line' id='line_1_20' title="bbox 406 2747 2338 2844; baseline 0.002 -26"><span class='ocrx_word' id='word_1_253' title='bbox 406 2747 588 2819; x_wconf 84' lang='lat' dir='ltr'>Hactenus</span> <span class='ocrx_word' id='word_1_254' title='bbox 611 2749 756 2838; x_wconf 75' lang='lat' dir='ltr'>exposui</span> <span class='ocrx_word' id='word_1_255' title='bbox 773 2772 948 2820; x_wconf 89' lang='lat' dir='ltr'>summam</span> <span class='ocrx_word' id='word_1_256' title='bbox 970 2751 1154 2822; x_wconf 89' lang='lat' dir='ltr'>doctrinae</span> <span class='ocrx_word' id='word_1_257' title='bbox 1170 2747 1296 2820; x_wconf 81' lang='lat' dir='ltr'>Evan-</span> <span class='ocrx_word' id='word_1_258' title='bbox 1348 2777 1423 2822; x_wconf 92' lang='lat' dir='ltr'>non</span> <span class='ocrx_word' id='word_1_259' title='bbox 1451 2766 1501 2822; x_wconf 90' lang='lat' dir='ltr'>est</span> <span class='ocrx_word' id='word_1_260' title='bbox 1525 2753 1585 2822; x_wconf 88' lang='lat' dir='ltr'>illa</span> <span class='ocrx_word' id='word_1_261' title='bbox 1609 2750 1755 2835; x_wconf 81' lang='lat' dir='ltr'>fiducia,</span> <span class='ocrx_word' id='word_1_262' title='bbox 1786 2775 1855 2844; x_wconf 87' lang='lat' dir='ltr'>qua</span> <span class='ocrx_word' id='word_1_263' title='bbox 1878 2751 2069 2842; x_wconf 88' lang='lat' dir='ltr'>accipimus</span> <span class='ocrx_word' id='word_1_264' title='bbox 2092 2753 2338 2824; x_wconf 84' lang='lat' dir='ltr'>remissionem</span> 
     </span>
     <span class='ocr_line' id='line_1_21' title="bbox 316 2849 2339 2948; baseline 0.002 -28"><span class='ocrx_word' id='word_1_265' title='bbox 316 2851 407 2941; x_wconf 85' lang='lat' dir='ltr'>gelii,</span> <span class='ocrx_word' id='word_1_266' title='bbox 432 2854 476 2920; x_wconf 93' lang='lat' dir='ltr'>de</span> <span class='ocrx_word' id='word_1_267' title='bbox 491 2849 757 2934; x_wconf 86' lang='lat' dir='ltr'>iustificatione,</span> <span class='ocrx_word' id='word_1_268' title='bbox 782 2865 822 2922; x_wconf 89' lang='lat' dir='ltr'>ut</span> <span class='ocrx_word' id='word_1_269' title='bbox 839 2866 1002 2940; x_wconf 85' lang='lat' dir='ltr'>vocatur,</span> <span class='ocrx_word' id='word_1_270' title='bbox 1028 2875 1090 2923; x_wconf 90' lang='lat' dir='ltr'>seu</span> <span class='ocrx_word' id='word_1_271' title='bbox 1107 2854 1152 2923; x_wconf 88' lang='lat' dir='ltr'>de</span> <span class='ocrx_word' id='word_1_272' title='bbox 1174 2855 1297 2943; x_wconf 89' lang='lat' dir='ltr'>gratia,</span> <span class='ocrx_word' id='word_1_273' title='bbox 1348 2868 1592 2948; x_wconf 90' lang='lat' dir='ltr'>peccatorum,</span> <span class='ocrx_word' id='word_1_274' title='bbox 1627 2869 1665 2924; x_wconf 88' lang='lat' dir='ltr'>ut</span> <span class='ocrx_word' id='word_1_275' title='bbox 1695 2867 1843 2928; x_wconf 89' lang='lat' dir='ltr'>constat.</span> <span class='ocrx_word' id='word_1_276' title='bbox 1918 2853 2061 2924; x_wconf 86' lang='lat' dir='ltr'>Deinde</span> <span class='ocrx_word' id='word_1_277' title='bbox 2086 2877 2167 2924; x_wconf 92' lang='lat' dir='ltr'>cum</span> <span class='ocrx_word' id='word_1_278' title='bbox 2196 2853 2265 2941; x_wconf 89' lang='lat' dir='ltr'>ait,</span> <span class='ocrx_word' id='word_1_279' title='bbox 2298 2877 2339 2924; x_wconf 88' lang='lat' dir='ltr'>ex</span> 
     </span>
     <span class='ocr_line' id='line_1_22' title="bbox 318 2951 2338 3048; baseline 0.002 -25"><span class='ocrx_word' id='word_1_280' title='bbox 318 2961 354 3024; x_wconf 86' lang='lat' dir='ltr'>da</span> <span class='ocrx_word' id='word_1_281' title='bbox 366 2953 671 3043; x_wconf 88' lang='lat' dir='ltr'>reconciliatione,</span> <span class='ocrx_word' id='word_1_282' title='bbox 695 2951 846 3038; x_wconf 83' lang='lat' dir='ltr'>deiide,</span> <span class='ocrx_word' id='word_1_283' title='bbox 868 2968 903 3025; x_wconf 91' lang='lat' dir='ltr'>et</span> <span class='ocrx_word' id='word_1_284' title='bbox 923 2959 969 3024; x_wconf 93' lang='lat' dir='ltr'>de</span> <span class='ocrx_word' id='word_1_285' title='bbox 989 2955 1097 3027; x_wconf 88' lang='lat' dir='ltr'>bonis</span> <span class='ocrx_word' id='word_1_286' title='bbox 1117 2957 1296 3046; x_wconf 85' lang='lat' dir='ltr'>operibus.</span> <span class='ocrx_word' id='word_1_287' title='bbox 1348 2958 1516 3047; x_wconf 89' lang='lat' dir='ltr'>operibus</span> <span class='ocrx_word' id='word_1_288' title='bbox 1540 2957 1747 3026; x_wconf 86' lang='lat' dir='ltr'>iustificatus</span> <span class='ocrx_word' id='word_1_289' title='bbox 1771 2969 1840 3040; x_wconf 89' lang='lat' dir='ltr'>est,</span> <span class='ocrx_word' id='word_1_290' title='bbox 1866 2952 2003 3048; x_wconf 89' lang='lat' dir='ltr'>phrasis</span> <span class='ocrx_word' id='word_1_291' title='bbox 2028 2969 2080 3027; x_wconf 86' lang='lat' dir='ltr'>cst</span> <span class='ocrx_word' id='word_1_292' title='bbox 2104 2957 2338 3036; x_wconf 81' lang='lat' dir='ltr'>observanda.</span> 
     </span>
     <span class='ocr_line' id='line_1_23' title="bbox 318 3048 2334 3150; baseline 0 -22"><span class='ocrx_word' id='word_1_293' title='bbox 318 3055 397 3128; x_wconf 83' lang='lat' dir='ltr'>Cum</span> <span class='ocrx_word' id='word_1_294' title='bbox 411 3072 528 3126; x_wconf 89' lang='lat' dir='ltr'>autem</span> <span class='ocrx_word' id='word_1_295' title='bbox 553 3048 641 3125; x_wconf 87' lang='lat' dir='ltr'>haec</span> <span class='ocrx_word' id='word_1_296' title='bbox 655 3056 831 3126; x_wconf 88' lang='lat' dir='ltr'>sententia</span> <span class='ocrx_word' id='word_1_297' title='bbox 850 3057 897 3127; x_wconf 92' lang='lat' dir='ltr'>sit</span> <span class='ocrx_word' id='word_1_298' title='bbox 912 3058 1019 3148; x_wconf 90' lang='lat' dir='ltr'>plana</span> <span class='ocrx_word' id='word_1_299' title='bbox 1033 3083 1075 3128; x_wconf 90' lang='lat' dir='ltr'>ac</span> <span class='ocrx_word' id='word_1_300' title='bbox 1101 3059 1296 3148; x_wconf 88' lang='lat' dir='ltr'>perspicua,</span> <span class='ocrx_word' id='word_1_301' title='bbox 1347 3055 1429 3128; x_wconf 90' lang='lat' dir='ltr'>Non</span> <span class='ocrx_word' id='word_1_302' title='bbox 1455 3059 1550 3128; x_wconf 90' lang='lat' dir='ltr'>enim</span> <span class='ocrx_word' id='word_1_303' title='bbox 1576 3059 1651 3128; x_wconf 87' lang='lat' dir='ltr'>vult</span> <span class='ocrx_word' id='word_1_304' title='bbox 1668 3051 1850 3126; x_wconf 86' lang='lat' dir='ltr'>Abraham</span> <span class='ocrx_word' id='word_1_305' title='bbox 1875 3071 2021 3150; x_wconf 89' lang='lat' dir='ltr'>propter</span> <span class='ocrx_word' id='word_1_306' title='bbox 2045 3081 2154 3148; x_wconf 88' lang='lat' dir='ltr'>opera</span> <span class='ocrx_word' id='word_1_307' title='bbox 2172 3059 2334 3130; x_wconf 91' lang='lat' dir='ltr'>reconci-</span> 
     </span>
     <span class='ocr_line' id='line_1_24' title="bbox 317 3152 2340 3258; baseline 0.001 -29"><span class='ocrx_word' id='word_1_308' title='bbox 317 3183 387 3230; x_wconf 83' lang='lat' dir='ltr'>eum</span> <span class='ocrx_word' id='word_1_309' title='bbox 408 3155 502 3227; x_wconf 88' lang='lat' dir='ltr'>nihil</span> <span class='ocrx_word' id='word_1_310' title='bbox 523 3152 650 3228; x_wconf 85' lang='lat' dir='ltr'>habeat</span> <span class='ocrx_word' id='word_1_311' title='bbox 671 3157 919 3243; x_wconf 84' lang='lat' dir='ltr'>absurditatis,</span> <span class='ocrx_word' id='word_1_312' title='bbox 954 3173 1016 3230; x_wconf 90' lang='lat' dir='ltr'>aut</span> <span class='ocrx_word' id='word_1_313' title='bbox 1038 3160 1297 3252; x_wconf 78' lang='lat' dir='ltr'>perplexitatis,</span> <span class='ocrx_word' id='word_1_314' title='bbox 1347 3161 1473 3231; x_wconf 91' lang='lat' dir='ltr'>liatum</span> <span class='ocrx_word' id='word_1_315' title='bbox 1506 3184 1597 3242; x_wconf 88' lang='lat' dir='ltr'>esse,</span> <span class='ocrx_word' id='word_1_316' title='bbox 1637 3163 1698 3229; x_wconf 89' lang='lat' dir='ltr'>sed</span> <span class='ocrx_word' id='word_1_317' title='bbox 1720 3183 1826 3249; x_wconf 90' lang='lat' dir='ltr'>opera</span> <span class='ocrx_word' id='word_1_318' title='bbox 1856 3160 2072 3232; x_wconf 89' lang='lat' dir='ltr'>reconciliati</span> <span class='ocrx_word' id='word_1_319' title='bbox 2096 3176 2216 3258; x_wconf 87' lang='lat' dir='ltr'>postca</span> <span class='ocrx_word' id='word_1_320' title='bbox 2238 3157 2340 3232; x_wconf 83' lang='lat' dir='ltr'>Deo</span> 
     </span>
     <span class='ocr_line' id='line_1_25' title="bbox 306 3257 2341 3355; baseline 0 -23"><span class='ocrx_word' id='word_1_321' title='bbox 306 3275 371 3332; x_wconf 83' lang='lat' dir='ltr'>sut</span> <span class='ocrx_word' id='word_1_322' title='bbox 388 3257 611 3352; x_wconf 89' lang='lat' dir='ltr'>sophistices,</span> <span class='ocrx_word' id='word_1_323' title='bbox 651 3282 731 3330; x_wconf 92' lang='lat' dir='ltr'>cum</span> <span class='ocrx_word' id='word_1_324' title='bbox 755 3259 925 3354; x_wconf 81' lang='lat' dir='ltr'>loquatur</span> <span class='ocrx_word' id='word_1_325' title='bbox 952 3264 997 3332; x_wconf 87' lang='lat' dir='ltr'>de</span> <span class='ocrx_word' id='word_1_326' title='bbox 1025 3261 1201 3346; x_wconf 93' lang='lat' dir='ltr'>motibus,</span> <span class='ocrx_word' id='word_1_327' title='bbox 1233 3263 1296 3355; x_wconf 87' lang='lat' dir='ltr'>qui</span> <span class='ocrx_word' id='word_1_328' title='bbox 1349 3261 1534 3354; x_wconf 86' lang='lat' dir='ltr'>placuisse.</span> <span class='ocrx_word' id='word_1_329' title='bbox 1583 3259 1673 3332; x_wconf 88' lang='lat' dir='ltr'>Nam</span> <span class='ocrx_word' id='word_1_330' title='bbox 1691 3285 1797 3351; x_wconf 90' lang='lat' dir='ltr'>opera</span> <span class='ocrx_word' id='word_1_331' title='bbox 1815 3261 1853 3330; x_wconf 92' lang='lat' dir='ltr'>in</span> <span class='ocrx_word' id='word_1_332' title='bbox 1869 3263 2104 3334; x_wconf 89' lang='lat' dir='ltr'>reconciliatis</span> <span class='ocrx_word' id='word_1_333' title='bbox 2120 3260 2271 3354; x_wconf 87' lang='lat' dir='ltr'>placent,</span> <span class='ocrx_word' id='word_1_334' title='bbox 2298 3276 2341 3334; x_wconf 88' lang='lat' dir='ltr'>ut</span> 
     </span>
     <span class='ocr_line' id='line_1_26' title="bbox 306 3360 2338 3456; baseline 0 -23"><span class='ocrx_word' id='word_1_335' title='bbox 306 3365 383 3434; x_wconf 90' lang='lat' dir='ltr'>noti</span> <span class='ocrx_word' id='word_1_336' title='bbox 397 3377 480 3432; x_wconf 87' lang='lat' dir='ltr'>suut</span> <span class='ocrx_word' id='word_1_337' title='bbox 497 3362 565 3453; x_wconf 89' lang='lat' dir='ltr'>piis</span> <span class='ocrx_word' id='word_1_338' title='bbox 582 3363 763 3432; x_wconf 90' lang='lat' dir='ltr'>mentibus</span> <span class='ocrx_word' id='word_1_339' title='bbox 780 3362 819 3430; x_wconf 91' lang='lat' dir='ltr'>in</span> <span class='ocrx_word' id='word_1_340' title='bbox 837 3360 1016 3448; x_wconf 81' lang='lat' dir='ltr'>Ecclesia,</span> <span class='ocrx_word' id='word_1_341' title='bbox 1042 3387 1118 3432; x_wconf 92' lang='lat' dir='ltr'>noo</span> <span class='ocrx_word' id='word_1_342' title='bbox 1141 3364 1297 3454; x_wconf 91' lang='lat' dir='ltr'>disputet</span> <span class='ocrx_word' id='word_1_343' title='bbox 1348 3367 1580 3456; x_wconf 86' lang='lat' dir='ltr'>dictumest,</span> <span class='ocrx_word' id='word_1_344' title='bbox 1609 3378 1643 3434; x_wconf 91' lang='lat' dir='ltr'>et</span> <span class='ocrx_word' id='word_1_345' title='bbox 1665 3377 1748 3432; x_wconf 91' lang='lat' dir='ltr'>sunt</span> <span class='ocrx_word' id='word_1_346' title='bbox 1771 3365 1944 3456; x_wconf 83' lang='lat' dir='ltr'>qaraedam</span> <span class='ocrx_word' id='word_1_347' title='bbox 1971 3365 2108 3436; x_wconf 91' lang='lat' dir='ltr'>iusticia</span> <span class='ocrx_word' id='word_1_348' title='bbox 2133 3362 2241 3456; x_wconf 89' lang='lat' dir='ltr'>legis,</span> <span class='ocrx_word' id='word_1_349' title='bbox 2274 3367 2338 3434; x_wconf 89' lang='lat' dir='ltr'>sed</span> 
     </span>
     <span class='ocr_line' id='line_1_27' title="bbox 305 3462 2340 3559; baseline 0 -22"><span class='ocrx_word' id='word_1_350' title='bbox 305 3474 357 3537; x_wconf 89' lang='lat' dir='ltr'>de</span> <span class='ocrx_word' id='word_1_351' title='bbox 375 3465 495 3537; x_wconf 86' lang='lat' dir='ltr'>otiosis</span> <span class='ocrx_word' id='word_1_352' title='bbox 513 3463 680 3553; x_wconf 86' lang='lat' dir='ltr'>argutiis,</span> <span class='ocrx_word' id='word_1_353' title='bbox 705 3488 784 3535; x_wconf 93' lang='lat' dir='ltr'>cum</span> <span class='ocrx_word' id='word_1_354' title='bbox 807 3463 962 3537; x_wconf 90' lang='lat' dir='ltr'>illustret</span> <span class='ocrx_word' id='word_1_355' title='bbox 985 3465 1135 3555; x_wconf 76' lang='lat' dir='ltr'>gloriam</span> <span class='ocrx_word' id='word_1_356' title='bbox 1149 3462 1297 3547; x_wconf 89' lang='lat' dir='ltr'>Christi,</span> <span class='ocrx_word' id='word_1_357' title='bbox 1349 3494 1423 3540; x_wconf 90' lang='lat' dir='ltr'>oon</span> <span class='ocrx_word' id='word_1_358' title='bbox 1447 3484 1628 3537; x_wconf 88' lang='lat' dir='ltr'>merentur</span> <span class='ocrx_word' id='word_1_359' title='bbox 1648 3467 1891 3536; x_wconf 85' lang='lat' dir='ltr'>remissionem</span> <span class='ocrx_word' id='word_1_360' title='bbox 1916 3482 2159 3559; x_wconf 85' lang='lat' dir='ltr'>peccatorum,</span> <span class='ocrx_word' id='word_1_361' title='bbox 2196 3482 2258 3539; x_wconf 91' lang='lat' dir='ltr'>aut</span> <span class='ocrx_word' id='word_1_362' title='bbox 2281 3492 2340 3539; x_wconf 90' lang='lat' dir='ltr'>ac·</span> 
     </span>
     <span class='ocr_line' id='line_1_28' title="bbox 304 3563 2339 3663; baseline 0.001 -26"><span class='ocrx_word' id='word_1_363' title='bbox 304 3594 386 3641; x_wconf 75' lang='lat' dir='ltr'>narn</span> <span class='ocrx_word' id='word_1_364' title='bbox 408 3566 689 3657; x_wconf 78' lang='lat' dir='ltr'>magnitudinem</span> <span class='ocrx_word' id='word_1_365' title='bbox 715 3567 933 3637; x_wconf 84' lang='lat' dir='ltr'>infirmitatis</span> <span class='ocrx_word' id='word_1_366' title='bbox 954 3563 1132 3638; x_wconf 86' lang='lat' dir='ltr'>humanae</span> <span class='ocrx_word' id='word_1_367' title='bbox 1154 3583 1296 3659; x_wconf 87' lang='lat' dir='ltr'>retegat,</span> <span class='ocrx_word' id='word_1_368' title='bbox 1348 3572 1584 3663; x_wconf 84' lang='lat' dir='ltr'>captationem</span> <span class='ocrx_word' id='word_1_369' title='bbox 1602 3570 1646 3637; x_wconf 90' lang='lat' dir='ltr'>ad</span> <span class='ocrx_word' id='word_1_370' title='bbox 1670 3570 1774 3639; x_wconf 85' lang='lat' dir='ltr'>vitam</span> <span class='ocrx_word' id='word_1_371' title='bbox 1794 3584 1981 3639; x_wconf 80' lang='lat' dir='ltr'>aeternam.</span> <span class='ocrx_word' id='word_1_372' title='bbox 2035 3570 2094 3641; x_wconf 87' lang='lat' dir='ltr'>Sic</span> <span class='ocrx_word' id='word_1_373' title='bbox 2111 3570 2220 3660; x_wconf 87' lang='lat' dir='ltr'>igitur</span> <span class='ocrx_word' id='word_1_374' title='bbox 2234 3570 2339 3647; x_wconf 84' lang='lat' dir='ltr'>dixit,</span> 
     </span>
     <span class='ocr_line' id='line_1_29' title="bbox 302 3666 2339 3764; baseline 0.001 -25"><span class='ocrx_word' id='word_1_375' title='bbox 302 3672 457 3764; x_wconf 85' lang='lat' dir='ltr'>denique</span> <span class='ocrx_word' id='word_1_376' title='bbox 474 3692 555 3739; x_wconf 91' lang='lat' dir='ltr'>curn</span> <span class='ocrx_word' id='word_1_377' title='bbox 573 3669 706 3759; x_wconf 86' lang='lat' dir='ltr'>optime</span> <span class='ocrx_word' id='word_1_378' title='bbox 721 3684 894 3759; x_wconf 81' lang='lat' dir='ltr'>congruat</span> <span class='ocrx_word' id='word_1_379' title='bbox 915 3696 996 3740; x_wconf 94' lang='lat' dir='ltr'>cum</span> <span class='ocrx_word' id='word_1_380' title='bbox 1021 3685 1190 3764; x_wconf 89' lang='lat' dir='ltr'>perpetuo</span> <span class='ocrx_word' id='word_1_381' title='bbox 1210 3696 1296 3741; x_wconf 91' lang='lat' dir='ltr'>con·</span> <span class='ocrx_word' id='word_1_382' title='bbox 1347 3676 1453 3743; x_wconf 89' lang='lat' dir='ltr'>etiam</span> <span class='ocrx_word' id='word_1_383' title='bbox 1477 3696 1518 3741; x_wconf 85' lang='lat' dir='ltr'>cx</span> <span class='ocrx_word' id='word_1_384' title='bbox 1540 3672 1708 3761; x_wconf 88' lang='lat' dir='ltr'>operibus</span> <span class='ocrx_word' id='word_1_385' title='bbox 1733 3672 1959 3748; x_wconf 86' lang='lat' dir='ltr'>iustificatum</span> <span class='ocrx_word' id='word_1_386' title='bbox 1980 3696 2053 3742; x_wconf 90' lang='lat' dir='ltr'>esse</span> <span class='ocrx_word' id='word_1_387' title='bbox 2071 3666 2274 3755; x_wconf 83' lang='lat' dir='ltr'>Abraham,</span> <span class='ocrx_word' id='word_1_388' title='bbox 2301 3672 2339 3741; x_wconf 92' lang='lat' dir='ltr'>id</span> 
     </span>
     <span class='ocr_line' id='line_1_30' title="bbox 302 3771 2338 3864; baseline -0.001 -19"><span class='ocrx_word' id='word_1_389' title='bbox 302 3798 410 3845; x_wconf 86' lang='lat' dir='ltr'>seusu</span> <span class='ocrx_word' id='word_1_390' title='bbox 436 3772 624 3843; x_wconf 82' lang='lat' dir='ltr'>universae</span> <span class='ocrx_word' id='word_1_391' title='bbox 646 3771 845 3861; x_wconf 85' lang='lat' dir='ltr'>scripturae</span> <span class='ocrx_word' id='word_1_392' title='bbox 873 3774 1001 3843; x_wconf 84' lang='lat' dir='ltr'>veteris</span> <span class='ocrx_word' id='word_1_393' title='bbox 1021 3787 1058 3845; x_wconf 89' lang='lat' dir='ltr'>et</span> <span class='ocrx_word' id='word_1_394' title='bbox 1080 3773 1166 3843; x_wconf 82' lang='lat' dir='ltr'>novi</span> <span class='ocrx_word' id='word_1_395' title='bbox 1189 3788 1295 3844; x_wconf 89' lang='lat' dir='ltr'>testa·</span> <span class='ocrx_word' id='word_1_396' title='bbox 1348 3788 1412 3862; x_wconf 89' lang='lat' dir='ltr'>est,</span> <span class='ocrx_word' id='word_1_397' title='bbox 1434 3775 1539 3844; x_wconf 89' lang='lat' dir='ltr'>etiam</span> <span class='ocrx_word' id='word_1_398' title='bbox 1556 3798 1661 3863; x_wconf 83' lang='lat' dir='ltr'>opera</span> <span class='ocrx_word' id='word_1_399' title='bbox 1679 3774 2009 3864; x_wconf 87' lang='lat' dir='ltr'>pronunciabantur</span> <span class='ocrx_word' id='word_1_400' title='bbox 2025 3776 2127 3846; x_wconf 86' lang='lat' dir='ltr'>iusta.</span> <span class='ocrx_word' id='word_1_401' title='bbox 2157 3771 2197 3845; x_wconf 94' lang='lat' dir='ltr'>ld</span> <span class='ocrx_word' id='word_1_402' title='bbox 2214 3796 2338 3841; x_wconf 80' lang='lat' dir='ltr'>verram</span> 
     </span>
     <span class='ocr_line' id='line_1_31' title="bbox 299 3872 2338 3969; baseline -0.001 -22"><span class='ocrx_word' id='word_1_403' title='bbox 299 3875 433 3958; x_wconf 85' lang='lat' dir='ltr'>menti,</span> <span class='ocrx_word' id='word_1_404' title='bbox 468 3898 549 3943; x_wconf 91' lang='lat' dir='ltr'>cum</span> <span class='ocrx_word' id='word_1_405' title='bbox 576 3895 700 3942; x_wconf 90' lang='lat' dir='ltr'>omnes</span> <span class='ocrx_word' id='word_1_406' title='bbox 728 3874 779 3965; x_wconf 93' lang='lat' dir='ltr'>pii</span> <span class='ocrx_word' id='word_1_407' title='bbox 805 3875 975 3945; x_wconf 91' lang='lat' dir='ltr'>omnibus</span> <span class='ocrx_word' id='word_1_408' title='bbox 1006 3875 1229 3968; x_wconf 85' lang='lat' dir='ltr'>temporibus</span> <span class='ocrx_word' id='word_1_409' title='bbox 1256 3875 1296 3943; x_wconf 91' lang='lat' dir='ltr'>in</span> <span class='ocrx_word' id='word_1_410' title='bbox 1348 3892 1419 3958; x_wconf 91' lang='lat' dir='ltr'>est,</span> <span class='ocrx_word' id='word_1_411' title='bbox 1452 3880 1498 3947; x_wconf 90' lang='lat' dir='ltr'>de</span> <span class='ocrx_word' id='word_1_412' title='bbox 1530 3875 1778 3959; x_wconf 89' lang='lat' dir='ltr'>reconciliato,</span> <span class='ocrx_word' id='word_1_413' title='bbox 1811 3889 1846 3948; x_wconf 88' lang='lat' dir='ltr'>ct</span> <span class='ocrx_word' id='word_1_414' title='bbox 1872 3877 2048 3947; x_wconf 88' lang='lat' dir='ltr'>credente.</span> <span class='ocrx_word' id='word_1_415' title='bbox 2119 3872 2168 3947; x_wconf 86' lang='lat' dir='ltr'>Et</span> <span class='ocrx_word' id='word_1_416' title='bbox 2191 3875 2338 3969; x_wconf 87' lang='lat' dir='ltr'>quidem</span> 
     </span>
     <span class='ocr_line' id='line_1_32' title="bbox 300 3970 2357 4072; baseline -0.002 -23"><span class='ocrx_word' id='word_1_417' title='bbox 300 3976 462 4049; x_wconf 83' lang='lat' dir='ltr'>Ecclesia</span> <span class='ocrx_word' id='word_1_418' title='bbox 491 3978 718 4065; x_wconf 80' lang='lat' dir='ltr'>experiantur</span> <span class='ocrx_word' id='word_1_419' title='bbox 747 3970 841 4047; x_wconf 90' lang='lat' dir='ltr'>hanc</span> <span class='ocrx_word' id='word_1_420' title='bbox 865 3978 1146 4049; x_wconf 88' lang='lat' dir='ltr'>consolationem</span> <span class='ocrx_word' id='word_1_421' title='bbox 1175 4000 1296 4047; x_wconf 82' lang='lat' dir='ltr'>veram</span> <span class='ocrx_word' id='word_1_422' title='bbox 1348 3990 1573 4055; x_wconf 67' lang='lat' dir='ltr'>necessust,</span> <span class='ocrx_word' id='word_1_423' title='bbox 1601 3991 1641 4047; x_wconf 91' lang='lat' dir='ltr'>ut</span> <span class='ocrx_word' id='word_1_424' title='bbox 1662 3976 1754 4057; x_wconf 87' lang='lat' dir='ltr'>dixi,</span> <span class='ocrx_word' id='word_1_425' title='bbox 1780 3978 1881 4072; x_wconf 88' lang='lat' dir='ltr'>sequi</span> <span class='ocrx_word' id='word_1_426' title='bbox 1906 4002 2033 4069; x_wconf 91' lang='lat' dir='ltr'>opera,</span> <span class='ocrx_word' id='word_1_427' title='bbox 2059 3978 2097 4047; x_wconf 94' lang='lat' dir='ltr'>in</span> <span class='ocrx_word' id='word_1_428' title='bbox 2126 3977 2256 4069; x_wconf 90' lang='lat' dir='ltr'>quibus</span> <span class='ocrx_word' id='word_1_429' title='bbox 2284 3976 2357 4047; x_wconf 80' lang='lat' dir='ltr'>vi·-</span> 
     </span>
     <span class='ocr_line' id='line_1_33' title="bbox 301 4076 2339 4169; baseline -0.001 -18"><span class='ocrx_word' id='word_1_430' title='bbox 301 4096 341 4152; x_wconf 89' lang='lat' dir='ltr'>et</span> <span class='ocrx_word' id='word_1_431' title='bbox 363 4078 594 4149; x_wconf 88' lang='lat' dir='ltr'>necessariam</span> <span class='ocrx_word' id='word_1_432' title='bbox 628 4100 721 4163; x_wconf 83' lang='lat' dir='ltr'>esse,</span> <span class='ocrx_word' id='word_1_433' title='bbox 762 4079 893 4148; x_wconf 90' lang='lat' dir='ltr'>mirum</span> <span class='ocrx_word' id='word_1_434' title='bbox 930 4094 982 4151; x_wconf 91' lang='lat' dir='ltr'>est</span> <span class='ocrx_word' id='word_1_435' title='bbox 1007 4080 1045 4148; x_wconf 93' lang='lat' dir='ltr'>io</span> <span class='ocrx_word' id='word_1_436' title='bbox 1072 4080 1297 4165; x_wconf 86' lang='lat' dir='ltr'>adversariis,</span> <span class='ocrx_word' id='word_1_437' title='bbox 1349 4096 1407 4153; x_wconf 87' lang='lat' dir='ltr'>vat</span> <span class='ocrx_word' id='word_1_438' title='bbox 1433 4096 1469 4153; x_wconf 90' lang='lat' dir='ltr'>et</span> <span class='ocrx_word' id='word_1_439' title='bbox 1496 4092 1697 4149; x_wconf 79' lang='lat' dir='ltr'>exerceatur</span> <span class='ocrx_word' id='word_1_440' title='bbox 1720 4077 1818 4153; x_wconf 85' lang='lat' dir='ltr'>fides.</span> <span class='ocrx_word' id='word_1_441' title='bbox 1884 4076 2041 4169; x_wconf 78' lang='lat' dir='ltr'>Agamus</span> <span class='ocrx_word' id='word_1_442' title='bbox 2063 4080 2235 4169; x_wconf 88' lang='lat' dir='ltr'>ingenue,</span> <span class='ocrx_word' id='word_1_443' title='bbox 2262 4078 2339 4149; x_wconf 90' lang='lat' dir='ltr'>siue</span> 
     </span>
     <span class='ocr_line' id='line_1_34' title="bbox 299 4178 2341 4277; baseline -0.001 -24"><span class='ocrx_word' id='word_1_444' title='bbox 299 4184 436 4275; x_wconf 84' lang='lat' dir='ltr'>partim</span> <span class='ocrx_word' id='word_1_445' title='bbox 456 4194 572 4253; x_wconf 90' lang='lat' dir='ltr'>tantas</span> <span class='ocrx_word' id='word_1_446' title='bbox 593 4204 668 4249; x_wconf 84' lang='lat' dir='ltr'>essa</span> <span class='ocrx_word' id='word_1_447' title='bbox 690 4182 872 4267; x_wconf 87' lang='lat' dir='ltr'>tenebras,</span> <span class='ocrx_word' id='word_1_448' title='bbox 906 4195 945 4254; x_wconf 87' lang='lat' dir='ltr'>ut</span> <span class='ocrx_word' id='word_1_449' title='bbox 967 4206 1045 4253; x_wconf 91' lang='lat' dir='ltr'>eam</span> <span class='ocrx_word' id='word_1_450' title='bbox 1070 4205 1144 4251; x_wconf 93' lang='lat' dir='ltr'>non</span> <span class='ocrx_word' id='word_1_451' title='bbox 1165 4205 1298 4273; x_wconf 85' lang='lat' dir='ltr'>appro·</span> <span class='ocrx_word' id='word_1_452' title='bbox 1347 4178 1551 4277; x_wconf 89' lang='lat' dir='ltr'>sophistica.</span> <span class='ocrx_word' id='word_1_453' title='bbox 1624 4179 1772 4251; x_wconf 88' lang='lat' dir='ltr'>lacobus</span> <span class='ocrx_word' id='word_1_454' title='bbox 1804 4207 1877 4255; x_wconf 92' lang='lat' dir='ltr'>nou</span> <span class='ocrx_word' id='word_1_455' title='bbox 1907 4196 2032 4254; x_wconf 91' lang='lat' dir='ltr'>tractat</span> <span class='ocrx_word' id='word_1_456' title='bbox 2060 4206 2201 4253; x_wconf 89' lang='lat' dir='ltr'>causam</span> <span class='ocrx_word' id='word_1_457' title='bbox 2223 4178 2341 4271; x_wconf 89' lang='lat' dir='ltr'>Pauli,</span> 
     </span>
     <span class='ocr_line' id='line_1_35' title="bbox 299 4277 2341 4379; baseline -0.001 -24"><span class='ocrx_word' id='word_1_458' title='bbox 299 4291 409 4371; x_wconf 88' lang='lat' dir='ltr'>beot,</span> <span class='ocrx_word' id='word_1_459' title='bbox 444 4284 573 4375; x_wconf 87' lang='lat' dir='ltr'>partim</span> <span class='ocrx_word' id='word_1_460' title='bbox 597 4297 734 4353; x_wconf 89' lang='lat' dir='ltr'>tantum</span> <span class='ocrx_word' id='word_1_461' title='bbox 759 4283 938 4368; x_wconf 82' lang='lat' dir='ltr'>furorem,</span> <span class='ocrx_word' id='word_1_462' title='bbox 971 4297 1109 4355; x_wconf 91' lang='lat' dir='ltr'>utnon</span> <span class='ocrx_word' id='word_1_463' title='bbox 1132 4285 1298 4355; x_wconf 91' lang='lat' dir='ltr'>desinant</span> <span class='ocrx_word' id='word_1_464' title='bbox 1348 4291 1408 4357; x_wconf 92' lang='lat' dir='ltr'>sed</span> <span class='ocrx_word' id='word_1_465' title='bbox 1427 4286 1545 4356; x_wconf 85' lang='lat' dir='ltr'>obiter</span> <span class='ocrx_word' id='word_1_466' title='bbox 1561 4283 1720 4377; x_wconf 88' lang='lat' dir='ltr'>loquitur</span> <span class='ocrx_word' id='word_1_467' title='bbox 1740 4287 1784 4353; x_wconf 91' lang='lat' dir='ltr'>de</span> <span class='ocrx_word' id='word_1_468' title='bbox 1808 4286 1876 4355; x_wconf 85' lang='lat' dir='ltr'>lide</span> <span class='ocrx_word' id='word_1_469' title='bbox 1898 4309 1988 4379; x_wconf 88' lang='lat' dir='ltr'>quae</span> <span class='ocrx_word' id='word_1_470' title='bbox 2006 4298 2057 4355; x_wconf 87' lang='lat' dir='ltr'>est</span> <span class='ocrx_word' id='word_1_471' title='bbox 2074 4282 2206 4355; x_wconf 89' lang='lat' dir='ltr'>noticia</span> <span class='ocrx_word' id='word_1_472' title='bbox 2226 4277 2341 4353; x_wconf 89' lang='lat' dir='ltr'>histo·</span> 
     </span>
     <span class='ocr_line' id='line_1_36' title="bbox 299 4382 2338 4481; baseline -0.002 -24"><span class='ocrx_word' id='word_1_473' title='bbox 299 4414 379 4459; x_wconf 83' lang='lat' dir='ltr'>eam</span> <span class='ocrx_word' id='word_1_474' title='bbox 395 4388 498 4458; x_wconf 89' lang='lat' dir='ltr'>omui</span> <span class='ocrx_word' id='word_1_475' title='bbox 514 4385 645 4455; x_wconf 90' lang='lat' dir='ltr'>scelere</span> <span class='ocrx_word' id='word_1_476' title='bbox 658 4408 881 4475; x_wconf 87' lang='lat' dir='ltr'>oppugnare.</span> <span class='ocrx_word' id='word_1_477' title='bbox 932 4384 1004 4459; x_wconf 89' lang='lat' dir='ltr'>Sed</span> <span class='ocrx_word' id='word_1_478' title='bbox 1020 4386 1186 4457; x_wconf 88' lang='lat' dir='ltr'>diabolus</span> <span class='ocrx_word' id='word_1_479' title='bbox 1199 4387 1297 4457; x_wconf 88' lang='lat' dir='ltr'>mul·</span> <span class='ocrx_word' id='word_1_480' title='bbox 1348 4389 1436 4459; x_wconf 88' lang='lat' dir='ltr'>riae.</span> <span class='ocrx_word' id='word_1_481' title='bbox 1488 4384 1610 4477; x_wconf 90' lang='lat' dir='ltr'>Quare</span> <span class='ocrx_word' id='word_1_482' title='bbox 1626 4386 1701 4455; x_wconf 89' lang='lat' dir='ltr'>eius</span> <span class='ocrx_word' id='word_1_483' title='bbox 1716 4386 1810 4458; x_wconf 89' lang='lat' dir='ltr'>dicta</span> <span class='ocrx_word' id='word_1_484' title='bbox 1821 4411 1900 4462; x_wconf 88' lang='lat' dir='ltr'>non</span> <span class='ocrx_word' id='word_1_485' title='bbox 1915 4400 1998 4459; x_wconf 87' lang='lat' dir='ltr'>sunt</span> <span class='ocrx_word' id='word_1_486' title='bbox 2015 4387 2227 4481; x_wconf 88' lang='lat' dir='ltr'>opponenda</span> <span class='ocrx_word' id='word_1_487' title='bbox 2244 4382 2338 4454; x_wconf 88' lang='lat' dir='ltr'>Pau·</span> 
     </span>
     <span class='ocr_line' id='line_1_37' title="bbox 300 4483 2138 4585; baseline -0.002 -22"><span class='ocrx_word' id='word_1_488' title='bbox 300 4490 476 4583; x_wconf 91' lang='lat' dir='ltr'>tipliciter</span> <span class='ocrx_word' id='word_1_489' title='bbox 495 4487 652 4557; x_wconf 82' lang='lat' dir='ltr'>offundit</span> <span class='ocrx_word' id='word_1_490' title='bbox 674 4509 812 4557; x_wconf 87' lang='lat' dir='ltr'>errores</span> <span class='ocrx_word' id='word_1_491' title='bbox 836 4483 1003 4557; x_wconf 88' lang='lat' dir='ltr'>humanis</span> <span class='ocrx_word' id='word_1_492' title='bbox 1025 4488 1224 4575; x_wconf 87' lang='lat' dir='ltr'>mentibus,</span> <span class='ocrx_word' id='word_1_493' title='bbox 1256 4503 1297 4560; x_wconf 94' lang='lat' dir='ltr'>ut</span> <span class='ocrx_word' id='word_1_494' title='bbox 1348 4493 1405 4577; x_wconf 88' lang='lat' dir='ltr'>lo,</span> <span class='ocrx_word' id='word_1_495' title='bbox 1429 4502 1491 4562; x_wconf 89' lang='lat' dir='ltr'>aut</span> <span class='ocrx_word' id='word_1_496' title='bbox 1506 4487 1665 4582; x_wconf 86' lang='lat' dir='ltr'>reliquae</span> <span class='ocrx_word' id='word_1_497' title='bbox 1681 4488 1878 4580; x_wconf 87' lang='lat' dir='ltr'>scripturae</span> <span class='ocrx_word' id='word_1_498' title='bbox 1898 4484 2138 4585; x_wconf 81' lang='lat' dir='ltr'>propheticae.</span> 
     </span>
     <span class='ocr_line' id='line_1_38' title="bbox 300 4586 1844 4683; baseline -0.001 -20"><span class='ocrx_word' id='word_1_499' title='bbox 300 4594 455 4683; x_wconf 86' lang='lat' dir='ltr'>gloriam</span> <span class='ocrx_word' id='word_1_500' title='bbox 483 4586 618 4661; x_wconf 89' lang='lat' dir='ltr'>Christi</span> <span class='ocrx_word' id='word_1_501' title='bbox 648 4590 826 4663; x_wconf 86' lang='lat' dir='ltr'>obscuret.</span> <span class='ocrx_word' id='word_1_502' title='bbox 895 4586 981 4661; x_wconf 89' lang='lat' dir='ltr'>ldeo</span> <span class='ocrx_word' id='word_1_503' title='bbox 1014 4590 1065 4681; x_wconf 90' lang='lat' dir='ltr'>pii</span> <span class='ocrx_word' id='word_1_504' title='bbox 1094 4603 1217 4677; x_wconf 79' lang='lat' dir='ltr'>orem,</span> <span class='ocrx_word' id='word_1_505' title='bbox 1255 4604 1298 4663; x_wconf 89' lang='lat' dir='ltr'>ut</span> <span class='ocrx_word' id='word_1_506' title='bbox 1834 4658 1844 4679; x_wconf 81' lang='grc'><em>,</em></span> 
     </span>
     <span class='ocr_line' id='line_1_39' title="bbox 299 4658 1906 4780; baseline 0 -14"><span class='ocrx_word' id='word_1_507' title='bbox 299 4692 471 4767; x_wconf 84' lang='lat' dir='ltr'>Christus</span> <span class='ocrx_word' id='word_1_508' title='bbox 492 4688 727 4780; x_wconf 81' lang='lat' dir='ltr'>Evangelium</span> <span class='ocrx_word' id='word_1_509' title='bbox 748 4715 854 4763; x_wconf 81' lang='lat' dir='ltr'>suram</span> <span class='ocrx_word' id='word_1_510' title='bbox 877 4706 1079 4777; x_wconf 87' lang='lat' dir='ltr'>conservet,</span> <span class='ocrx_word' id='word_1_511' title='bbox 1117 4717 1183 4763; x_wconf 92' lang='lat' dir='ltr'>nec</span> <span class='ocrx_word' id='word_1_512' title='bbox 1204 4692 1298 4765; x_wconf 88' lang='lat' dir='ltr'>sinat</span> <span class='ocrx_word' id='word_1_513' title='bbox 1784 4658 1906 4730; x_wconf 68' lang='lat' dir='ltr'>Almd‘</span> 
     </span>
     <span class='ocr_line' id='line_1_40' title="bbox 300 4790 2338 4892; baseline -0.003 -25"><span class='ocrx_word' id='word_1_514' title='bbox 300 4802 442 4892; x_wconf 84' lang='lat' dir='ltr'>ubique</span> <span class='ocrx_word' id='word_1_515' title='bbox 455 4794 585 4877; x_wconf 88' lang='lat' dir='ltr'>deleri,</span> <span class='ocrx_word' id='word_1_516' title='bbox 610 4808 645 4863; x_wconf 91' lang='lat' dir='ltr'>et</span> <span class='ocrx_word' id='word_1_517' title='bbox 658 4816 720 4865; x_wconf 84' lang='lat' dir='ltr'>sua</span> <span class='ocrx_word' id='word_1_518' title='bbox 738 4794 818 4865; x_wconf 85' lang='lat' dir='ltr'>lucc</span> <span class='ocrx_word' id='word_1_519' title='bbox 832 4818 896 4865; x_wconf 88' lang='lat' dir='ltr'>uos</span> <span class='ocrx_word' id='word_1_520' title='bbox 910 4795 1104 4885; x_wconf 88' lang='lat' dir='ltr'>gubernet,</span> <span class='ocrx_word' id='word_1_521' title='bbox 1131 4807 1165 4865; x_wconf 88' lang='lat' dir='ltr'>et</span> <span class='ocrx_word' id='word_1_522' title='bbox 1189 4820 1298 4888; x_wconf 88' lang='lat' dir='ltr'>quam</span> <span class='ocrx_word' id='word_1_523' title='bbox 1449 4795 1490 4868; x_wconf 87' lang='lat' dir='ltr'>Si</span> <span class='ocrx_word' id='word_1_524' title='bbox 1521 4795 1574 4866; x_wconf 81' lang='lat' dir='ltr'>vis</span> <span class='ocrx_word' id='word_1_525' title='bbox 1605 4794 1644 4865; x_wconf 89' lang='lat' dir='ltr'>in</span> <span class='ocrx_word' id='word_1_526' title='bbox 1675 4794 1783 4865; x_wconf 89' lang='lat' dir='ltr'>vitam</span> <span class='ocrx_word' id='word_1_527' title='bbox 1819 4792 1979 4885; x_wconf 89' lang='lat' dir='ltr'>ingredi,</span> <span class='ocrx_word' id='word_1_528' title='bbox 2018 4815 2118 4863; x_wconf 84' lang='lat' dir='ltr'>serva</span> <span class='ocrx_word' id='word_1_529' title='bbox 2159 4790 2338 4865; x_wconf 89' lang='lat' dir='ltr'>mandata.</span> 
     </span>
     <span class='ocr_line' id='line_1_41' title="bbox 300 4892 2424 4993; baseline -0.005 -22"><span class='ocrx_word' id='word_1_530' title='bbox 300 4902 473 4993; x_wconf 88' lang='lat' dir='ltr'>pluribus</span> <span class='ocrx_word' id='word_1_531' title='bbox 500 4909 672 4967; x_wconf 88' lang='lat' dir='ltr'>monstret</span> <span class='ocrx_word' id='word_1_532' title='bbox 700 4897 913 4977; x_wconf 85' lang='lat' dir='ltr'>veritatem,</span> <span class='ocrx_word' id='word_1_533' title='bbox 955 4897 1111 4986; x_wconf 87' lang='lat' dir='ltr'>depulsis</span> <span class='ocrx_word' id='word_1_534' title='bbox 1145 4897 1298 4983; x_wconf 88' lang='lat' dir='ltr'>nebulis,</span> <span class='ocrx_word' id='word_1_535' title='bbox 1349 4892 1446 4990; x_wconf 82' lang='lat' dir='ltr'>Ergo</span> <span class='ocrx_word' id='word_1_536' title='bbox 1470 4912 1615 4991; x_wconf 86' lang='lat' dir='ltr'>propter</span> <span class='ocrx_word' id='word_1_537' title='bbox 1638 4920 1746 4989; x_wconf 83' lang='lat' dir='ltr'>opera</span> <span class='ocrx_word' id='word_1_538' title='bbox 1766 4898 1873 4968; x_wconf 84' lang='lat' dir='ltr'>datur</span> <span class='ocrx_word' id='word_1_539' title='bbox 1898 4896 2149 4979; x_wconf 87' lang='lat' dir='ltr'>vitaaeterua,</span> <span class='ocrx_word' id='word_1_540' title='bbox 2179 4916 2252 4963; x_wconf 92' lang='lat' dir='ltr'>non</span> <span class='ocrx_word' id='word_1_541' title='bbox 2269 4896 2336 4961; x_wconf 89' lang='lat' dir='ltr'>do-</span> <span class='ocrx_word' id='word_1_542' title='bbox 2422 4972 2424 4979; x_wconf 27' lang='lat'><strong>¹</strong></span> 
     </span>
     <span class='ocr_line' id='line_1_42' title="bbox 296 4995 2341 5099; baseline -0.005 -25"><span class='ocrx_word' id='word_1_543' title='bbox 296 5028 395 5099; x_wconf 87' lang='lat' dir='ltr'>quas</span> <span class='ocrx_word' id='word_1_544' title='bbox 418 5000 584 5073; x_wconf 89' lang='lat' dir='ltr'>diabolus</span> <span class='ocrx_word' id='word_1_545' title='bbox 603 4998 771 5069; x_wconf 85' lang='lat' dir='ltr'>offundit.</span> <span class='ocrx_word' id='word_1_546' title='bbox 826 4996 955 5070; x_wconf 89' lang='lat' dir='ltr'>lovitet</span> <span class='ocrx_word' id='word_1_547' title='bbox 971 4995 1153 5070; x_wconf 87' lang='lat' dir='ltr'>Christum</span> <span class='ocrx_word' id='word_1_548' title='bbox 1175 5012 1210 5069; x_wconf 89' lang='lat' dir='ltr'>et</span> <span class='ocrx_word' id='word_1_549' title='bbox 1230 5023 1298 5069; x_wconf 82' lang='lat' dir='ltr'>no·</span> <span class='ocrx_word' id='word_1_550' title='bbox 1350 5019 1456 5072; x_wconf 85' lang='lat' dir='ltr'>natur</span> <span class='ocrx_word' id='word_1_551' title='bbox 1477 5001 1586 5091; x_wconf 85' lang='lat' dir='ltr'>gratis</span> <span class='ocrx_word' id='word_1_552' title='bbox 1607 4997 1778 5072; x_wconf 89' lang='lat' dir='ltr'>credenti.</span> <span class='ocrx_word' id='word_1_553' title='bbox 1829 4996 1989 5069; x_wconf 88' lang='lat' dir='ltr'>Planaet</span> <span class='ocrx_word' id='word_1_554' title='bbox 2007 5013 2175 5089; x_wconf 89' lang='lat' dir='ltr'>perpetua</span> <span class='ocrx_word' id='word_1_555' title='bbox 2194 5018 2341 5087; x_wconf 88' lang='lat' dir='ltr'>respon-</span> 
     </span>
     <span class='ocr_line' id='line_1_43' title="bbox 294 5096 2340 5192; baseline -0.004 -18"><span class='ocrx_word' id='word_1_556' title='bbox 294 5124 374 5175; x_wconf 84' lang='lat' dir='ltr'>stra</span> <span class='ocrx_word' id='word_1_557' title='bbox 392 5103 579 5175; x_wconf 90' lang='lat' dir='ltr'>sedulitas:</span> <span class='ocrx_word' id='word_1_558' title='bbox 604 5102 739 5171; x_wconf 88' lang='lat' dir='ltr'>eruditi</span> <span class='ocrx_word' id='word_1_559' title='bbox 762 5105 849 5170; x_wconf 88' lang='lat' dir='ltr'>dent</span> <span class='ocrx_word' id='word_1_560' title='bbox 863 5124 1027 5192; x_wconf 86' lang='lat' dir='ltr'>operam,</span> <span class='ocrx_word' id='word_1_561' title='bbox 1054 5114 1094 5171; x_wconf 91' lang='lat' dir='ltr'>ut</span> <span class='ocrx_word' id='word_1_562' title='bbox 1109 5096 1202 5171; x_wconf 89' lang='lat' dir='ltr'>hanc</span> <span class='ocrx_word' id='word_1_563' title='bbox 1216 5113 1298 5172; x_wconf 90' lang='lat' dir='ltr'>tan·</span> <span class='ocrx_word' id='word_1_564' title='bbox 1350 5105 1403 5173; x_wconf 89' lang='lat' dir='ltr'>sio</span> <span class='ocrx_word' id='word_1_565' title='bbox 1422 5117 1473 5173; x_wconf 91' lang='lat' dir='ltr'>est</span> <span class='ocrx_word' id='word_1_566' title='bbox 1492 5106 1536 5173; x_wconf 90' lang='lat' dir='ltr'>ad</span> <span class='ocrx_word' id='word_1_567' title='bbox 1558 5102 1642 5173; x_wconf 86' lang='lat' dir='ltr'>talia</span> <span class='ocrx_word' id='word_1_568' title='bbox 1659 5102 1766 5173; x_wconf 88' lang='lat' dir='ltr'>dicta.</span> <span class='ocrx_word' id='word_1_569' title='bbox 1817 5096 1980 5171; x_wconf 89' lang='lat' dir='ltr'>Discerni</span> <span class='ocrx_word' id='word_1_570' title='bbox 1997 5100 2129 5172; x_wconf 91' lang='lat' dir='ltr'>debent</span> <span class='ocrx_word' id='word_1_571' title='bbox 2144 5098 2237 5169; x_wconf 88' lang='lat' dir='ltr'>dicta</span> <span class='ocrx_word' id='word_1_572' title='bbox 2254 5097 2340 5186; x_wconf 86' lang='lat' dir='ltr'>legis</span> 
     </span>
     <span class='ocr_line' id='line_1_44' title="bbox 306 5200 2338 5295; baseline -0.004 -20"><span class='ocrx_word' id='word_1_573' title='bbox 306 5224 378 5279; x_wconf 79' lang='lat' dir='ltr'>tarn</span> <span class='ocrx_word' id='word_1_574' title='bbox 402 5228 545 5275; x_wconf 89' lang='lat' dir='ltr'>causam</span> <span class='ocrx_word' id='word_1_575' title='bbox 567 5202 757 5291; x_wconf 84' lang='lat' dir='ltr'>diligenter</span> <span class='ocrx_word' id='word_1_576' title='bbox 779 5216 813 5273; x_wconf 91' lang='lat' dir='ltr'>et</span> <span class='ocrx_word' id='word_1_577' title='bbox 829 5203 986 5273; x_wconf 90' lang='lat' dir='ltr'>dilucide</span> <span class='ocrx_word' id='word_1_578' title='bbox 1007 5220 1229 5293; x_wconf 89' lang='lat' dir='ltr'>proponant,</span> <span class='ocrx_word' id='word_1_579' title='bbox 1259 5217 1300 5276; x_wconf 91' lang='lat' dir='ltr'>ut</span> <span class='ocrx_word' id='word_1_580' title='bbox 1351 5219 1386 5275; x_wconf 91' lang='lat' dir='ltr'>et</span> <span class='ocrx_word' id='word_1_581' title='bbox 1403 5204 1604 5295; x_wconf 82' lang='lat' dir='ltr'>Evangelii.</span> <span class='ocrx_word' id='word_1_582' title='bbox 1663 5201 1734 5274; x_wconf 90' lang='lat' dir='ltr'>Hic</span> <span class='ocrx_word' id='word_1_583' title='bbox 1759 5202 1972 5294; x_wconf 91' lang='lat' dir='ltr'>proponitur</span> <span class='ocrx_word' id='word_1_584' title='bbox 1995 5224 2063 5271; x_wconf 86' lang='lat' dir='ltr'>vox</span> <span class='ocrx_word' id='word_1_585' title='bbox 2087 5200 2193 5289; x_wconf 86' lang='lat' dir='ltr'>legis,</span> <span class='ocrx_word' id='word_1_586' title='bbox 2231 5222 2338 5291; x_wconf 87' lang='lat' dir='ltr'>quarn</span> 
     </span>
     <span class='ocr_line' id='line_1_45' title="bbox 311 5300 2339 5399; baseline -0.004 -22"><span class='ocrx_word' id='word_1_587' title='bbox 311 5324 436 5382; x_wconf 89' lang='lat' dir='ltr'>curent</span> <span class='ocrx_word' id='word_1_588' title='bbox 451 5308 586 5376; x_wconf 80' lang='lat' dir='ltr'>eumad</span> <span class='ocrx_word' id='word_1_589' title='bbox 604 5304 844 5397; x_wconf 88' lang='lat' dir='ltr'>posteritatem</span> <span class='ocrx_word' id='word_1_590' title='bbox 863 5304 1067 5385; x_wconf 91' lang='lat' dir='ltr'>transmitti,</span> <span class='ocrx_word' id='word_1_591' title='bbox 1083 5303 1160 5374; x_wconf 87' lang='lat' dir='ltr'>sine</span> <span class='ocrx_word' id='word_1_592' title='bbox 1176 5300 1301 5394; x_wconf 90' lang='lat' dir='ltr'>sophi·</span> <span class='ocrx_word' id='word_1_593' title='bbox 1351 5305 1578 5399; x_wconf 89' lang='lat' dir='ltr'>interpretari</span> <span class='ocrx_word' id='word_1_594' title='bbox 1594 5330 1634 5378; x_wconf 87' lang='lat' dir='ltr'>ex</span> <span class='ocrx_word' id='word_1_595' title='bbox 1651 5302 1847 5393; x_wconf 83' lang='lat' dir='ltr'>Evangelio</span> <span class='ocrx_word' id='word_1_596' title='bbox 1864 5327 2004 5375; x_wconf 87' lang='lat' dir='ltr'>necesse</span> <span class='ocrx_word' id='word_1_597' title='bbox 2020 5314 2084 5378; x_wconf 85' lang='lat' dir='ltr'>est.</span> <span class='ocrx_word' id='word_1_598' title='bbox 2114 5300 2230 5373; x_wconf 83' lang='lat' dir='ltr'>Nemo</span> <span class='ocrx_word' id='word_1_599' title='bbox 2243 5300 2339 5369; x_wconf 89' lang='lat' dir='ltr'>enim</span> 
     </span>
     <span class='ocr_line' id='line_1_46' title="bbox 313 5402 2342 5497; baseline -0.002 -22"><span class='ocrx_word' id='word_1_600' title='bbox 313 5412 420 5493; x_wconf 83' lang='lat' dir='ltr'>stica,</span> <span class='ocrx_word' id='word_1_601' title='bbox 447 5433 512 5479; x_wconf 90' lang='lat' dir='ltr'>nec</span> <span class='ocrx_word' id='word_1_602' title='bbox 524 5406 729 5497; x_wconf 78' lang='lat' dir='ltr'>defugiant,</span> <span class='ocrx_word' id='word_1_603' title='bbox 757 5406 813 5475; x_wconf 86' lang='lat' dir='ltr'>vel</span> <span class='ocrx_word' id='word_1_604' title='bbox 830 5408 869 5475; x_wconf 92' lang='lat' dir='ltr'>in</span> <span class='ocrx_word' id='word_1_605' title='bbox 885 5408 1056 5477; x_wconf 82' lang='lat' dir='ltr'>discendo</span> <span class='ocrx_word' id='word_1_606' title='bbox 1077 5431 1119 5477; x_wconf 91' lang='lat' dir='ltr'>ac</span> <span class='ocrx_word' id='word_1_607' title='bbox 1137 5410 1300 5477; x_wconf 90' lang='lat' dir='ltr'>docendo</span> <span class='ocrx_word' id='word_1_608' title='bbox 1351 5422 1571 5495; x_wconf 87' lang='lat' dir='ltr'>servaretur,</span> <span class='ocrx_word' id='word_1_609' title='bbox 1596 5408 1626 5479; x_wconf 92' lang='lat' dir='ltr'>si</span> <span class='ocrx_word' id='word_1_610' title='bbox 1645 5431 1687 5479; x_wconf 84' lang='lat' dir='ltr'>ex</span> <span class='ocrx_word' id='word_1_611' title='bbox 1702 5407 1778 5497; x_wconf 85' lang='lat' dir='ltr'>lege</span> <span class='ocrx_word' id='word_1_612' title='bbox 1793 5420 1883 5477; x_wconf 87' lang='lat' dir='ltr'>esset</span> <span class='ocrx_word' id='word_1_613' title='bbox 1897 5406 2140 5477; x_wconf 89' lang='lat' dir='ltr'>iudicandum.</span> <span class='ocrx_word' id='word_1_614' title='bbox 2185 5402 2342 5475; x_wconf 81' lang='lat' dir='ltr'>Servans</span> 
     </span>
     <span class='ocr_line' id='line_1_47' title="bbox 315 5506 2341 5600; baseline -0.002 -24"><span class='ocrx_word' id='word_1_615' title='bbox 315 5509 492 5590; x_wconf 86' lang='lat' dir='ltr'>laborem,</span> <span class='ocrx_word' id='word_1_616' title='bbox 516 5510 572 5579; x_wconf 84' lang='lat' dir='ltr'>vel</span> <span class='ocrx_word' id='word_1_617' title='bbox 585 5510 777 5579; x_wconf 86' lang='lat' dir='ltr'>certamina</span> <span class='ocrx_word' id='word_1_618' title='bbox 794 5508 833 5577; x_wconf 91' lang='lat' dir='ltr'>in</span> <span class='ocrx_word' id='word_1_619' title='bbox 848 5509 1081 5579; x_wconf 79' lang='lat' dir='ltr'>confessione.</span> <span class='ocrx_word' id='word_1_620' title='bbox 1130 5506 1220 5577; x_wconf 88' lang='lat' dir='ltr'>Nam</span> <span class='ocrx_word' id='word_1_621' title='bbox 1234 5532 1302 5580; x_wconf 88' lang='lat' dir='ltr'>nec</span> <span class='ocrx_word' id='word_1_622' title='bbox 1352 5511 1534 5591; x_wconf 89' lang='lat' dir='ltr'>mandata,</span> <span class='ocrx_word' id='word_1_623' title='bbox 1560 5508 1834 5600; x_wconf 86' lang='lat' dir='ltr'>ingredieturin</span> <span class='ocrx_word' id='word_1_624' title='bbox 1852 5506 1979 5579; x_wconf 85' lang='lat' dir='ltr'>vitam:</span> <span class='ocrx_word' id='word_1_625' title='bbox 2006 5506 2341 5575; x_wconf 83' lang='lat' dir='ltr'>ocmoenimeatix-</span> 
     </span>
     <span class='ocr_line' id='line_1_48' title="bbox 317 5603 2342 5704; baseline -0.003 -24"><span class='ocrx_word' id='word_1_626' title='bbox 317 5614 389 5687; x_wconf 84' lang='lat' dir='ltr'>sioe</span> <span class='ocrx_word' id='word_1_627' title='bbox 428 5612 633 5686; x_wconf 91' lang='lat' dir='ltr'>eruditione</span> <span class='ocrx_word' id='word_1_628' title='bbox 667 5611 753 5681; x_wconf 84' lang='lat' dir='ltr'>satis</span> <span class='ocrx_word' id='word_1_629' title='bbox 791 5610 975 5700; x_wconf 88' lang='lat' dir='ltr'>perspicue</span> <span class='ocrx_word' id='word_1_630' title='bbox 1008 5609 1179 5704; x_wconf 81' lang='lat' dir='ltr'>explicari</span> <span class='ocrx_word' id='word_1_631' title='bbox 1214 5605 1302 5682; x_wconf 88' lang='lat' dir='ltr'>haec</span> <span class='ocrx_word' id='word_1_632' title='bbox 1351 5612 1438 5681; x_wconf 81' lang='lat' dir='ltr'>lacit</span> <span class='ocrx_word' id='word_1_633' title='bbox 1459 5610 1548 5699; x_wconf 91' lang='lat' dir='ltr'>legi,</span> <span class='ocrx_word' id='word_1_634' title='bbox 1582 5634 1689 5681; x_wconf 90' lang='lat' dir='ltr'>neruo</span> <span class='ocrx_word' id='word_1_635' title='bbox 1711 5621 1762 5680; x_wconf 90' lang='lat' dir='ltr'>est</span> <span class='ocrx_word' id='word_1_636' title='bbox 1784 5609 1862 5679; x_wconf 91' lang='lat' dir='ltr'>sine</span> <span class='ocrx_word' id='word_1_637' title='bbox 1884 5622 2037 5704; x_wconf 84' lang='lat' dir='ltr'>peccato.</span> <span class='ocrx_word' id='word_1_638' title='bbox 2102 5606 2207 5677; x_wconf 87' lang='lat' dir='ltr'>Adde</span> <span class='ocrx_word' id='word_1_639' title='bbox 2232 5603 2342 5693; x_wconf 89' lang='lat' dir='ltr'>igitur</span> 
     </span>
     <span class='ocr_line' id='line_1_49' title="bbox 317 5707 2360 5810; baseline -0.005 -21"><span class='ocrx_word' id='word_1_640' title='bbox 317 5736 415 5791; x_wconf 70' lang='lat' dir='ltr'>causa</span> <span class='ocrx_word' id='word_1_641' title='bbox 438 5728 563 5810; x_wconf 83' lang='lat' dir='ltr'>potest.</span> <span class='ocrx_word' id='word_1_642' title='bbox 622 5709 673 5785; x_wconf 86' lang='grc' dir='ltr'>Ει</span> <span class='ocrx_word' id='word_1_643' title='bbox 694 5712 849 5805; x_wconf 81' lang='lat' dir='ltr'>quadam</span> <span class='ocrx_word' id='word_1_644' title='bbox 870 5732 960 5800; x_wconf 86' lang='lat' dir='ltr'>opus</span> <span class='ocrx_word' id='word_1_645' title='bbox 981 5725 1035 5781; x_wconf 83' lang='lat' dir='ltr'>est</span> <span class='ocrx_word' id='word_1_646' title='bbox 1055 5712 1302 5801; x_wconf 86' lang='lat' dir='ltr'>magnitudine</span> <span class='ocrx_word' id='word_1_647' title='bbox 1351 5710 1587 5803; x_wconf 84' lang='lat' dir='ltr'>Evangelium</span> <span class='ocrx_word' id='word_1_648' title='bbox 1608 5712 1667 5783; x_wconf 89' lang='lat' dir='ltr'>isti</span> <span class='ocrx_word' id='word_1_649' title='bbox 1692 5712 1803 5781; x_wconf 91' lang='lat' dir='ltr'>dicto:</span> <span class='ocrx_word' id='word_1_650' title='bbox 1843 5707 1883 5782; x_wconf 90' lang='lat' dir='ltr'>Si</span> <span class='ocrx_word' id='word_1_651' title='bbox 1915 5712 1970 5779; x_wconf 82' lang='lat' dir='ltr'>vis</span> <span class='ocrx_word' id='word_1_652' title='bbox 1993 5708 2132 5797; x_wconf 91' lang='lat' dir='ltr'>ingredi</span> <span class='ocrx_word' id='word_1_653' title='bbox 2157 5707 2195 5777; x_wconf 91' lang='lat' dir='ltr'>in</span> <span class='ocrx_word' id='word_1_654' title='bbox 2218 5708 2360 5791; x_wconf 67' lang='lat' dir='ltr'>vitam·</span> 
     </span>
     <span class='ocr_line' id='line_1_50' title="bbox 317 5804 2342 5907; baseline -0.007 -16"><span class='ocrx_word' id='word_1_655' title='bbox 317 5822 425 5891; x_wconf 75' lang='lat' dir='ltr'>animi</span> <span class='ocrx_word' id='word_1_656' title='bbox 447 5819 491 5887; x_wconf 91' lang='lat' dir='ltr'>ad</span> <span class='ocrx_word' id='word_1_657' title='bbox 517 5815 724 5907; x_wconf 75' lang='lat' dir='ltr'>perferenda</span> <span class='ocrx_word' id='word_1_658' title='bbox 747 5812 830 5883; x_wconf 92' lang='lat' dir='ltr'>odia</span> <span class='ocrx_word' id='word_1_659' title='bbox 861 5824 1064 5903; x_wconf 89' lang='lat' dir='ltr'>potentum,</span> <span class='ocrx_word' id='word_1_660' title='bbox 1095 5836 1137 5883; x_wconf 90' lang='lat' dir='ltr'>ac</span> <span class='ocrx_word' id='word_1_661' title='bbox 1160 5814 1302 5906; x_wconf 88' lang='lat' dir='ltr'>sapien·</span> <span class='ocrx_word' id='word_1_662' title='bbox 1353 5838 1454 5885; x_wconf 81' lang='lat' dir='ltr'>serva</span> <span class='ocrx_word' id='word_1_663' title='bbox 1481 5816 1668 5900; x_wconf 87' lang='lat' dir='ltr'>mandata,</span> <span class='ocrx_word' id='word_1_664' title='bbox 1699 5812 1834 5884; x_wconf 84' lang='lat' dir='ltr'>scilicet</span> <span class='ocrx_word' id='word_1_665' title='bbox 1854 5810 1952 5882; x_wconf 87' lang='lat' dir='ltr'>iuxta</span> <span class='ocrx_word' id='word_1_666' title='bbox 1971 5804 2166 5883; x_wconf 74' lang='grc' dir='ltr'>ἐπιείκειαν</span> <span class='ocrx_word' id='word_1_667' title='bbox 2178 5806 2342 5899; x_wconf 85' lang='lat' dir='ltr'>Evange-</span> 
     </span>
     <span class='ocr_line' id='line_1_51' title="bbox 316 5911 2342 6017; baseline 0.001 -36"><span class='ocrx_word' id='word_1_668' title='bbox 316 5924 409 6013; x_wconf 71' lang='lat' dir='ltr'>tum,</span> <span class='ocrx_word' id='word_1_669' title='bbox 434 5920 499 6017; x_wconf 79' lang='lat' dir='ltr'>qui</span> <span class='ocrx_word' id='word_1_670' title='bbox 514 5919 720 6011; x_wconf 83' lang='lat' dir='ltr'>improbant</span> <span class='ocrx_word' id='word_1_671' title='bbox 735 5911 801 5987; x_wconf 88' lang='lat' dir='ltr'>has</span> <span class='ocrx_word' id='word_1_672' title='bbox 821 5914 1102 6009; x_wconf 84' lang='lat' dir='ltr'>disputationes,</span> <span class='ocrx_word' id='word_1_673' title='bbox 1132 5915 1197 5987; x_wconf 81' lang='lat' dir='ltr'>alii</span> <span class='ocrx_word' id='word_1_674' title='bbox 1220 5915 1303 5988; x_wconf 89' lang='lat' dir='ltr'>aliis</span> <span class='ocrx_word' id='word_1_675' title='bbox 1353 5916 1417 6005; x_wconf 90' lang='lat' dir='ltr'>lii,</span> <span class='ocrx_word' id='word_1_676' title='bbox 1455 5919 1553 6012; x_wconf 90' lang='lat' dir='ltr'>qood</span> <span class='ocrx_word' id='word_1_677' title='bbox 1580 5914 1755 6011; x_wconf 88' lang='lat' dir='ltr'>promittit</span> <span class='ocrx_word' id='word_1_678' title='bbox 1786 5912 2031 5984; x_wconf 85' lang='lat' dir='ltr'>remissionem</span> <span class='ocrx_word' id='word_1_679' title='bbox 2057 5926 2280 6006; x_wconf 89' lang='lat' dir='ltr'>peccatorum</span> <span class='ocrx_word' id='word_1_680' title='bbox 2305 5924 2342 5983; x_wconf 91' lang='lat' dir='ltr'>et</span> 
     </span>
    </p>
   </div>
   <div class='ocr_carea' id='block_1_3' title="bbox 0 0 2921 6948">
    <p class='ocr_par' dir='ltr' id='par_1_3' title="bbox 0 0 2921 6948">
     <span class='ocr_line' id='line_1_52' title="bbox 0 0 2921 6948; baseline 0 0"><span class='ocrx_word' id='word_1_681' title='bbox 0 0 2921 6948; x_wconf 95' lang='lat' dir='ltr'> </span> 
     </span>
    </p>
   </div>
  </div>
 </body>
</html>
