<?xml version="1.0" encoding="UTF-8"?>
<!DOCTYPE html PUBLIC "-//W3C//DTD XHTML 1.0 Transitional//EN"
    "http://www.w3.org/TR/xhtml1/DTD/xhtml1-transitional.dtd">
<html xmlns="http://www.w3.org/1999/xhtml" xml:lang="en" lang="en">
 <head>
  <title>
</title>
<meta http-equiv="Content-Type" content="text/html;charset=utf-8" />
  <meta name='ocr-system' content='tesseract 3.04.00' />
  <meta name='ocr-capabilities' content='ocr_page ocr_carea ocr_par ocr_line ocrx_word'/>
</head>
<body>
  <div class='ocr_page' id='page_1' title='image "./philippimelanth08bindgoog_0284.png"; bbox 0 0 5825 6950; ppageno 0'>
   <div class='ocr_carea' id='block_1_1' title="bbox 339 671 2382 776">
    <p class='ocr_par' dir='ltr' id='par_1_1' title="bbox 339 671 2382 776">
     <span class='ocr_line' id='line_1_1' title="bbox 339 671 2382 776; baseline 0.009 -21"><span class='ocrx_word' id='word_1_1' title='bbox 339 674 429 756; x_wconf 68' lang='lat'><strong>5⁴1</strong></span> <span class='ocrx_word' id='word_1_2' title='bbox 656 675 759 756; x_wconf 80' lang='lat' dir='ltr'><strong>Xlll.</strong></span> <span class='ocrx_word' id='word_1_3' title='bbox 809 679 848 752; x_wconf 82' lang='lat'><strong>2.</strong></span> <span class='ocrx_word' id='word_1_4' title='bbox 878 671 1323 754; x_wconf 76' lang='lat' dir='ltr'><strong>commortuum</strong></span> <span class='ocrx_word' id='word_1_5' title='bbox 1346 671 1505 752; x_wconf 70' lang='lat' dir='ltr'><strong>uttan</strong></span> <span class='ocrx_word' id='word_1_6' title='bbox 1529 673 1680 756; x_wconf 74' lang='lat' dir='ltr'><strong>utum</strong></span> <span class='ocrx_word' id='word_1_7' title='bbox 1705 675 2065 768; x_wconf 69' lang='lat' dir='ltr'><strong>annotandos,</strong></span> <span class='ocrx_word' id='word_1_8' title='bbox 2303 693 2382 776; x_wconf 79' lang='lat'><strong>642</strong></span> 
     </span>
    </p>
   </div>
   <div class='ocr_carea' id='block_1_2' title="bbox 321 845 2381 1470">
    <p class='ocr_par' dir='ltr' id='par_1_2' title="bbox 321 845 2381 1470">
     <span class='ocr_line' id='line_1_2' title="bbox 324 845 2381 956; baseline 0.009 -36"><span class='ocrx_word' id='word_1_9' title='bbox 324 851 459 924; x_wconf 85' lang='lat' dir='ltr'><strong>lilium</strong></span> <span class='ocrx_word' id='word_1_10' title='bbox 473 845 553 927; x_wconf 88' lang='lat' dir='ltr'><strong>Dei.</strong></span> <span class='ocrx_word' id='word_1_11' title='bbox 601 845 754 924; x_wconf 84' lang='lat' dir='ltr'><strong>Etcum</strong></span> <span class='ocrx_word' id='word_1_12' title='bbox 775 850 943 923; x_wconf 80' lang='lat' dir='ltr'><strong>voluntas</strong></span> <span class='ocrx_word' id='word_1_13' title='bbox 957 849 1009 922; x_wconf 92' lang='lat' dir='ltr'><strong>sic</strong></span> <span class='ocrx_word' id='word_1_14' title='bbox 1030 849 1241 945; x_wconf 85' lang='lat' dir='ltr'><strong>acquiescit,</strong></span> <span class='ocrx_word' id='word_1_15' title='bbox 1272 871 1336 924; x_wconf 87' lang='lat' dir='ltr'><strong>cor</strong></span> <span class='ocrx_word' id='word_1_16' title='bbox 1387 848 1495 934; x_wconf 89' lang='lat' dir='ltr'><strong>toris,</strong></span> <span class='ocrx_word' id='word_1_17' title='bbox 1534 851 1596 924; x_wconf 88' lang='lat' dir='ltr'><strong>sed</strong></span> <span class='ocrx_word' id='word_1_18' title='bbox 1619 866 1660 924; x_wconf 95' lang='lat' dir='ltr'><strong>ut</strong></span> <span class='ocrx_word' id='word_1_19' title='bbox 1679 869 1906 930; x_wconf 82' lang='lat' dir='ltr'><strong>convertatur</strong></span> <span class='ocrx_word' id='word_1_20' title='bbox 1933 873 1966 932; x_wconf 93' lang='grc' dir='ltr'><strong>ει</strong></span> <span class='ocrx_word' id='word_1_21' title='bbox 1992 861 2099 935; x_wconf 82' lang='lat' dir='ltr'><strong>vivat.</strong></span> <span class='ocrx_word' id='word_1_22' title='bbox 2162 859 2381 956; x_wconf 78' lang='lat' dir='ltr'><strong>Quomodo?</strong></span> 
     </span>
     <span class='ocr_line' id='line_1_3' title="bbox 321 952 2377 1062; baseline 0.009 -36"><span class='ocrx_word' id='word_1_23' title='bbox 321 952 369 1027; x_wconf 80' lang='lat' dir='ltr'><strong>fis</strong></span> <span class='ocrx_word' id='word_1_24' title='bbox 389 953 652 1048; x_wconf 87' lang='lat' dir='ltr'><strong>tranquillum,</strong></span> <span class='ocrx_word' id='word_1_25' title='bbox 677 965 713 1024; x_wconf 92' lang='grc' dir='ltr'><strong>ει</strong></span> <span class='ocrx_word' id='word_1_26' title='bbox 729 953 884 1045; x_wconf 86' lang='lat' dir='ltr'><strong>concipit</strong></span> <span class='ocrx_word' id='word_1_27' title='bbox 898 952 1178 1026; x_wconf 63' lang='lat' dir='ltr'><strong>consolationem</strong></span> <span class='ocrx_word' id='word_1_28' title='bbox 1202 976 1244 1025; x_wconf 90' lang='lat' dir='ltr'><strong>ac</strong></span> <span class='ocrx_word' id='word_1_29' title='bbox 1258 953 1333 1024; x_wconf 88' lang='lat' dir='ltr'><strong>lae-</strong></span> <span class='ocrx_word' id='word_1_30' title='bbox 1385 953 1598 1048; x_wconf 82' lang='lat' dir='ltr'><strong>partilium,</strong></span> <span class='ocrx_word' id='word_1_31' title='bbox 1624 969 1665 1028; x_wconf 94' lang='lat' dir='ltr'><strong>ut</strong></span> <span class='ocrx_word' id='word_1_32' title='bbox 1688 953 1746 1030; x_wconf 91' lang='lat' dir='ltr'><strong>hic</strong></span> <span class='ocrx_word' id='word_1_33' title='bbox 1767 961 1834 1032; x_wconf 87' lang='lat' dir='ltr'><strong>ait:</strong></span> <span class='ocrx_word' id='word_1_34' title='bbox 1868 962 1969 1034; x_wconf 88' lang='lat' dir='ltr'><strong>Haec</strong></span> <span class='ocrx_word' id='word_1_35' title='bbox 1992 978 2046 1036; x_wconf 95' lang='grc' dir='ltr'><strong>εει</strong></span> <span class='ocrx_word' id='word_1_36' title='bbox 2064 965 2231 1040; x_wconf 81' lang='lat' dir='ltr'><strong>voluutas</strong></span> <span class='ocrx_word' id='word_1_37' title='bbox 2254 973 2377 1062; x_wconf 87' lang='lat' dir='ltr'><strong>patris,</strong></span> 
     </span>
     <span class='ocr_line' id='line_1_4' title="bbox 324 1053 2378 1153; baseline 0.005 -25"><span class='ocrx_word' id='word_1_38' title='bbox 324 1057 476 1137; x_wconf 88' lang='lat' dir='ltr'><strong>titiam,</strong></span> <span class='ocrx_word' id='word_1_39' title='bbox 501 1079 592 1148; x_wconf 90' lang='lat' dir='ltr'><strong>quae</strong></span> <span class='ocrx_word' id='word_1_40' title='bbox 613 1070 667 1128; x_wconf 89' lang='lat' dir='ltr'><strong>est</strong></span> <span class='ocrx_word' id='word_1_41' title='bbox 682 1056 838 1130; x_wconf 80' lang='lat' dir='ltr'><strong>incoatis</strong></span> <span class='ocrx_word' id='word_1_42' title='bbox 856 1080 971 1128; x_wconf 83' lang='lat' dir='ltr'><strong>novae</strong></span> <span class='ocrx_word' id='word_1_43' title='bbox 994 1057 1110 1127; x_wconf 66' lang='lat' dir='ltr'><strong>vitaer</strong></span> <span class='ocrx_word' id='word_1_44' title='bbox 1152 1053 1230 1128; x_wconf 87' lang='lat' dir='ltr'><strong>Hos</strong></span> <span class='ocrx_word' id='word_1_45' title='bbox 1251 1080 1331 1127; x_wconf 85' lang='lat' dir='ltr'><strong>mo-</strong></span> <span class='ocrx_word' id='word_1_46' title='bbox 1382 1069 1424 1127; x_wconf 89' lang='lat' dir='ltr'><strong>ut</strong></span> <span class='ocrx_word' id='word_1_47' title='bbox 1438 1056 1555 1128; x_wconf 85' lang='lat' dir='ltr'><strong>omnia</strong></span> <span class='ocrx_word' id='word_1_48' title='bbox 1572 1058 1634 1152; x_wconf 87' lang='lat' dir='ltr'><strong>qui</strong></span> <span class='ocrx_word' id='word_1_49' title='bbox 1651 1060 1765 1132; x_wconf 91' lang='lat' dir='ltr'><strong>credit</strong></span> <span class='ocrx_word' id='word_1_50' title='bbox 1784 1062 1824 1132; x_wconf 94' lang='lat' dir='ltr'><strong>in</strong></span> <span class='ocrx_word' id='word_1_51' title='bbox 1838 1064 1972 1153; x_wconf 85' lang='lat' dir='ltr'><strong>filium,</strong></span> <span class='ocrx_word' id='word_1_52' title='bbox 1994 1061 2121 1140; x_wconf 85' lang='lat' dir='ltr'><strong>habeat</strong></span> <span class='ocrx_word' id='word_1_53' title='bbox 2136 1071 2246 1142; x_wconf 84' lang='lat' dir='ltr'><strong>vitam</strong></span> <span class='ocrx_word' id='word_1_54' title='bbox 2262 1088 2378 1147; x_wconf 87' lang='lat' dir='ltr'><strong>aster.</strong></span> 
     </span>
     <span class='ocr_line' id='line_1_5' title="bbox 325 1156 2374 1264; baseline 0.008 -34"><span class='ocrx_word' id='word_1_55' title='bbox 325 1175 394 1230; x_wconf 90' lang='lat' dir='ltr'><strong>tus</strong></span> <span class='ocrx_word' id='word_1_56' title='bbox 418 1173 619 1251; x_wconf 88' lang='lat' dir='ltr'><strong>sequuntur</strong></span> <span class='ocrx_word' id='word_1_57' title='bbox 640 1183 739 1252; x_wconf 89' lang='lat' dir='ltr'><strong>spes,</strong></span> <span class='ocrx_word' id='word_1_58' title='bbox 763 1174 798 1232; x_wconf 94' lang='lat' dir='ltr'><strong>et</strong></span> <span class='ocrx_word' id='word_1_59' title='bbox 821 1159 977 1234; x_wconf 88' lang='lat' dir='ltr'><strong>dilectio.</strong></span> <span class='ocrx_word' id='word_1_60' title='bbox 1028 1156 1127 1249; x_wconf 84' lang='lat' dir='ltr'><strong>Quia</strong></span> <span class='ocrx_word' id='word_1_61' title='bbox 1147 1159 1235 1230; x_wconf 84' lang='lat' dir='ltr'><strong>fides</strong></span> <span class='ocrx_word' id='word_1_62' title='bbox 1257 1172 1330 1232; x_wconf 86' lang='lat' dir='ltr'><strong>sta-</strong></span> <span class='ocrx_word' id='word_1_63' title='bbox 1381 1179 1478 1236; x_wconf 83' lang='lat' dir='ltr'><strong>uam.</strong></span> <span class='ocrx_word' id='word_1_64' title='bbox 1554 1157 1769 1256; x_wconf 75' lang='lat' dir='ltr'><strong>Quanquam</strong></span> <span class='ocrx_word' id='word_1_65' title='bbox 1811 1179 1929 1239; x_wconf 90' lang='lat' dir='ltr'><strong>autem</strong></span> <span class='ocrx_word' id='word_1_66' title='bbox 1962 1173 2083 1242; x_wconf 75' lang='lat' dir='ltr'><strong>adame</strong></span> <span class='ocrx_word' id='word_1_67' title='bbox 2117 1173 2374 1264; x_wconf 86' lang='lat' dir='ltr'><strong>poenitentiam</strong></span> 
     </span>
     <span class='ocr_line' id='line_1_6' title="bbox 325 1258 2371 1368; baseline 0.009 -37"><span class='ocrx_word' id='word_1_68' title='bbox 325 1263 402 1335; x_wconf 88' lang='lat' dir='ltr'><strong>tuit</strong></span> <span class='ocrx_word' id='word_1_69' title='bbox 425 1258 545 1334; x_wconf 83' lang='lat' dir='ltr'><strong>Deum</strong></span> <span class='ocrx_word' id='word_1_70' title='bbox 575 1263 679 1334; x_wconf 87' lang='lat' dir='ltr'><strong>nobis</strong></span> <span class='ocrx_word' id='word_1_71' title='bbox 708 1262 909 1354; x_wconf 90' lang='lat' dir='ltr'><strong>propicium</strong></span> <span class='ocrx_word' id='word_1_72' title='bbox 939 1283 1038 1349; x_wconf 86' lang='lat' dir='ltr'><strong>esse,</strong></span> <span class='ocrx_word' id='word_1_73' title='bbox 1074 1261 1180 1333; x_wconf 88' lang='lat' dir='ltr'><strong>audet</strong></span> <span class='ocrx_word' id='word_1_74' title='bbox 1210 1275 1328 1352; x_wconf 87' lang='lat' dir='ltr'><strong>petere</strong></span> <span class='ocrx_word' id='word_1_75' title='bbox 1380 1273 1541 1354; x_wconf 83' lang='lat' dir='ltr'><strong>oportet,</strong></span> <span class='ocrx_word' id='word_1_76' title='bbox 1565 1275 1684 1336; x_wconf 69' lang='lat' dir='ltr'><strong>umen</strong></span> <span class='ocrx_word' id='word_1_77' title='bbox 1700 1290 1775 1336; x_wconf 93' lang='lat' dir='ltr'><strong>non</strong></span> <span class='ocrx_word' id='word_1_78' title='bbox 1791 1283 1842 1340; x_wconf 89' lang='lat' dir='ltr'><strong>eat</strong></span> <span class='ocrx_word' id='word_1_79' title='bbox 1862 1272 2060 1364; x_wconf 82' lang='lat' dir='ltr'><strong>effingenda</strong></span> <span class='ocrx_word' id='word_1_80' title='bbox 2075 1275 2237 1347; x_wconf 86' lang='lat' dir='ltr'><strong>conditio</strong></span> <span class='ocrx_word' id='word_1_81' title='bbox 2251 1278 2371 1368; x_wconf 78' lang='lat' dir='ltr'><strong>digni·</strong></span> 
     </span>
     <span class='ocr_line' id='line_1_7' title="bbox 325 1360 2370 1470; baseline 0.003 -36"><span class='ocrx_word' id='word_1_82' title='bbox 325 1379 362 1434; x_wconf 87' lang='lat' dir='ltr'><strong>et</strong></span> <span class='ocrx_word' id='word_1_83' title='bbox 391 1377 598 1457; x_wconf 81' lang='lat' dir='ltr'><strong>expectares</strong></span> <span class='ocrx_word' id='word_1_84' title='bbox 627 1365 796 1436; x_wconf 84' lang='lat' dir='ltr'><strong>beneficia</strong></span> <span class='ocrx_word' id='word_1_85' title='bbox 834 1377 982 1438; x_wconf 87' lang='lat' dir='ltr'><strong>caetera.</strong></span> <span class='ocrx_word' id='word_1_86' title='bbox 1045 1360 1092 1436; x_wconf 82' lang='lat' dir='ltr'><strong>Et</strong></span> <span class='ocrx_word' id='word_1_87' title='bbox 1121 1365 1238 1434; x_wconf 89' lang='lat' dir='ltr'><strong>oritur</strong></span> <span class='ocrx_word' id='word_1_88' title='bbox 1268 1363 1326 1434; x_wconf 88' lang='lat' dir='ltr'><strong>di·</strong></span> <span class='ocrx_word' id='word_1_89' title='bbox 1380 1364 1461 1436; x_wconf 89' lang='lat' dir='ltr'><strong>tatis</strong></span> <span class='ocrx_word' id='word_1_90' title='bbox 1477 1379 1630 1440; x_wconf 84' lang='lat' dir='ltr'><strong>nostrae.</strong></span> <span class='ocrx_word' id='word_1_91' title='bbox 1684 1365 1761 1439; x_wconf 88' lang='lat' dir='ltr'><strong>lmo</strong></span> <span class='ocrx_word' id='word_1_92' title='bbox 1779 1391 1859 1440; x_wconf 82' lang='lat' dir='ltr'><strong>euna</strong></span> <span class='ocrx_word' id='word_1_93' title='bbox 1877 1375 2093 1466; x_wconf 90' lang='lat' dir='ltr'><strong>poenitentia</strong></span> <span class='ocrx_word' id='word_1_94' title='bbox 2115 1393 2252 1470; x_wconf 81' lang='lat' dir='ltr'><strong>pugnat</strong></span> <span class='ocrx_word' id='word_1_95' title='bbox 2274 1361 2370 1453; x_wconf 58' lang='lat' dir='ltr'><strong>fidu.</strong></span> 
     </span>
    </p>
   </div>
   <div class='ocr_carea' id='block_1_3' title="bbox 317 1465 2435 5956">
    <p class='ocr_par' dir='ltr' id='par_1_3' title="bbox 317 1465 2435 5956">
     <span class='ocr_line' id='line_1_8' title="bbox 325 1465 2369 1573; baseline 0.01 -39"><span class='ocrx_word' id='word_1_96' title='bbox 325 1465 472 1552; x_wconf 89' lang='lat' dir='ltr'><strong>lectio,</strong></span> <span class='ocrx_word' id='word_1_97' title='bbox 516 1467 599 1562; x_wconf 90' lang='lat' dir='ltr'><strong>quia</strong></span> <span class='ocrx_word' id='word_1_98' title='bbox 635 1469 705 1538; x_wconf 88' lang='lat' dir='ltr'><strong>iam</strong></span> <span class='ocrx_word' id='word_1_99' title='bbox 738 1467 960 1556; x_wconf 76' lang='lat' dir='ltr'><strong>agnoscimus</strong></span> <span class='ocrx_word' id='word_1_100' title='bbox 988 1467 1106 1539; x_wconf 90' lang='lat' dir='ltr'><strong>Deum</strong></span> <span class='ocrx_word' id='word_1_101' title='bbox 1143 1490 1218 1536; x_wconf 91' lang='lat' dir='ltr'><strong>non</strong></span> <span class='ocrx_word' id='word_1_102' title='bbox 1252 1487 1326 1537; x_wconf 89' lang='lat' dir='ltr'><strong>csse</strong></span> <span class='ocrx_word' id='word_1_103' title='bbox 1378 1467 1432 1537; x_wconf 89' lang='lat' dir='ltr'><strong>cia</strong></span> <span class='ocrx_word' id='word_1_104' title='bbox 1452 1467 1590 1554; x_wconf 90' lang='lat' dir='ltr'><strong>meriti,</strong></span> <span class='ocrx_word' id='word_1_105' title='bbox 1628 1469 1719 1542; x_wconf 89' lang='lat' dir='ltr'><strong>sicut</strong></span> <span class='ocrx_word' id='word_1_106' title='bbox 1743 1487 1863 1545; x_wconf 90' lang='lat' dir='ltr'><strong>monet</strong></span> <span class='ocrx_word' id='word_1_107' title='bbox 1893 1477 2047 1550; x_wconf 86' lang='lat' dir='ltr'><strong>dictum:</strong></span> <span class='ocrx_word' id='word_1_108' title='bbox 2086 1477 2159 1569; x_wconf 88' lang='lat' dir='ltr'><strong>Qui</strong></span> <span class='ocrx_word' id='word_1_109' title='bbox 2182 1480 2369 1573; x_wconf 88' lang='lat' dir='ltr'><strong>gloriatur,</strong></span> 
     </span>
     <span class='ocr_line' id='line_1_9' title="bbox 324 1565 1788 1663; baseline 0.006 -25"><span class='ocrx_word' id='word_1_110' title='bbox 324 1571 511 1656; x_wconf 90' lang='lat' dir='ltr'><strong>otiosum,</strong></span> <span class='ocrx_word' id='word_1_111' title='bbox 536 1581 577 1640; x_wconf 93' lang='lat' dir='ltr'><strong>ut</strong></span> <span class='ocrx_word' id='word_1_112' title='bbox 598 1570 689 1639; x_wconf 88' lang='lat' dir='ltr'><strong>ratio</strong></span> <span class='ocrx_word' id='word_1_113' title='bbox 713 1569 831 1660; x_wconf 88' lang='lat' dir='ltr'><strong>lingit,</strong></span> <span class='ocrx_word' id='word_1_114' title='bbox 862 1593 927 1640; x_wconf 88' lang='lat' dir='ltr'><strong>nec</strong></span> <span class='ocrx_word' id='word_1_115' title='bbox 951 1592 1025 1640; x_wconf 86' lang='lat' dir='ltr'><strong>esse</strong></span> <span class='ocrx_word' id='word_1_116' title='bbox 1046 1565 1203 1654; x_wconf 88' lang='lat' dir='ltr'><strong>hostem,</strong></span> <span class='ocrx_word' id='word_1_117' title='bbox 1235 1592 1324 1663; x_wconf 87' lang='lat' dir='ltr'><strong>qua·</strong></span> <span class='ocrx_word' id='word_1_118' title='bbox 1377 1567 1589 1642; x_wconf 86' lang='lat' dir='ltr'><strong>inDumino</strong></span> <span class='ocrx_word' id='word_1_119' title='bbox 1605 1571 1788 1662; x_wconf 74' lang='lat' dir='ltr'><strong>glorietur.</strong></span> 
     </span>
     <span class='ocr_line' id='line_1_10' title="bbox 321 1669 2366 1778; baseline 0.003 -36"><span class='ocrx_word' id='word_1_120' title='bbox 321 1672 401 1742; x_wconf 88' lang='lat' dir='ltr'><strong>lem</strong></span> <span class='ocrx_word' id='word_1_121' title='bbox 416 1671 476 1742; x_wconf 77' lang='lat' dir='ltr'><strong>les</strong></span> <span class='ocrx_word' id='word_1_122' title='bbox 491 1673 717 1756; x_wconf 74' lang='lat' dir='ltr'><strong>ostendebat,</strong></span> <span class='ocrx_word' id='word_1_123' title='bbox 744 1673 805 1742; x_wconf 91' lang='lat' dir='ltr'><strong>sed</strong></span> <span class='ocrx_word' id='word_1_124' title='bbox 822 1693 897 1742; x_wconf 87' lang='lat' dir='ltr'><strong>esse</strong></span> <span class='ocrx_word' id='word_1_125' title='bbox 914 1683 1068 1763; x_wconf 89' lang='lat' dir='ltr'><strong>patrem,</strong></span> <span class='ocrx_word' id='word_1_126' title='bbox 1097 1671 1160 1766; x_wconf 87' lang='lat' dir='ltr'><strong>qui</strong></span> <span class='ocrx_word' id='word_1_127' title='bbox 1177 1671 1324 1742; x_wconf 91' lang='lat' dir='ltr'><strong>calami·</strong></span> <span class='ocrx_word' id='word_1_128' title='bbox 1478 1669 1553 1763; x_wconf 88' lang='lat' dir='ltr'><strong>Cur</strong></span> <span class='ocrx_word' id='word_1_129' title='bbox 1587 1674 1697 1765; x_wconf 87' lang='lat' dir='ltr'><strong>igitur</strong></span> <span class='ocrx_word' id='word_1_130' title='bbox 1737 1688 1888 1748; x_wconf 80' lang='lat' dir='ltr'><strong>vocatur</strong></span> <span class='ocrx_word' id='word_1_131' title='bbox 1921 1681 2084 1752; x_wconf 82' lang='lat' dir='ltr'><strong>merces?</strong></span> <span class='ocrx_word' id='word_1_132' title='bbox 2133 1680 2366 1778; x_wconf 65' lang='lat' dir='ltr'><strong>Respondam</strong></span> 
     </span>
     <span class='ocr_line' id='line_1_11' title="bbox 321 1769 2367 1878; baseline 0.009 -34"><span class='ocrx_word' id='word_1_133' title='bbox 321 1775 413 1846; x_wconf 88' lang='lat' dir='ltr'><strong>tatis</strong></span> <span class='ocrx_word' id='word_1_134' title='bbox 431 1785 575 1846; x_wconf 89' lang='lat' dir='ltr'><strong>nostrae</strong></span> <span class='ocrx_word' id='word_1_135' title='bbox 589 1775 837 1866; x_wconf 72' lang='lat' dir='ltr'><strong>magnitudine</strong></span> <span class='ocrx_word' id='word_1_136' title='bbox 853 1771 1017 1857; x_wconf 81' lang='lat' dir='ltr'><strong>allicitur,</strong></span> <span class='ocrx_word' id='word_1_137' title='bbox 1042 1787 1157 1846; x_wconf 90' lang='lat' dir='ltr'><strong>etnos</strong></span> <span class='ocrx_word' id='word_1_138' title='bbox 1171 1773 1325 1844; x_wconf 88' lang='lat' dir='ltr'><strong>liberare</strong></span> <span class='ocrx_word' id='word_1_139' title='bbox 1375 1769 1527 1846; x_wconf 75' lang='lat' dir='ltr'><strong>Etiamsi</strong></span> <span class='ocrx_word' id='word_1_140' title='bbox 1560 1778 1715 1848; x_wconf 88' lang='lat' dir='ltr'><strong>donatur</strong></span> <span class='ocrx_word' id='word_1_141' title='bbox 1738 1791 1884 1872; x_wconf 89' lang='lat' dir='ltr'><strong>propter</strong></span> <span class='ocrx_word' id='word_1_142' title='bbox 1905 1775 2089 1854; x_wconf 84' lang='lat' dir='ltr'><strong>Christum</strong></span> <span class='ocrx_word' id='word_1_143' title='bbox 2118 1786 2190 1860; x_wconf 80' lang='lat' dir='ltr'><strong>sita</strong></span> <span class='ocrx_word' id='word_1_144' title='bbox 2213 1801 2367 1878; x_wconf 89' lang='lat' dir='ltr'><strong>aeterna,</strong></span> 
     </span>
     <span class='ocr_line' id='line_1_12' title="bbox 318 1874 2365 1972; baseline 0.009 -26"><span class='ocrx_word' id='word_1_145' title='bbox 318 1876 449 1969; x_wconf 79' lang='lat' dir='ltr'><strong>cupit,</strong></span> <span class='ocrx_word' id='word_1_146' title='bbox 475 1879 538 1972; x_wconf 88' lang='lat' dir='ltr'><strong>qui</strong></span> <span class='ocrx_word' id='word_1_147' title='bbox 555 1878 665 1948; x_wconf 84' lang='lat' dir='ltr'><strong>iurat:</strong></span> <span class='ocrx_word' id='word_1_148' title='bbox 692 1874 788 1947; x_wconf 81' lang='lat' dir='ltr'><strong>Vivo</strong></span> <span class='ocrx_word' id='word_1_149' title='bbox 810 1899 894 1967; x_wconf 87' lang='lat' dir='ltr'><strong>ego,</strong></span> <span class='ocrx_word' id='word_1_150' title='bbox 918 1877 1006 1948; x_wconf 90' lang='lat' dir='ltr'><strong>nolo</strong></span> <span class='ocrx_word' id='word_1_151' title='bbox 1027 1891 1177 1949; x_wconf 90' lang='lat' dir='ltr'><strong>mortem</strong></span> <span class='ocrx_word' id='word_1_152' title='bbox 1198 1899 1323 1969; x_wconf 89' lang='lat' dir='ltr'><strong>pecca·</strong></span> <span class='ocrx_word' id='word_1_153' title='bbox 1375 1883 1494 1946; x_wconf 71' lang='lat' dir='ltr'><strong>umen</strong></span> <span class='ocrx_word' id='word_1_154' title='bbox 1516 1878 1623 1950; x_wconf 90' lang='lat' dir='ltr'><strong>simul</strong></span> <span class='ocrx_word' id='word_1_155' title='bbox 1645 1895 1849 1972; x_wconf 85' lang='lat' dir='ltr'><strong>compensat</strong></span> <span class='ocrx_word' id='word_1_156' title='bbox 1872 1881 2012 1956; x_wconf 89' lang='lat' dir='ltr'><strong>labores</strong></span> <span class='ocrx_word' id='word_1_157' title='bbox 2032 1900 2066 1958; x_wconf 88' lang='lat' dir='ltr'><strong>at</strong></span> <span class='ocrx_word' id='word_1_158' title='bbox 2085 1909 2274 1962; x_wconf 87' lang='lat' dir='ltr'><strong>aerumnas</strong></span> <span class='ocrx_word' id='word_1_159' title='bbox 2296 1917 2365 1964; x_wconf 67' lang='lat' dir='ltr'><strong>no·</strong></span> 
     </span>
     <span class='ocr_line' id='line_1_13' title="bbox 319 1977 2364 2079; baseline 0.007 -31"><span class='ocrx_word' id='word_1_160' title='bbox 319 1981 500 2050; x_wconf 87' lang='lat' dir='ltr'><strong>torisetc.</strong></span> <span class='ocrx_word' id='word_1_161' title='bbox 552 1977 851 2050; x_wconf 77' lang='lat' dir='ltr'><strong>Hermodorum</strong></span> <span class='ocrx_word' id='word_1_162' title='bbox 873 1978 1097 2069; x_wconf 84' lang='lat' dir='ltr'><strong>agnoscimus</strong></span> <span class='ocrx_word' id='word_1_163' title='bbox 1119 2000 1187 2048; x_wconf 89' lang='lat' dir='ltr'><strong>nos</strong></span> <span class='ocrx_word' id='word_1_164' title='bbox 1210 1977 1322 2070; x_wconf 80' lang='lat' dir='ltr'><strong>recipi</strong></span> <span class='ocrx_word' id='word_1_165' title='bbox 1374 1991 1476 2056; x_wconf 86' lang='lat' dir='ltr'><strong>atras.</strong></span> <span class='ocrx_word' id='word_1_166' title='bbox 1541 1978 1584 2051; x_wconf 91' lang='lat' dir='ltr'><strong>ld</strong></span> <span class='ocrx_word' id='word_1_167' title='bbox 1606 1984 1652 2054; x_wconf 91' lang='lat' dir='ltr'><strong>ad</strong></span> <span class='ocrx_word' id='word_1_168' title='bbox 1675 1983 1842 2054; x_wconf 75' lang='lat' dir='ltr'><strong>vocabuli</strong></span> <span class='ocrx_word' id='word_1_169' title='bbox 1862 1985 2036 2058; x_wconf 90' lang='lat' dir='ltr'><strong>rationem</strong></span> <span class='ocrx_word' id='word_1_170' title='bbox 2057 1990 2141 2060; x_wconf 88' lang='lat' dir='ltr'><strong>satis</strong></span> <span class='ocrx_word' id='word_1_171' title='bbox 2164 2006 2234 2079; x_wconf 85' lang='lat' dir='ltr'><strong>ast,</strong></span> <span class='ocrx_word' id='word_1_172' title='bbox 2273 1995 2364 2068; x_wconf 83' lang='lat' dir='ltr'><strong>sicut</strong></span> 
     </span>
     <span class='ocr_line' id='line_1_14' title="bbox 318 2073 2363 2181; baseline 0.007 -30"><span class='ocrx_word' id='word_1_173' title='bbox 318 2083 359 2151; x_wconf 93' lang='lat' dir='ltr'><strong>in</strong></span> <span class='ocrx_word' id='word_1_174' title='bbox 382 2082 564 2172; x_wconf 87' lang='lat' dir='ltr'><strong>gratiam,</strong></span> <span class='ocrx_word' id='word_1_175' title='bbox 590 2095 624 2153; x_wconf 91' lang='lat' dir='ltr'><strong>et</strong></span> <span class='ocrx_word' id='word_1_176' title='bbox 646 2081 825 2168; x_wconf 84' lang='lat' dir='ltr'><strong>exaudiri,</strong></span> <span class='ocrx_word' id='word_1_177' title='bbox 848 2081 1004 2152; x_wconf 82' lang='lat' dir='ltr'><strong>vicissim</strong></span> <span class='ocrx_word' id='word_1_178' title='bbox 1027 2106 1096 2153; x_wconf 90' lang='lat' dir='ltr'><strong>nos</strong></span> <span class='ocrx_word' id='word_1_179' title='bbox 1116 2081 1150 2153; x_wconf 92' lang='lat' dir='ltr'><strong>ei</strong></span> <span class='ocrx_word' id='word_1_180' title='bbox 1172 2080 1322 2152; x_wconf 89' lang='lat' dir='ltr'><strong>subiici·</strong></span> <span class='ocrx_word' id='word_1_181' title='bbox 1374 2073 1905 2176; x_wconf 67' lang='lat' dir='ltr'><strong>haereditassimulcompensat</strong></span> <span class='ocrx_word' id='word_1_182' title='bbox 1914 2089 2028 2160; x_wconf 77' lang='lat' dir='ltr'><strong>officia</strong></span> <span class='ocrx_word' id='word_1_183' title='bbox 2037 2085 2209 2181; x_wconf 90' lang='lat' dir='ltr'><strong>haeredis,</strong></span> <span class='ocrx_word' id='word_1_184' title='bbox 2225 2095 2363 2168; x_wconf 88' lang='lat' dir='ltr'><strong>etiamsi</strong></span> 
     </span>
     <span class='ocr_line' id='line_1_15' title="bbox 319 2184 2362 2282; baseline 0.005 -30"><span class='ocrx_word' id='word_1_185' title='bbox 319 2208 430 2268; x_wconf 87' lang='lat' dir='ltr'><strong>mus,</strong></span> <span class='ocrx_word' id='word_1_186' title='bbox 455 2199 492 2256; x_wconf 90' lang='lat' dir='ltr'><strong>et</strong></span> <span class='ocrx_word' id='word_1_187' title='bbox 508 2186 715 2254; x_wconf 77' lang='lat' dir='ltr'><strong>accenditur</strong></span> <span class='ocrx_word' id='word_1_188' title='bbox 737 2185 910 2278; x_wconf 82' lang='lat' dir='ltr'><strong>quaedam</strong></span> <span class='ocrx_word' id='word_1_189' title='bbox 931 2185 1148 2267; x_wconf 73' lang='lat' dir='ltr'><strong>maerentia,</strong></span> <span class='ocrx_word' id='word_1_190' title='bbox 1174 2206 1237 2254; x_wconf 88' lang='lat' dir='ltr'><strong>scu</strong></span> <span class='ocrx_word' id='word_1_191' title='bbox 1257 2184 1321 2253; x_wconf 85' lang='lat' dir='ltr'><strong>ds-</strong></span> <span class='ocrx_word' id='word_1_192' title='bbox 1373 2196 1519 2276; x_wconf 89' lang='lat' dir='ltr'><strong>propter</strong></span> <span class='ocrx_word' id='word_1_193' title='bbox 1536 2186 1641 2257; x_wconf 89' lang='lat' dir='ltr'><strong>aliam</strong></span> <span class='ocrx_word' id='word_1_194' title='bbox 1660 2211 1800 2258; x_wconf 90' lang='lat' dir='ltr'><strong>causam</strong></span> <span class='ocrx_word' id='word_1_195' title='bbox 1816 2190 2004 2282; x_wconf 87' lang='lat' dir='ltr'><strong>contingit.</strong></span> <span class='ocrx_word' id='word_1_196' title='bbox 2054 2191 2125 2265; x_wconf 87' lang='lat' dir='ltr'><strong>Sed</strong></span> <span class='ocrx_word' id='word_1_197' title='bbox 2150 2209 2202 2268; x_wconf 83' lang='lat' dir='ltr'><strong>est</strong></span> <span class='ocrx_word' id='word_1_198' title='bbox 2220 2197 2289 2270; x_wconf 89' lang='lat' dir='ltr'><strong>alia</strong></span> <span class='ocrx_word' id='word_1_199' title='bbox 2305 2222 2362 2270; x_wconf 88' lang='lat' dir='ltr'><strong>re.</strong></span> 
     </span>
     <span class='ocr_line' id='line_1_16' title="bbox 317 2285 2361 2389; baseline 0.006 -34"><span class='ocrx_word' id='word_1_200' title='bbox 317 2287 501 2356; x_wconf 84' lang='lat' dir='ltr'><strong>siderium</strong></span> <span class='ocrx_word' id='word_1_201' title='bbox 524 2289 722 2381; x_wconf 83' lang='lat' dir='ltr'><strong>quoddam,</strong></span> <span class='ocrx_word' id='word_1_202' title='bbox 749 2310 822 2380; x_wconf 86' lang='lat' dir='ltr'><strong>quo</strong></span> <span class='ocrx_word' id='word_1_203' title='bbox 848 2285 1078 2358; x_wconf 79' lang='lat' dir='ltr'><strong>anteierimns</strong></span> <span class='ocrx_word' id='word_1_204' title='bbox 1099 2286 1216 2358; x_wconf 89' lang='lat' dir='ltr'><strong>Deum</strong></span> <span class='ocrx_word' id='word_1_205' title='bbox 1240 2307 1321 2357; x_wconf 87' lang='lat' dir='ltr'><strong>cae·</strong></span> <span class='ocrx_word' id='word_1_206' title='bbox 1372 2286 1517 2376; x_wconf 86' lang='lat' dir='ltr'><strong>sponsio</strong></span> <span class='ocrx_word' id='word_1_207' title='bbox 1532 2287 1730 2382; x_wconf 83' lang='lat' dir='ltr'><strong>simplicior</strong></span> <span class='ocrx_word' id='word_1_208' title='bbox 1746 2291 1931 2365; x_wconf 81' lang='lat' dir='ltr'><strong>severior.</strong></span> <span class='ocrx_word' id='word_1_209' title='bbox 1985 2289 2135 2368; x_wconf 87' lang='lat' dir='ltr'><strong>Phrases</strong></span> <span class='ocrx_word' id='word_1_210' title='bbox 2151 2299 2240 2389; x_wconf 84' lang='lat' dir='ltr'><strong>legis</strong></span> <span class='ocrx_word' id='word_1_211' title='bbox 2258 2313 2361 2372; x_wconf 74' lang='lat' dir='ltr'><strong>sunta</strong></span> 
     </span>
     <span class='ocr_line' id='line_1_17' title="bbox 321 2381 2360 2488; baseline 0.007 -29"><span class='ocrx_word' id='word_1_212' title='bbox 321 2391 411 2459; x_wconf 84' lang='lat' dir='ltr'><strong>teria</strong></span> <span class='ocrx_word' id='word_1_213' title='bbox 436 2392 557 2463; x_wconf 82' lang='lat' dir='ltr'><strong>rebus.</strong></span> <span class='ocrx_word' id='word_1_214' title='bbox 616 2388 718 2460; x_wconf 83' lang='lat' dir='ltr'><strong>Talis</strong></span> <span class='ocrx_word' id='word_1_215' title='bbox 741 2403 793 2459; x_wconf 90' lang='lat' dir='ltr'><strong>est</strong></span> <span class='ocrx_word' id='word_1_216' title='bbox 810 2387 953 2459; x_wconf 89' lang='lat' dir='ltr'><strong>dilectio</strong></span> <span class='ocrx_word' id='word_1_217' title='bbox 975 2389 1014 2458; x_wconf 87' lang='lat' dir='ltr'><strong>io</strong></span> <span class='ocrx_word' id='word_1_218' title='bbox 1037 2384 1103 2461; x_wconf 86' lang='lat' dir='ltr'><strong>bac</strong></span> <span class='ocrx_word' id='word_1_219' title='bbox 1127 2390 1220 2474; x_wconf 82' lang='lat' dir='ltr'><strong>sita,</strong></span> <span class='ocrx_word' id='word_1_220' title='bbox 1242 2411 1319 2460; x_wconf 89' lang='lat' dir='ltr'><strong>uon</strong></span> <span class='ocrx_word' id='word_1_221' title='bbox 1371 2381 1516 2461; x_wconf 82' lang='lat' dir='ltr'><strong>Reddet</strong></span> <span class='ocrx_word' id='word_1_222' title='bbox 1533 2391 1728 2486; x_wconf 84' lang='lat' dir='ltr'><strong>unicuique</strong></span> <span class='ocrx_word' id='word_1_223' title='bbox 1752 2393 1848 2465; x_wconf 80' lang='lat' dir='ltr'><strong>iaxta</strong></span> <span class='ocrx_word' id='word_1_224' title='bbox 1871 2417 1979 2488; x_wconf 88' lang='lat' dir='ltr'><strong>opera</strong></span> <span class='ocrx_word' id='word_1_225' title='bbox 2002 2419 2077 2470; x_wconf 90' lang='lat' dir='ltr'><strong>sua.</strong></span> <span class='ocrx_word' id='word_1_226' title='bbox 2147 2397 2255 2473; x_wconf 86' lang='lat' dir='ltr'><strong>ltem:</strong></span> <span class='ocrx_word' id='word_1_227' title='bbox 2288 2399 2360 2474; x_wconf 86' lang='lat' dir='ltr'><strong>Co-</strong></span> 
     </span>
     <span class='ocr_line' id='line_1_18' title="bbox 327 2488 2359 2594; baseline 0.003 -34"><span class='ocrx_word' id='word_1_228' title='bbox 327 2495 454 2562; x_wconf 80' lang='lat' dir='ltr'><strong>acdens</strong></span> <span class='ocrx_word' id='word_1_229' title='bbox 469 2507 511 2564; x_wconf 92' lang='lat' dir='ltr'><strong>ut</strong></span> <span class='ocrx_word' id='word_1_230' title='bbox 524 2493 695 2577; x_wconf 89' lang='lat' dir='ltr'><strong>debebat,</strong></span> <span class='ocrx_word' id='word_1_231' title='bbox 718 2493 779 2561; x_wconf 88' lang='lat' dir='ltr'><strong>sed</strong></span> <span class='ocrx_word' id='word_1_232' title='bbox 794 2490 996 2567; x_wconf 89' lang='lat' dir='ltr'><strong>imbecillis.</strong></span> <span class='ocrx_word' id='word_1_233' title='bbox 1371 2488 1470 2581; x_wconf 86' lang='lat' dir='ltr'><strong>piosa</strong></span> <span class='ocrx_word' id='word_1_234' title='bbox 1482 2491 1550 2562; x_wconf 90' lang='lat' dir='ltr'><strong>erit</strong></span> <span class='ocrx_word' id='word_1_235' title='bbox 1563 2516 1697 2565; x_wconf 85' lang='lat' dir='ltr'><strong>merces</strong></span> <span class='ocrx_word' id='word_1_236' title='bbox 1722 2495 1761 2564; x_wconf 93' lang='lat' dir='ltr'><strong>in</strong></span> <span class='ocrx_word' id='word_1_237' title='bbox 1781 2496 1900 2570; x_wconf 90' lang='lat' dir='ltr'><strong>coelis.</strong></span> <span class='ocrx_word' id='word_1_238' title='bbox 1951 2496 2131 2594; x_wconf 83' lang='lat' dir='ltr'><strong>Loquitur</strong></span> <span class='ocrx_word' id='word_1_239' title='bbox 2152 2502 2248 2573; x_wconf 83' lang='lat' dir='ltr'><strong>caim</strong></span> <span class='ocrx_word' id='word_1_240' title='bbox 2269 2504 2359 2576; x_wconf 63' lang='lat' dir='ltr'><strong>mi«</strong></span> 
     </span>
     <span class='ocr_line' id='line_1_19' title="bbox 811 2596 2359 2696; baseline 0.014 -41"><span class='ocrx_word' id='word_1_241' title='bbox 811 2660 820 2679; x_wconf 93' lang='lat'><strong>.</strong></span> <span class='ocrx_word' id='word_1_242' title='bbox 1371 2605 1474 2683; x_wconf 86' lang='lat' dir='ltr'><strong>ptura</strong></span> <span class='ocrx_word' id='word_1_243' title='bbox 1493 2617 1592 2664; x_wconf 89' lang='lat' dir='ltr'><strong>more</strong></span> <span class='ocrx_word' id='word_1_244' title='bbox 1607 2596 1693 2687; x_wconf 88' lang='lat' dir='ltr'><strong>legis</strong></span> <span class='ocrx_word' id='word_1_245' title='bbox 1703 2598 1748 2667; x_wconf 84' lang='lat' dir='ltr'><strong>de</strong></span> <span class='ocrx_word' id='word_1_246' title='bbox 1762 2597 1910 2685; x_wconf 90' lang='lat' dir='ltr'><strong>iusticia,</strong></span> <span class='ocrx_word' id='word_1_247' title='bbox 1926 2603 2027 2694; x_wconf 84' lang='lat' dir='ltr'><strong>quasi</strong></span> <span class='ocrx_word' id='word_1_248' title='bbox 2043 2605 2089 2672; x_wconf 90' lang='lat' dir='ltr'><strong>de</strong></span> <span class='ocrx_word' id='word_1_249' title='bbox 2101 2603 2227 2676; x_wconf 87' lang='lat' dir='ltr'><strong>nostra&#39;</strong></span> <span class='ocrx_word' id='word_1_250' title='bbox 2239 2607 2359 2696; x_wconf 85' lang='lat' dir='ltr'><strong>digni-</strong></span> 
     </span>
     <span class='ocr_line' id='line_1_20' title="bbox 758 2659 2435 2795; baseline 0.007 -29"><span class='ocrx_word' id='word_1_251' title='bbox 758 2659 885 2734; x_wconf 68' lang='lat' dir='ltr'><strong>Almd·</strong></span> <span class='ocrx_word' id='word_1_252' title='bbox 1370 2706 1449 2770; x_wconf 90' lang='lat' dir='ltr'><strong>tate.</strong></span> <span class='ocrx_word' id='word_1_253' title='bbox 1501 2693 1591 2768; x_wconf 87' lang='lat' dir='ltr'><strong>ltem</strong></span> <span class='ocrx_word' id='word_1_254' title='bbox 1611 2700 1655 2768; x_wconf 89' lang='lat' dir='ltr'><strong>de</strong></span> <span class='ocrx_word' id='word_1_255' title='bbox 1678 2699 1746 2772; x_wconf 87' lang='lat' dir='ltr'><strong>lide</strong></span> <span class='ocrx_word' id='word_1_256' title='bbox 1762 2715 1931 2795; x_wconf 87' lang='lat' dir='ltr'><strong>tanquam</strong></span> <span class='ocrx_word' id='word_1_257' title='bbox 1953 2705 2000 2774; x_wconf 90' lang='lat' dir='ltr'><strong>de</strong></span> <span class='ocrx_word' id='word_1_258' title='bbox 2013 2719 2134 2777; x_wconf 88' lang='lat' dir='ltr'><strong>nostra</strong></span> <span class='ocrx_word' id='word_1_259' title='bbox 2151 2707 2300 2794; x_wconf 77' lang='lat' dir='ltr'><strong>virtute,</strong></span> <span class='ocrx_word' id='word_1_260' title='bbox 2323 2721 2361 2782; x_wconf 91' lang='grc' dir='ltr'><strong>ει</strong></span> <span class='ocrx_word' id='word_1_261' title='bbox 2431 2769 2435 2778; x_wconf 91' lang='grc'><strong>.</strong></span> 
     </span>
     <span class='ocr_line' id='line_1_21' title="bbox 426 2791 2359 2884; baseline 0.003 -15"><span class='ocrx_word' id='word_1_262' title='bbox 426 2792 666 2869; x_wconf 88' lang='lat' dir='ltr'><strong>Obiicinntet</strong></span> <span class='ocrx_word' id='word_1_263' title='bbox 682 2818 813 2867; x_wconf 89' lang='lat' dir='ltr'><strong>nomen</strong></span> <span class='ocrx_word' id='word_1_264' title='bbox 832 2795 1016 2870; x_wconf 81' lang='lat' dir='ltr'><strong>mercedis.</strong></span> <span class='ocrx_word' id='word_1_265' title='bbox 1068 2791 1153 2866; x_wconf 82' lang='lat' dir='ltr'><strong>Vita</strong></span> <span class='ocrx_word' id='word_1_266' title='bbox 1174 2805 1318 2866; x_wconf 83' lang='lat' dir='ltr'><strong>aeterua</strong></span> <span class='ocrx_word' id='word_1_267' title='bbox 1369 2797 1457 2870; x_wconf 88' lang='lat' dir='ltr'><strong>dicit</strong></span> <span class='ocrx_word' id='word_1_268' title='bbox 1480 2800 1612 2872; x_wconf 89' lang='lat' dir='ltr'><strong>uostris</strong></span> <span class='ocrx_word' id='word_1_269' title='bbox 1637 2800 1830 2874; x_wconf 77' lang='lat' dir='ltr'><strong>virtutibus</strong></span> <span class='ocrx_word' id='word_1_270' title='bbox 1850 2805 1929 2874; x_wconf 89' lang='lat' dir='ltr'><strong>dari</strong></span> <span class='ocrx_word' id='word_1_271' title='bbox 1951 2809 2161 2884; x_wconf 87' lang='lat' dir='ltr'><strong>mercedem.</strong></span> <span class='ocrx_word' id='word_1_272' title='bbox 2227 2809 2275 2881; x_wconf 89' lang='grc' dir='ltr'><strong>Αι</strong></span> <span class='ocrx_word' id='word_1_273' title='bbox 2300 2811 2359 2881; x_wconf 74' lang='lat' dir='ltr'><strong>in.</strong></span> 
     </span>
     <span class='ocr_line' id='line_1_22' title="bbox 318 2895 2395 2994; baseline 0.007 -26"><span class='ocrx_word' id='word_1_274' title='bbox 318 2913 477 2974; x_wconf 72' lang='lat' dir='ltr'><strong>vocatur</strong></span> <span class='ocrx_word' id='word_1_275' title='bbox 489 2921 634 2980; x_wconf 90' lang='lat' dir='ltr'><strong>merces,</strong></span> <span class='ocrx_word' id='word_1_276' title='bbox 660 2895 757 2990; x_wconf 85' lang='lat' dir='ltr'><strong>Ergo</strong></span> <span class='ocrx_word' id='word_1_277' title='bbox 772 2899 866 2970; x_wconf 90' lang='lat' dir='ltr'><strong>bona</strong></span> <span class='ocrx_word' id='word_1_278' title='bbox 883 2923 990 2991; x_wconf 91' lang='lat' dir='ltr'><strong>opera</strong></span> <span class='ocrx_word' id='word_1_279' title='bbox 1008 2913 1193 2971; x_wconf 86' lang='lat' dir='ltr'><strong>merentur</strong></span> <span class='ocrx_word' id='word_1_280' title='bbox 1206 2896 1316 2968; x_wconf 82' lang='lat' dir='ltr'><strong>vitem</strong></span> <span class='ocrx_word' id='word_1_281' title='bbox 1368 2900 1471 2971; x_wconf 88' lang='lat' dir='ltr'><strong>terim</strong></span> <span class='ocrx_word' id='word_1_282' title='bbox 1489 2925 1531 2970; x_wconf 85' lang='lat' dir='ltr'><strong>ex</strong></span> <span class='ocrx_word' id='word_1_283' title='bbox 1547 2897 1744 2994; x_wconf 84' lang='lat' dir='ltr'><strong>Evangelio</strong></span> <span class='ocrx_word' id='word_1_284' title='bbox 1767 2908 1951 2977; x_wconf 86' lang='lat' dir='ltr'><strong>sciendum</strong></span> <span class='ocrx_word' id='word_1_285' title='bbox 1968 2921 2038 2990; x_wconf 85' lang='lat' dir='ltr'><strong>est,</strong></span> <span class='ocrx_word' id='word_1_286' title='bbox 2065 2933 2131 2980; x_wconf 87' lang='lat' dir='ltr'><strong>nos</strong></span> <span class='ocrx_word' id='word_1_287' title='bbox 2153 2934 2228 2982; x_wconf 87' lang='lat' dir='ltr'><strong>esse</strong></span> <span class='ocrx_word' id='word_1_288' title='bbox 2245 2913 2357 2983; x_wconf 86' lang='lat' dir='ltr'><strong>iustos</strong></span> <span class='ocrx_word' id='word_1_289' title='bbox 2391 2984 2395 2991; x_wconf 76' lang='grc'><em>,</em></span> 
     </span>
     <span class='ocr_line' id='line_1_23' title="bbox 323 2999 2356 3102; baseline 0.005 -28"><span class='ocrx_word' id='word_1_290' title='bbox 323 3017 521 3076; x_wconf 85' lang='lat' dir='ltr'><strong>aeternam.</strong></span> <span class='ocrx_word' id='word_1_291' title='bbox 568 2999 649 3072; x_wconf 85' lang='lat' dir='ltr'><strong>Non</strong></span> <span class='ocrx_word' id='word_1_292' title='bbox 666 3025 834 3096; x_wconf 88' lang='lat' dir='ltr'><strong>quaeram</strong></span> <span class='ocrx_word' id='word_1_293' title='bbox 850 3015 992 3092; x_wconf 90' lang='lat' dir='ltr'><strong>argutas</strong></span> <span class='ocrx_word' id='word_1_294' title='bbox 1006 2999 1316 3091; x_wconf 84' lang='lat' dir='ltr'><strong>interpretationes</strong></span> <span class='ocrx_word' id='word_1_295' title='bbox 1368 3024 1443 3072; x_wconf 91' lang='lat' dir='ltr'><strong>uon</strong></span> <span class='ocrx_word' id='word_1_296' title='bbox 1470 3017 1591 3076; x_wconf 90' lang='lat' dir='ltr'><strong>nostra</strong></span> <span class='ocrx_word' id='word_1_297' title='bbox 1624 3005 1815 3096; x_wconf 76' lang='lat' dir='ltr'><strong>dignitate,</strong></span> <span class='ocrx_word' id='word_1_298' title='bbox 1856 3009 1916 3078; x_wconf 91' lang='lat' dir='ltr'><strong>sed</strong></span> <span class='ocrx_word' id='word_1_299' title='bbox 1942 3009 2194 3102; x_wconf 82' lang='lat' dir='ltr'><strong>imputatione:</strong></span> <span class='ocrx_word' id='word_1_300' title='bbox 2227 3027 2262 3084; x_wconf 93' lang='lat' dir='ltr'><strong>et</strong></span> <span class='ocrx_word' id='word_1_301' title='bbox 2286 3015 2356 3084; x_wconf 86' lang='lat' dir='ltr'><strong>fide</strong></span> 
     </span>
     <span class='ocr_line' id='line_1_24' title="bbox 325 3098 2355 3206; baseline 0.007 -35"><span class='ocrx_word' id='word_1_302' title='bbox 325 3105 513 3184; x_wconf 75' lang='lat' dir='ltr'><strong>vocabuli,</strong></span> <span class='ocrx_word' id='word_1_303' title='bbox 538 3105 655 3173; x_wconf 84' lang='lat' dir='ltr'><strong>fontes</strong></span> <span class='ocrx_word' id='word_1_304' title='bbox 671 3127 795 3174; x_wconf 87' lang='lat' dir='ltr'><strong>causae</strong></span> <span class='ocrx_word' id='word_1_305' title='bbox 810 3105 1093 3177; x_wconf 88' lang='lat' dir='ltr'><strong>considerentur.</strong></span> <span class='ocrx_word' id='word_1_306' title='bbox 1151 3098 1315 3173; x_wconf 87' lang='lat' dir='ltr'><strong>Psalmus</strong></span> <span class='ocrx_word' id='word_1_307' title='bbox 1367 3104 1480 3196; x_wconf 85' lang='lat' dir='ltr'><strong>accipi</strong></span> <span class='ocrx_word' id='word_1_308' title='bbox 1503 3105 1673 3177; x_wconf 84' lang='lat' dir='ltr'><strong>beneficia</strong></span> <span class='ocrx_word' id='word_1_309' title='bbox 1695 3105 1852 3195; x_wconf 83' lang='lat' dir='ltr'><strong>Christi,</strong></span> <span class='ocrx_word' id='word_1_310' title='bbox 1884 3135 1958 3180; x_wconf 91' lang='lat' dir='ltr'><strong>non</strong></span> <span class='ocrx_word' id='word_1_311' title='bbox 1983 3127 2128 3204; x_wconf 87' lang='lat' dir='ltr'><strong>propter</strong></span> <span class='ocrx_word' id='word_1_312' title='bbox 2149 3114 2260 3206; x_wconf 87' lang='lat' dir='ltr'><strong>ipsius</strong></span> <span class='ocrx_word' id='word_1_313' title='bbox 2281 3115 2355 3186; x_wconf 81' lang='lat' dir='ltr'><strong>vir-</strong></span> 
     </span>
     <span class='ocr_line' id='line_1_25' title="bbox 327 3203 2354 3308; baseline 0.005 -32"><span class='ocrx_word' id='word_1_314' title='bbox 327 3207 464 3300; x_wconf 85' lang='lat' dir='ltr'><strong>inquit:</strong></span> <span class='ocrx_word' id='word_1_315' title='bbox 496 3203 578 3275; x_wconf 88' lang='lat' dir='ltr'><strong>Non</strong></span> <span class='ocrx_word' id='word_1_316' title='bbox 603 3207 714 3275; x_wconf 85' lang='lat' dir='ltr'><strong>intres</strong></span> <span class='ocrx_word' id='word_1_317' title='bbox 737 3207 774 3275; x_wconf 92' lang='lat' dir='ltr'><strong>in</strong></span> <span class='ocrx_word' id='word_1_318' title='bbox 798 3204 973 3275; x_wconf 90' lang='lat' dir='ltr'><strong>iudicium</strong></span> <span class='ocrx_word' id='word_1_319' title='bbox 1002 3227 1085 3275; x_wconf 89' lang='lat' dir='ltr'><strong>cum</strong></span> <span class='ocrx_word' id='word_1_320' title='bbox 1111 3225 1213 3274; x_wconf 85' lang='lat' dir='ltr'><strong>servo</strong></span> <span class='ocrx_word' id='word_1_321' title='bbox 1239 3215 1314 3288; x_wconf 91' lang='lat' dir='ltr'><strong>tuo,</strong></span> <span class='ocrx_word' id='word_1_322' title='bbox 1366 3205 1453 3277; x_wconf 90' lang='lat' dir='ltr'><strong>tutis</strong></span> <span class='ocrx_word' id='word_1_323' title='bbox 1472 3206 1700 3297; x_wconf 80' lang='lat' dir='ltr'><strong>dignitatem,</strong></span> <span class='ocrx_word' id='word_1_324' title='bbox 1732 3213 1793 3281; x_wconf 89' lang='lat' dir='ltr'><strong>sed</strong></span> <span class='ocrx_word' id='word_1_325' title='bbox 1819 3213 1903 3308; x_wconf 89' lang='lat' dir='ltr'><strong>quia</strong></span> <span class='ocrx_word' id='word_1_326' title='bbox 1925 3214 2054 3284; x_wconf 91' lang='lat' dir='ltr'><strong>nititur</strong></span> <span class='ocrx_word' id='word_1_327' title='bbox 2075 3215 2191 3286; x_wconf 85' lang='lat' dir='ltr'><strong>alieno</strong></span> <span class='ocrx_word' id='word_1_328' title='bbox 2214 3216 2354 3299; x_wconf 87' lang='lat' dir='ltr'><strong>merito,</strong></span> 
     </span>
     <span class='ocr_line' id='line_1_26' title="bbox 328 3304 2354 3408; baseline 0.007 -30"><span class='ocrx_word' id='word_1_329' title='bbox 328 3311 410 3402; x_wconf 81' lang='lat' dir='ltr'><strong>qnia</strong></span> <span class='ocrx_word' id='word_1_330' title='bbox 426 3333 501 3378; x_wconf 90' lang='lat' dir='ltr'><strong>non</strong></span> <span class='ocrx_word' id='word_1_331' title='bbox 516 3307 764 3378; x_wconf 82' lang='lat' dir='ltr'><strong>iustificabitur</strong></span> <span class='ocrx_word' id='word_1_332' title='bbox 780 3308 818 3377; x_wconf 90' lang='lat' dir='ltr'><strong>in</strong></span> <span class='ocrx_word' id='word_1_333' title='bbox 833 3321 1024 3398; x_wconf 88' lang='lat' dir='ltr'><strong>conspectu</strong></span> <span class='ocrx_word' id='word_1_334' title='bbox 1041 3318 1105 3377; x_wconf 92' lang='lat' dir='ltr'><strong>tuo</strong></span> <span class='ocrx_word' id='word_1_335' title='bbox 1123 3305 1241 3376; x_wconf 90' lang='lat' dir='ltr'><strong>omnis</strong></span> <span class='ocrx_word' id='word_1_336' title='bbox 1257 3304 1313 3374; x_wconf 83' lang='lat' dir='ltr'><strong>vi·</strong></span> <span class='ocrx_word' id='word_1_337' title='bbox 1365 3307 1499 3380; x_wconf 91' lang='lat' dir='ltr'><strong>scilicet</strong></span> <span class='ocrx_word' id='word_1_338' title='bbox 1517 3304 1664 3384; x_wconf 85' lang='lat' dir='ltr'><strong>Christi.</strong></span> <span class='ocrx_word' id='word_1_339' title='bbox 1734 3310 1831 3383; x_wconf 87' lang='lat' dir='ltr'><strong>Haec</strong></span> <span class='ocrx_word' id='word_1_340' title='bbox 1865 3329 1919 3388; x_wconf 89' lang='lat' dir='ltr'><strong>est</strong></span> <span class='ocrx_word' id='word_1_341' title='bbox 1946 3316 2108 3408; x_wconf 85' lang='lat' dir='ltr'><strong>expedita</strong></span> <span class='ocrx_word' id='word_1_342' title='bbox 2131 3331 2165 3392; x_wconf 89' lang='lat' dir='ltr'><strong>et</strong></span> <span class='ocrx_word' id='word_1_343' title='bbox 2191 3341 2274 3390; x_wconf 89' lang='lat' dir='ltr'><strong>vera</strong></span> <span class='ocrx_word' id='word_1_344' title='bbox 2296 3343 2354 3392; x_wconf 85' lang='lat' dir='ltr'><strong>ra-</strong></span> 
     </span>
     <span class='ocr_line' id='line_1_27' title="bbox 328 3405 1899 3510; baseline 0.006 -32"><span class='ocrx_word' id='word_1_345' title='bbox 328 3435 425 3487; x_wconf 80' lang='lat' dir='ltr'><strong>sens.</strong></span> <span class='ocrx_word' id='word_1_346' title='bbox 482 3408 587 3482; x_wconf 86' lang='lat' dir='ltr'><strong>item:</strong></span> <span class='ocrx_word' id='word_1_347' title='bbox 611 3407 750 3483; x_wconf 85' lang='lat' dir='ltr'><strong>Delicta</strong></span> <span class='ocrx_word' id='word_1_348' title='bbox 770 3407 1064 3505; x_wconf 10' lang='lat' dir='ltr'><strong>quistintelligitl</strong></span> <span class='ocrx_word' id='word_1_349' title='bbox 1095 3405 1218 3498; x_wconf 85' lang='lat' dir='ltr'><strong>Quare</strong></span> <span class='ocrx_word' id='word_1_350' title='bbox 1236 3430 1310 3478; x_wconf 89' lang='lat' dir='ltr'><strong>non</strong></span> <span class='ocrx_word' id='word_1_351' title='bbox 1364 3409 1529 3503; x_wconf 66' lang='lat' dir='ltr'><strong>amano,</strong></span> <span class='ocrx_word' id='word_1_352' title='bbox 1555 3427 1590 3485; x_wconf 94' lang='lat' dir='ltr'><strong>et</strong></span> <span class='ocrx_word' id='word_1_353' title='bbox 1606 3413 1683 3485; x_wconf 91' lang='lat' dir='ltr'><strong>sine</strong></span> <span class='ocrx_word' id='word_1_354' title='bbox 1698 3411 1899 3510; x_wconf 86' lang='lat' dir='ltr'><strong>sophistica.</strong></span> 
     </span>
     <span class='ocr_line' id='line_1_28' title="bbox 329 3510 1859 3604; baseline -0.005 -21"><span class='ocrx_word' id='word_1_355' title='bbox 329 3535 515 3604; x_wconf 85' lang='lat' dir='ltr'><strong>possumus</strong></span> <span class='ocrx_word' id='word_1_356' title='bbox 536 3524 707 3598; x_wconf 85' lang='lat' dir='ltr'><strong>statuere,</strong></span> <span class='ocrx_word' id='word_1_357' title='bbox 730 3536 796 3584; x_wconf 91' lang='lat' dir='ltr'><strong>nos</strong></span> <span class='ocrx_word' id='word_1_358' title='bbox 819 3514 948 3583; x_wconf 88' lang='lat' dir='ltr'><strong>mereri</strong></span> <span class='ocrx_word' id='word_1_359' title='bbox 970 3510 1102 3583; x_wconf 91' lang='lat' dir='ltr'><strong>nostris</strong></span> <span class='ocrx_word' id='word_1_360' title='bbox 1118 3510 1312 3581; x_wconf 72' lang='lat' dir='ltr'><strong>vinutihus</strong></span> <span class='ocrx_word' id='word_1_361' title='bbox 1850 3584 1859 3601; x_wconf 48' lang='grc'><em>,</em></span> 
     </span>
     <span class='ocr_line' id='line_1_29' title="bbox 327 3580 1921 3705; baseline -0.001 -24"><span class='ocrx_word' id='word_1_362' title='bbox 327 3620 435 3687; x_wconf 84' lang='lat' dir='ltr'><strong>vitam</strong></span> <span class='ocrx_word' id='word_1_363' title='bbox 448 3630 646 3696; x_wconf 88' lang='lat' dir='ltr'><strong>aeternam,</strong></span> <span class='ocrx_word' id='word_1_364' title='bbox 672 3638 735 3685; x_wconf 87' lang='lat' dir='ltr'><strong>seu</strong></span> <span class='ocrx_word' id='word_1_365' title='bbox 750 3630 890 3687; x_wconf 88' lang='lat' dir='ltr'><strong>nostras</strong></span> <span class='ocrx_word' id='word_1_366' title='bbox 903 3615 1052 3686; x_wconf 82' lang='lat' dir='ltr'><strong>virtutes</strong></span> <span class='ocrx_word' id='word_1_367' title='bbox 1069 3612 1310 3705; x_wconf 89' lang='lat' dir='ltr'><strong>essepretium</strong></span> <span class='ocrx_word' id='word_1_368' title='bbox 1798 3580 1921 3655; x_wconf 57' lang='grc' dir='ltr'><strong>ΑΜ·</strong></span> 
     </span>
     <span class='ocr_line' id='line_1_30' title="bbox 328 3707 2354 3812; baseline 0.006 -29"><span class='ocrx_word' id='word_1_369' title='bbox 328 3720 420 3790; x_wconf 76' lang='lat' dir='ltr'><strong>sitae</strong></span> <span class='ocrx_word' id='word_1_370' title='bbox 435 3732 608 3789; x_wconf 87' lang='lat' dir='ltr'><strong>aeternae.</strong></span> <span class='ocrx_word' id='word_1_371' title='bbox 661 3713 714 3788; x_wconf 84' lang='lat' dir='ltr'><strong>Ac</strong></span> <span class='ocrx_word' id='word_1_372' title='bbox 740 3741 846 3809; x_wconf 88' lang='lat' dir='ltr'><strong>supra</strong></span> <span class='ocrx_word' id='word_1_373' title='bbox 870 3717 996 3808; x_wconf 84' lang='lat' dir='ltr'><strong>collegi</strong></span> <span class='ocrx_word' id='word_1_374' title='bbox 1015 3714 1127 3787; x_wconf 92' lang='lat' dir='ltr'><strong>multa</strong></span> <span class='ocrx_word' id='word_1_375' title='bbox 1148 3714 1311 3787; x_wconf 85' lang='lat' dir='ltr'><strong>testimo·</strong></span> <span class='ocrx_word' id='word_1_376' title='bbox 1464 3707 1610 3787; x_wconf 77' lang='lat' dir='ltr'><strong>Addam</strong></span> <span class='ocrx_word' id='word_1_377' title='bbox 1631 3729 1666 3789; x_wconf 91' lang='lat' dir='ltr'><strong>et</strong></span> <span class='ocrx_word' id='word_1_378' title='bbox 1688 3712 1912 3791; x_wconf 89' lang='lat' dir='ltr'><strong>scholasticas</strong></span> <span class='ocrx_word' id='word_1_379' title='bbox 1936 3721 2106 3812; x_wconf 86' lang='lat' dir='ltr'><strong>quasdam</strong></span> <span class='ocrx_word' id='word_1_380' title='bbox 2124 3720 2354 3809; x_wconf 81' lang='lat' dir='ltr'><strong>obiectiones,</strong></span> 
     </span>
     <span class='ocr_line' id='line_1_31' title="bbox 324 3816 2352 3916; baseline 0.004 -29"><span class='ocrx_word' id='word_1_381' title='bbox 324 3822 403 3906; x_wconf 87' lang='lat' dir='ltr'><strong>nia,</strong></span> <span class='ocrx_word' id='word_1_382' title='bbox 426 3844 517 3913; x_wconf 88' lang='lat' dir='ltr'><strong>quae</strong></span> <span class='ocrx_word' id='word_1_383' title='bbox 531 3820 724 3890; x_wconf 83' lang='lat' dir='ltr'><strong>ostendunt</strong></span> <span class='ocrx_word' id='word_1_384' title='bbox 737 3844 881 3891; x_wconf 91' lang='lat' dir='ltr'><strong>manere</strong></span> <span class='ocrx_word' id='word_1_385' title='bbox 903 3820 942 3889; x_wconf 91' lang='lat' dir='ltr'><strong>in</strong></span> <span class='ocrx_word' id='word_1_386' title='bbox 964 3816 1097 3889; x_wconf 86' lang='lat' dir='ltr'><strong>renatis</strong></span> <span class='ocrx_word' id='word_1_387' title='bbox 1119 3831 1312 3909; x_wconf 88' lang='lat' dir='ltr'><strong>peccatum,</strong></span> <span class='ocrx_word' id='word_1_388' title='bbox 1363 3838 1454 3911; x_wconf 84' lang='lat' dir='ltr'><strong>quae</strong></span> <span class='ocrx_word' id='word_1_389' title='bbox 1469 3818 1660 3911; x_wconf 84' lang='lat' dir='ltr'><strong>explicatae</strong></span> <span class='ocrx_word' id='word_1_390' title='bbox 1675 3820 1828 3891; x_wconf 89' lang='lat' dir='ltr'><strong>multum</strong></span> <span class='ocrx_word' id='word_1_391' title='bbox 1849 3820 1940 3891; x_wconf 89' lang='lat' dir='ltr'><strong>lucis</strong></span> <span class='ocrx_word' id='word_1_392' title='bbox 1962 3825 2101 3895; x_wconf 89' lang='lat' dir='ltr'><strong>addunt</strong></span> <span class='ocrx_word' id='word_1_393' title='bbox 2125 3818 2209 3896; x_wconf 91' lang='lat' dir='ltr'><strong>huic</strong></span> <span class='ocrx_word' id='word_1_394' title='bbox 2227 3824 2352 3916; x_wconf 89' lang='lat' dir='ltr'><strong>dispu-</strong></span> 
     </span>
     <span class='ocr_line' id='line_1_32' title="bbox 324 3916 2352 4015; baseline 0.005 -26"><span class='ocrx_word' id='word_1_395' title='bbox 324 3948 413 4015; x_wconf 80' lang='lat' dir='ltr'><strong>qnae</strong></span> <span class='ocrx_word' id='word_1_396' title='bbox 429 3918 488 3993; x_wconf 86' lang='lat' dir='ltr'><strong>hic</strong></span> <span class='ocrx_word' id='word_1_397' title='bbox 503 3923 622 3992; x_wconf 86' lang='lat' dir='ltr'><strong>animo</strong></span> <span class='ocrx_word' id='word_1_398' title='bbox 637 3921 808 3993; x_wconf 88' lang='lat' dir='ltr'><strong>intuenda</strong></span> <span class='ocrx_word' id='word_1_399' title='bbox 824 3935 917 3994; x_wconf 86' lang='lat' dir='ltr'><strong>sunt·</strong></span> <span class='ocrx_word' id='word_1_400' title='bbox 968 3916 1015 3991; x_wconf 80' lang='lat' dir='ltr'><strong>Et</strong></span> <span class='ocrx_word' id='word_1_401' title='bbox 1038 3941 1137 3991; x_wconf 87' lang='lat' dir='ltr'><strong>suam</strong></span> <span class='ocrx_word' id='word_1_402' title='bbox 1160 3919 1312 4013; x_wconf 87' lang='lat' dir='ltr'><strong>quisque</strong></span> <span class='ocrx_word' id='word_1_403' title='bbox 1363 3918 1512 4003; x_wconf 85' lang='lat' dir='ltr'><strong>lationi,</strong></span> <span class='ocrx_word' id='word_1_404' title='bbox 1541 3934 1576 3992; x_wconf 92' lang='grc' dir='ltr'><strong>ει</strong></span> <span class='ocrx_word' id='word_1_405' title='bbox 1598 3921 1779 3993; x_wconf 84' lang='lat' dir='ltr'><strong>interdum</strong></span> <span class='ocrx_word' id='word_1_406' title='bbox 1799 3935 1961 3996; x_wconf 71' lang='lat' dir='ltr'><strong>meroeut</strong></span> <span class='ocrx_word' id='word_1_407' title='bbox 1988 3939 2142 4009; x_wconf 81' lang='lat' dir='ltr'><strong>argutus.</strong></span> <span class='ocrx_word' id='word_1_408' title='bbox 2208 3924 2352 3999; x_wconf 78' lang='lat' dir='ltr'><strong>lustitia</strong></span> 
     </span>
     <span class='ocr_line' id='line_1_33' title="bbox 324 4020 2351 4120; baseline 0.003 -26"><span class='ocrx_word' id='word_1_409' title='bbox 324 4026 575 4097; x_wconf 86' lang='lat' dir='ltr'><strong>conscientiam</strong></span> <span class='ocrx_word' id='word_1_410' title='bbox 592 4024 773 4107; x_wconf 84' lang='lat' dir='ltr'><strong>consulat,</strong></span> <span class='ocrx_word' id='word_1_411' title='bbox 802 4038 924 4093; x_wconf 80' lang='lat' dir='ltr'><strong>utrum</strong></span> <span class='ocrx_word' id='word_1_412' title='bbox 942 4022 1042 4094; x_wconf 89' lang='lat' dir='ltr'><strong>malit</strong></span> <span class='ocrx_word' id='word_1_413' title='bbox 1057 4022 1185 4093; x_wconf 88' lang='lat' dir='ltr'><strong>donari</strong></span> <span class='ocrx_word' id='word_1_414' title='bbox 1200 4021 1310 4093; x_wconf 76' lang='lat' dir='ltr'><strong>sitam</strong></span> <span class='ocrx_word' id='word_1_415' title='bbox 1362 4034 1415 4092; x_wconf 89' lang='lat' dir='ltr'><strong>est</strong></span> <span class='ocrx_word' id='word_1_416' title='bbox 1430 4020 1634 4094; x_wconf 81' lang='lat' dir='ltr'><strong>obedientia</strong></span> <span class='ocrx_word' id='word_1_417' title='bbox 1650 4046 1731 4115; x_wconf 88' lang='lat' dir='ltr'><strong>arga</strong></span> <span class='ocrx_word' id='word_1_418' title='bbox 1747 4036 1855 4095; x_wconf 85' lang='lat' dir='ltr'><strong>totam</strong></span> <span class='ocrx_word' id='word_1_419' title='bbox 1871 4024 2001 4115; x_wconf 81' lang='lat' dir='ltr'><strong>legem:</strong></span> <span class='ocrx_word' id='word_1_420' title='bbox 2028 4022 2130 4096; x_wconf 86' lang='lat' dir='ltr'><strong>Boua</strong></span> <span class='ocrx_word' id='word_1_421' title='bbox 2144 4050 2251 4120; x_wconf 85' lang='lat' dir='ltr'><strong>opera</strong></span> <span class='ocrx_word' id='word_1_422' title='bbox 2268 4044 2351 4103; x_wconf 86' lang='lat' dir='ltr'><strong>aunt</strong></span> 
     </span>
     <span class='ocr_line' id='line_1_34' title="bbox 325 4122 2351 4223; baseline 0.005 -30"><span class='ocrx_word' id='word_1_423' title='bbox 325 4142 503 4201; x_wconf 84' lang='lat' dir='ltr'><strong>aeternam</strong></span> <span class='ocrx_word' id='word_1_424' title='bbox 531 4140 677 4218; x_wconf 88' lang='lat' dir='ltr'><strong>propter</strong></span> <span class='ocrx_word' id='word_1_425' title='bbox 700 4122 904 4210; x_wconf 82' lang='lat' dir='ltr'><strong>Christum,</strong></span> <span class='ocrx_word' id='word_1_426' title='bbox 942 4148 990 4194; x_wconf 91' lang='lat' dir='ltr'><strong>an</strong></span> <span class='ocrx_word' id='word_1_427' title='bbox 1015 4146 1101 4194; x_wconf 82' lang='lat' dir='ltr'><strong>vcro</strong></span> <span class='ocrx_word' id='word_1_428' title='bbox 1124 4124 1215 4195; x_wconf 83' lang='lat' dir='ltr'><strong>solvi</strong></span> <span class='ocrx_word' id='word_1_429' title='bbox 1243 4146 1310 4219; x_wconf 93' lang='lat' dir='ltr'><strong>pro</strong></span> <span class='ocrx_word' id='word_1_430' title='bbox 1361 4123 1566 4195; x_wconf 87' lang='lat' dir='ltr'><strong>obedientia</strong></span> <span class='ocrx_word' id='word_1_431' title='bbox 1585 4148 1666 4216; x_wconf 89' lang='lat' dir='ltr'><strong>erga</strong></span> <span class='ocrx_word' id='word_1_432' title='bbox 1688 4138 1800 4199; x_wconf 91' lang='lat' dir='ltr'><strong>totam</strong></span> <span class='ocrx_word' id='word_1_433' title='bbox 1824 4126 1957 4218; x_wconf 87' lang='lat' dir='ltr'><strong>legem,</strong></span> <span class='ocrx_word' id='word_1_434' title='bbox 1989 4122 2085 4219; x_wconf 80' lang='lat' dir='ltr'><strong>Ergo</strong></span> <span class='ocrx_word' id='word_1_435' title='bbox 2109 4130 2351 4223; x_wconf 86' lang='lat' dir='ltr'><strong>honisoperi·</strong></span> 
     </span>
     <span class='ocr_line' id='line_1_35' title="bbox 324 4225 2350 4322; baseline 0.005 -26"><span class='ocrx_word' id='word_1_436' title='bbox 324 4230 472 4304; x_wconf 87' lang='lat' dir='ltr'><strong>meritis.</strong></span> <span class='ocrx_word' id='word_1_437' title='bbox 522 4227 733 4317; x_wconf 86' lang='lat' dir='ltr'><strong>Languescit</strong></span> <span class='ocrx_word' id='word_1_438' title='bbox 754 4230 911 4301; x_wconf 88' lang='lat' dir='ltr'><strong>studium</strong></span> <span class='ocrx_word' id='word_1_439' title='bbox 935 4242 1032 4298; x_wconf 89' lang='lat' dir='ltr'><strong>recte</strong></span> <span class='ocrx_word' id='word_1_440' title='bbox 1053 4226 1224 4314; x_wconf 75' lang='lat' dir='ltr'><strong>faciendi,</strong></span> <span class='ocrx_word' id='word_1_441' title='bbox 1251 4226 1309 4295; x_wconf 89' lang='lat' dir='ltr'><strong>in·</strong></span> <span class='ocrx_word' id='word_1_442' title='bbox 1362 4225 1687 4300; x_wconf 81' lang='lat' dir='ltr'><strong>basiustihcamur.</strong></span> <span class='ocrx_word' id='word_1_443' title='bbox 1736 4225 1971 4321; x_wconf 83' lang='lat' dir='ltr'><strong>Respondeo:</strong></span> <span class='ocrx_word' id='word_1_444' title='bbox 2003 4226 2167 4305; x_wconf 86' lang='lat' dir='ltr'><strong>Primum</strong></span> <span class='ocrx_word' id='word_1_445' title='bbox 2189 4232 2350 4322; x_wconf 79' lang='lat' dir='ltr'><strong>neganda</strong></span> 
     </span>
     <span class='ocr_line' id='line_1_36' title="bbox 322 4324 2434 4426; baseline 0.001 -24"><span class='ocrx_word' id='word_1_446' title='bbox 322 4332 439 4423; x_wconf 87' lang='lat' dir='ltr'><strong>quies,</strong></span> <span class='ocrx_word' id='word_1_447' title='bbox 471 4332 501 4402; x_wconf 90' lang='lat' dir='ltr'><strong>si</strong></span> <span class='ocrx_word' id='word_1_448' title='bbox 522 4332 631 4421; x_wconf 89' lang='lat' dir='ltr'><strong>gratis</strong></span> <span class='ocrx_word' id='word_1_449' title='bbox 646 4332 775 4401; x_wconf 91' lang='lat' dir='ltr'><strong>donari</strong></span> <span class='ocrx_word' id='word_1_450' title='bbox 793 4330 865 4402; x_wconf 86' lang='lat' dir='ltr'><strong>vita</strong></span> <span class='ocrx_word' id='word_1_451' title='bbox 881 4344 1022 4401; x_wconf 88' lang='lat' dir='ltr'><strong>aeterna</strong></span> <span class='ocrx_word' id='word_1_452' title='bbox 1036 4329 1179 4400; x_wconf 90' lang='lat' dir='ltr'><strong>dicitur.</strong></span> <span class='ocrx_word' id='word_1_453' title='bbox 1231 4324 1309 4398; x_wconf 93' lang='lat' dir='ltr'><strong>Irno</strong></span> <span class='ocrx_word' id='word_1_454' title='bbox 1361 4341 1414 4398; x_wconf 88' lang='lat' dir='ltr'><strong>est</strong></span> <span class='ocrx_word' id='word_1_455' title='bbox 1432 4328 1565 4405; x_wconf 89' lang='lat' dir='ltr'><strong>minor.</strong></span> <span class='ocrx_word' id='word_1_456' title='bbox 1630 4328 1721 4401; x_wconf 77' lang='lat' dir='ltr'><strong>Nam</strong></span> <span class='ocrx_word' id='word_1_457' title='bbox 1745 4332 1839 4403; x_wconf 86' lang='lat' dir='ltr'><strong>bona</strong></span> <span class='ocrx_word' id='word_1_458' title='bbox 1860 4356 1968 4425; x_wconf 92' lang='lat' dir='ltr'><strong>opera</strong></span> <span class='ocrx_word' id='word_1_459' title='bbox 1990 4356 2064 4403; x_wconf 91' lang='lat' dir='ltr'><strong>non</strong></span> <span class='ocrx_word' id='word_1_460' title='bbox 2091 4350 2175 4405; x_wconf 91' lang='lat' dir='ltr'><strong>sunt</strong></span> <span class='ocrx_word' id='word_1_461' title='bbox 2195 4334 2349 4426; x_wconf 81' lang='lat' dir='ltr'><strong>perlecta</strong></span> <span class='ocrx_word' id='word_1_462' title='bbox 2430 4418 2434 4425; x_wconf 23' lang='lat'>¹</span> 
     </span>
     <span class='ocr_line' id='line_1_37' title="bbox 321 4428 2349 4529; baseline 0.003 -30"><span class='ocrx_word' id='word_1_463' title='bbox 321 4434 520 4527; x_wconf 86' lang='lat' dir='ltr'><strong>desperatio</strong></span> <span class='ocrx_word' id='word_1_464' title='bbox 544 4434 654 4523; x_wconf 90' lang='lat' dir='ltr'><strong>magis</strong></span> <span class='ocrx_word' id='word_1_465' title='bbox 677 4434 838 4505; x_wconf 89' lang='lat' dir='ltr'><strong>debilitat</strong></span> <span class='ocrx_word' id='word_1_466' title='bbox 862 4433 1019 4504; x_wconf 89' lang='lat' dir='ltr'><strong>studium</strong></span> <span class='ocrx_word' id='word_1_467' title='bbox 1035 4444 1131 4502; x_wconf 88' lang='lat' dir='ltr'><strong>recte</strong></span> <span class='ocrx_word' id='word_1_468' title='bbox 1142 4428 1308 4503; x_wconf 81' lang='lat' dir='ltr'><strong>faciendi.</strong></span> <span class='ocrx_word' id='word_1_469' title='bbox 1361 4429 1565 4501; x_wconf 84' lang='lat' dir='ltr'><strong>ohedientia</strong></span> <span class='ocrx_word' id='word_1_470' title='bbox 1587 4454 1668 4522; x_wconf 88' lang='lat' dir='ltr'><strong>erga</strong></span> <span class='ocrx_word' id='word_1_471' title='bbox 1690 4434 1825 4521; x_wconf 86' lang='lat' dir='ltr'><strong>legem,</strong></span> <span class='ocrx_word' id='word_1_472' title='bbox 1855 4435 1940 4529; x_wconf 88' lang='lat' dir='ltr'><strong>quia</strong></span> <span class='ocrx_word' id='word_1_473' title='bbox 1962 4448 2089 4507; x_wconf 87' lang='lat' dir='ltr'><strong>natura</strong></span> <span class='ocrx_word' id='word_1_474' title='bbox 2113 4430 2267 4506; x_wconf 88' lang='lat' dir='ltr'><strong>humana</strong></span> <span class='ocrx_word' id='word_1_475' title='bbox 2291 4458 2349 4505; x_wconf 88' lang='lat' dir='ltr'><strong>re·</strong></span> 
     </span>
     <span class='ocr_line' id='line_1_38' title="bbox 321 4530 2349 4635; baseline 0.002 -32"><span class='ocrx_word' id='word_1_476' title='bbox 321 4530 468 4607; x_wconf 82' lang='lat' dir='ltr'><strong>Necesse</strong></span> <span class='ocrx_word' id='word_1_477' title='bbox 490 4547 542 4608; x_wconf 91' lang='lat' dir='ltr'><strong>est</strong></span> <span class='ocrx_word' id='word_1_478' title='bbox 562 4536 657 4605; x_wconf 90' lang='lat' dir='ltr'><strong>enim</strong></span> <span class='ocrx_word' id='word_1_479' title='bbox 680 4538 960 4635; x_wconf 89' lang='lat' dir='ltr'><strong>desperareeos,</strong></span> <span class='ocrx_word' id='word_1_480' title='bbox 985 4534 1048 4628; x_wconf 89' lang='lat' dir='ltr'><strong>qui</strong></span> <span class='ocrx_word' id='word_1_481' title='bbox 1067 4533 1309 4623; x_wconf 86' lang='lat' dir='ltr'><strong>imaginantur</strong></span> <span class='ocrx_word' id='word_1_482' title='bbox 1360 4545 1496 4624; x_wconf 73' lang='lat' dir='ltr'><strong>pugnat</strong></span> <span class='ocrx_word' id='word_1_483' title='bbox 1510 4532 1578 4623; x_wconf 86' lang='lat' dir='ltr'><strong>legi</strong></span> <span class='ocrx_word' id='word_1_484' title='bbox 1593 4532 1671 4609; x_wconf 85' lang='lat' dir='ltr'><strong>Dei.</strong></span> <span class='ocrx_word' id='word_1_485' title='bbox 1721 4532 1863 4606; x_wconf 90' lang='lat' dir='ltr'><strong>Deinde</strong></span> <span class='ocrx_word' id='word_1_486' title='bbox 1882 4537 1925 4605; x_wconf 90' lang='lat' dir='ltr'><strong>ad</strong></span> <span class='ocrx_word' id='word_1_487' title='bbox 1945 4536 2114 4606; x_wconf 90' lang='lat' dir='ltr'><strong>maiorem</strong></span> <span class='ocrx_word' id='word_1_488' title='bbox 2131 4538 2349 4629; x_wconf 86' lang='lat' dir='ltr'><strong>respondeus</strong></span> 
     </span>
     <span class='ocr_line' id='line_1_39' title="bbox 323 4632 2347 4728; baseline -0 -19"><span class='ocrx_word' id='word_1_489' title='bbox 323 4658 383 4725; x_wconf 86' lang='lat' dir='ltr'><strong>pro</strong></span> <span class='ocrx_word' id='word_1_490' title='bbox 405 4638 544 4709; x_wconf 90' lang='lat' dir='ltr'><strong>meritis</strong></span> <span class='ocrx_word' id='word_1_491' title='bbox 566 4638 644 4707; x_wconf 88' lang='lat' dir='ltr'><strong>dari</strong></span> <span class='ocrx_word' id='word_1_492' title='bbox 666 4638 774 4708; x_wconf 84' lang='lat' dir='ltr'><strong>vitam</strong></span> <span class='ocrx_word' id='word_1_493' title='bbox 796 4650 988 4709; x_wconf 86' lang='lat' dir='ltr'><strong>aeternam.</strong></span> <span class='ocrx_word' id='word_1_494' title='bbox 1046 4635 1087 4708; x_wconf 90' lang='lat' dir='ltr'><strong>ld</strong></span> <span class='ocrx_word' id='word_1_495' title='bbox 1110 4634 1307 4727; x_wconf 89' lang='lat' dir='ltr'><strong>periculum</strong></span> <span class='ocrx_word' id='word_1_496' title='bbox 1343 4632 1482 4705; x_wconf 85' lang='lat' dir='ltr'><strong>‘Maior</strong></span> <span class='ocrx_word' id='word_1_497' title='bbox 1503 4647 1555 4706; x_wconf 93' lang='lat' dir='ltr'><strong>est</strong></span> <span class='ocrx_word' id='word_1_498' title='bbox 1576 4658 1676 4726; x_wconf 85' lang='lat' dir='ltr'><strong>vera,</strong></span> <span class='ocrx_word' id='word_1_499' title='bbox 1702 4636 1748 4706; x_wconf 91' lang='lat' dir='ltr'><strong>de</strong></span> <span class='ocrx_word' id='word_1_500' title='bbox 1769 4636 1907 4709; x_wconf 87' lang='lat' dir='ltr'><strong>iusticia</strong></span> <span class='ocrx_word' id='word_1_501' title='bbox 1930 4636 2029 4728; x_wconf 84' lang='lat' dir='ltr'><strong>legis.</strong></span> <span class='ocrx_word' id='word_1_502' title='bbox 2093 4636 2185 4707; x_wconf 89' lang='lat' dir='ltr'><strong>Nam</strong></span> <span class='ocrx_word' id='word_1_503' title='bbox 2208 4636 2347 4709; x_wconf 86' lang='lat' dir='ltr'><strong>iusticia</strong></span> 
     </span>
     <span class='ocr_line' id='line_1_40' title="bbox 325 4734 2347 4833; baseline 0.003 -28"><span class='ocrx_word' id='word_1_504' title='bbox 325 4754 353 4809; x_wconf 81' lang='lat' dir='ltr'><strong>et</strong></span> <span class='ocrx_word' id='word_1_505' title='bbox 367 4738 616 4833; x_wconf 89' lang='lat' dir='ltr'><strong>prudentiores</strong></span> <span class='ocrx_word' id='word_1_506' title='bbox 632 4752 747 4831; x_wconf 91' lang='lat' dir='ltr'><strong>patres</strong></span> <span class='ocrx_word' id='word_1_507' title='bbox 764 4742 944 4813; x_wconf 86' lang='lat' dir='ltr'><strong>viderunt.</strong></span> <span class='ocrx_word' id='word_1_508' title='bbox 995 4735 1082 4809; x_wconf 91' lang='lat' dir='ltr'><strong>ldeo</strong></span> <span class='ocrx_word' id='word_1_509' title='bbox 1099 4738 1230 4808; x_wconf 90' lang='lat' dir='ltr'><strong>diserte</strong></span> <span class='ocrx_word' id='word_1_510' title='bbox 1249 4736 1307 4806; x_wconf 92' lang='lat' dir='ltr'><strong>di·</strong></span> <span class='ocrx_word' id='word_1_511' title='bbox 1358 4734 1447 4827; x_wconf 86' lang='lat' dir='ltr'><strong>legis</strong></span> <span class='ocrx_word' id='word_1_512' title='bbox 1469 4749 1521 4809; x_wconf 89' lang='grc' dir='ltr'><strong>εει</strong></span> <span class='ocrx_word' id='word_1_513' title='bbox 1536 4737 1739 4809; x_wconf 88' lang='lat' dir='ltr'><strong>obedientia</strong></span> <span class='ocrx_word' id='word_1_514' title='bbox 1762 4760 1842 4829; x_wconf 83' lang='lat' dir='ltr'><strong>erga</strong></span> <span class='ocrx_word' id='word_1_515' title='bbox 1865 4752 1975 4810; x_wconf 90' lang='lat' dir='ltr'><strong>totam</strong></span> <span class='ocrx_word' id='word_1_516' title='bbox 1999 4738 2123 4829; x_wconf 86' lang='lat' dir='ltr'><strong>legem.</strong></span> <span class='ocrx_word' id='word_1_517' title='bbox 2174 4738 2244 4811; x_wconf 87' lang='lat' dir='ltr'><strong>Sed</strong></span> <span class='ocrx_word' id='word_1_518' title='bbox 2263 4740 2347 4831; x_wconf 82' lang='lat' dir='ltr'><strong>quia</strong></span> 
     </span>
     <span class='ocr_line' id='line_1_41' title="bbox 324 4832 2347 4933; baseline 0.003 -24"><span class='ocrx_word' id='word_1_519' title='bbox 324 4859 403 4915; x_wconf 90' lang='lat' dir='ltr'><strong>cont</strong></span> <span class='ocrx_word' id='word_1_520' title='bbox 426 4844 649 4933; x_wconf 80' lang='lat' dir='ltr'><strong>Augustinus</strong></span> <span class='ocrx_word' id='word_1_521' title='bbox 670 4855 706 4912; x_wconf 94' lang='lat' dir='ltr'><strong>et</strong></span> <span class='ocrx_word' id='word_1_522' title='bbox 730 4836 978 4913; x_wconf 86' lang='lat' dir='ltr'><strong>Bernhardns:</strong></span> <span class='ocrx_word' id='word_1_523' title='bbox 1018 4836 1141 4911; x_wconf 87' lang='lat' dir='ltr'><strong>Gratis</strong></span> <span class='ocrx_word' id='word_1_524' title='bbox 1162 4851 1308 4931; x_wconf 90' lang='lat' dir='ltr'><strong>propter</strong></span> <span class='ocrx_word' id='word_1_525' title='bbox 1359 4832 1453 4909; x_wconf 90' lang='lat' dir='ltr'><strong>hanc</strong></span> <span class='ocrx_word' id='word_1_526' title='bbox 1483 4860 1558 4910; x_wconf 91' lang='lat' dir='ltr'><strong>non</strong></span> <span class='ocrx_word' id='word_1_527' title='bbox 1594 4854 1832 4933; x_wconf 88' lang='lat' dir='ltr'><strong>praestamus,</strong></span> <span class='ocrx_word' id='word_1_528' title='bbox 1863 4840 1944 4911; x_wconf 91' lang='lat' dir='ltr'><strong>ideo</strong></span> <span class='ocrx_word' id='word_1_529' title='bbox 1970 4837 2206 4929; x_wconf 77' lang='lat' dir='ltr'><strong>Evangelium</strong></span> <span class='ocrx_word' id='word_1_530' title='bbox 2242 4840 2347 4915; x_wconf 80' lang='lat' dir='ltr'><strong>offert</strong></span> 
     </span>
     <span class='ocr_line' id='line_1_42' title="bbox 321 4938 2390 5037; baseline -0.002 -22"><span class='ocrx_word' id='word_1_531' title='bbox 321 4940 499 5019; x_wconf 80' lang='lat' dir='ltr'><strong>Christum</strong></span> <span class='ocrx_word' id='word_1_532' title='bbox 517 4945 595 5014; x_wconf 88' lang='lat' dir='ltr'><strong>dari</strong></span> <span class='ocrx_word' id='word_1_533' title='bbox 614 4943 722 5013; x_wconf 85' lang='lat' dir='ltr'><strong>vitam</strong></span> <span class='ocrx_word' id='word_1_534' title='bbox 738 4957 916 5014; x_wconf 87' lang='lat' dir='ltr'><strong>aeternam</strong></span> <span class='ocrx_word' id='word_1_535' title='bbox 932 4943 1101 5015; x_wconf 89' lang='lat' dir='ltr'><strong>credenti.</strong></span> <span class='ocrx_word' id='word_1_536' title='bbox 1152 4940 1256 5013; x_wconf 83' lang='lat' dir='ltr'><strong>Sicut</strong></span> <span class='ocrx_word' id='word_1_537' title='bbox 1272 4953 1306 5011; x_wconf 89' lang='lat' dir='ltr'><strong>et</strong></span> <span class='ocrx_word' id='word_1_538' title='bbox 1356 4938 1546 5029; x_wconf 82' lang='lat' dir='ltr'><strong>gratuitam</strong></span> <span class='ocrx_word' id='word_1_539' title='bbox 1562 4941 1835 5033; x_wconf 89' lang='lat' dir='ltr'><strong>imputationem</strong></span> <span class='ocrx_word' id='word_1_540' title='bbox 1855 4941 2033 5027; x_wconf 80' lang='lat' dir='ltr'><strong>iustitiae,</strong></span> <span class='ocrx_word' id='word_1_541' title='bbox 2059 4942 2149 5012; x_wconf 91' lang='lat' dir='ltr'><strong>sicut</strong></span> <span class='ocrx_word' id='word_1_542' title='bbox 2164 4954 2199 5011; x_wconf 86' lang='lat' dir='ltr'><strong>et</strong></span> <span class='ocrx_word' id='word_1_543' title='bbox 2214 4938 2347 5012; x_wconf 84' lang='lat' dir='ltr'><strong>Paulus</strong></span> <span class='ocrx_word' id='word_1_544' title='bbox 2385 5024 2390 5037; x_wconf 48' lang='lat'>‚</span> 
     </span>
     <span class='ocr_line' id='line_1_43' title="bbox 323 5039 2346 5141; baseline -0.001 -26"><span class='ocrx_word' id='word_1_545' title='bbox 323 5040 449 5119; x_wconf 78' lang='lat' dir='ltr'><strong>Paulus</strong></span> <span class='ocrx_word' id='word_1_546' title='bbox 472 5048 610 5141; x_wconf 85' lang='lat' dir='ltr'><strong>inquit:</strong></span> <span class='ocrx_word' id='word_1_547' title='bbox 642 5041 789 5116; x_wconf 88' lang='lat' dir='ltr'><strong>Donum</strong></span> <span class='ocrx_word' id='word_1_548' title='bbox 812 5043 879 5116; x_wconf 87' lang='lat' dir='ltr'><strong>Dei</strong></span> <span class='ocrx_word' id='word_1_549' title='bbox 905 5059 958 5118; x_wconf 90' lang='lat' dir='ltr'><strong>est</strong></span> <span class='ocrx_word' id='word_1_550' title='bbox 984 5047 1057 5116; x_wconf 81' lang='lat' dir='ltr'><strong>vita</strong></span> <span class='ocrx_word' id='word_1_551' title='bbox 1079 5056 1221 5116; x_wconf 87' lang='lat' dir='ltr'><strong>aeterna</strong></span> <span class='ocrx_word' id='word_1_552' title='bbox 1242 5064 1308 5135; x_wconf 87' lang='lat' dir='ltr'><strong>per</strong></span> <span class='ocrx_word' id='word_1_553' title='bbox 1358 5043 1525 5113; x_wconf 87' lang='lat' dir='ltr'><strong>admonet</strong></span> <span class='ocrx_word' id='word_1_554' title='bbox 1547 5066 1613 5115; x_wconf 93' lang='lat' dir='ltr'><strong>nos</strong></span> <span class='ocrx_word' id='word_1_555' title='bbox 1642 5044 1686 5113; x_wconf 91' lang='lat' dir='ltr'><strong>de</strong></span> <span class='ocrx_word' id='word_1_556' title='bbox 1709 5043 1820 5114; x_wconf 82' lang='lat' dir='ltr'><strong>aerbo</strong></span> <span class='ocrx_word' id='word_1_557' title='bbox 1841 5042 2097 5137; x_wconf 89' lang='lat' dir='ltr'><strong>imputationis.</strong></span> <span class='ocrx_word' id='word_1_558' title='bbox 2156 5039 2253 5113; x_wconf 85' lang='lat' dir='ltr'><strong>Haec</strong></span> <span class='ocrx_word' id='word_1_559' title='bbox 2280 5046 2346 5113; x_wconf 88' lang='lat' dir='ltr'><strong>ob-</strong></span> 
     </span>
     <span class='ocr_line' id='line_1_44' title="bbox 323 5143 2347 5231; baseline -0.002 -12"><span class='ocrx_word' id='word_1_560' title='bbox 323 5146 497 5223; x_wconf 84' lang='lat' dir='ltr'><strong>Christum</strong></span> <span class='ocrx_word' id='word_1_561' title='bbox 519 5149 631 5219; x_wconf 88' lang='lat' dir='ltr'><strong>lesum</strong></span> <span class='ocrx_word' id='word_1_562' title='bbox 647 5145 843 5219; x_wconf 86' lang='lat' dir='ltr'><strong>Dominum</strong></span> <span class='ocrx_word' id='word_1_563' title='bbox 861 5163 1033 5219; x_wconf 89' lang='lat' dir='ltr'><strong>nostrum.</strong></span> <span class='ocrx_word' id='word_1_564' title='bbox 1085 5144 1225 5217; x_wconf 90' lang='lat' dir='ltr'><strong>Necest</strong></span> <span class='ocrx_word' id='word_1_565' title='bbox 1247 5144 1305 5215; x_wconf 91' lang='lat' dir='ltr'><strong>in·</strong></span> <span class='ocrx_word' id='word_1_566' title='bbox 1357 5143 1462 5216; x_wconf 85' lang='lat' dir='ltr'><strong>lectio</strong></span> <span class='ocrx_word' id='word_1_567' title='bbox 1478 5146 1672 5217; x_wconf 87' lang='lat' dir='ltr'><strong>admodum</strong></span> <span class='ocrx_word' id='word_1_568' title='bbox 1688 5144 1787 5216; x_wconf 93' lang='lat' dir='ltr'><strong>utilis</strong></span> <span class='ocrx_word' id='word_1_569' title='bbox 1809 5158 1879 5231; x_wconf 88' lang='lat' dir='ltr'><strong>est,</strong></span> <span class='ocrx_word' id='word_1_570' title='bbox 1903 5158 2077 5217; x_wconf 91' lang='lat' dir='ltr'><strong>monstrat</strong></span> <span class='ocrx_word' id='word_1_571' title='bbox 2098 5143 2194 5217; x_wconf 89' lang='lat' dir='ltr'><strong>enim</strong></span> <span class='ocrx_word' id='word_1_572' title='bbox 2220 5145 2347 5214; x_wconf 85' lang='lat' dir='ltr'><strong>discri-</strong></span> 
     </span>
     <span class='ocr_line' id='line_1_45' title="bbox 324 5240 2345 5343; baseline -0.003 -22"><span class='ocrx_word' id='word_1_573' title='bbox 324 5268 454 5325; x_wconf 90' lang='lat' dir='ltr'><strong>certum</strong></span> <span class='ocrx_word' id='word_1_574' title='bbox 476 5254 624 5325; x_wconf 90' lang='lat' dir='ltr'><strong>donum.</strong></span> <span class='ocrx_word' id='word_1_575' title='bbox 684 5247 755 5322; x_wconf 87' lang='lat' dir='ltr'><strong>Sed</strong></span> <span class='ocrx_word' id='word_1_576' title='bbox 777 5250 877 5323; x_wconf 91' lang='lat' dir='ltr'><strong>Deus</strong></span> <span class='ocrx_word' id='word_1_577' title='bbox 904 5248 1091 5343; x_wconf 86' lang='lat' dir='ltr'><strong>praecipit,</strong></span> <span class='ocrx_word' id='word_1_578' title='bbox 1116 5260 1158 5319; x_wconf 90' lang='lat' dir='ltr'><strong>ut</strong></span> <span class='ocrx_word' id='word_1_579' title='bbox 1183 5248 1304 5317; x_wconf 89' lang='lat' dir='ltr'><strong>creda·</strong></span> <span class='ocrx_word' id='word_1_580' title='bbox 1358 5268 1439 5315; x_wconf 90' lang='lat' dir='ltr'><strong>men</strong></span> <span class='ocrx_word' id='word_1_581' title='bbox 1465 5245 1624 5319; x_wconf 83' lang='lat' dir='ltr'><strong>iusticias</strong></span> <span class='ocrx_word' id='word_1_582' title='bbox 1649 5246 1738 5337; x_wconf 87' lang='lat' dir='ltr'><strong>legis</strong></span> <span class='ocrx_word' id='word_1_583' title='bbox 1760 5260 1796 5318; x_wconf 88' lang='grc' dir='ltr'><strong>ει</strong></span> <span class='ocrx_word' id='word_1_584' title='bbox 1813 5244 2014 5336; x_wconf 85' lang='lat' dir='ltr'><strong>Evangelii.</strong></span> <span class='ocrx_word' id='word_1_585' title='bbox 2065 5240 2236 5319; x_wconf 88' lang='lat' dir='ltr'><strong>Ostendit</strong></span> <span class='ocrx_word' id='word_1_586' title='bbox 2257 5247 2345 5317; x_wconf 88' lang='lat' dir='ltr'><strong>alibi</strong></span> 
     </span>
     <span class='ocr_line' id='line_1_46' title="bbox 327 5346 2346 5444; baseline 0 -23"><span class='ocrx_word' id='word_1_587' title='bbox 327 5376 398 5425; x_wconf 87' lang='lat' dir='ltr'><strong>mus</strong></span> <span class='ocrx_word' id='word_1_588' title='bbox 411 5379 476 5425; x_wconf 88' lang='lat' dir='ltr'><strong>nos</strong></span> <span class='ocrx_word' id='word_1_589' title='bbox 492 5368 589 5424; x_wconf 91' lang='lat' dir='ltr'><strong>certo</strong></span> <span class='ocrx_word' id='word_1_590' title='bbox 602 5352 1011 5444; x_wconf 82' lang='lat' dir='ltr'><strong>accepturosessevitam</strong></span> <span class='ocrx_word' id='word_1_591' title='bbox 1025 5363 1203 5419; x_wconf 83' lang='lat' dir='ltr'><strong>aeternam</strong></span> <span class='ocrx_word' id='word_1_592' title='bbox 1221 5371 1304 5439; x_wconf 90' lang='lat' dir='ltr'><strong>pro·</strong></span> <span class='ocrx_word' id='word_1_593' title='bbox 1356 5347 1461 5417; x_wconf 85' lang='lat' dir='ltr'><strong>aliter</strong></span> <span class='ocrx_word' id='word_1_594' title='bbox 1481 5348 1649 5442; x_wconf 86' lang='lat' dir='ltr'><strong>usurpari</strong></span> <span class='ocrx_word' id='word_1_595' title='bbox 1670 5348 1883 5421; x_wconf 84' lang='lat' dir='ltr'><strong>vocabulum</strong></span> <span class='ocrx_word' id='word_1_596' title='bbox 1907 5348 2077 5421; x_wconf 89' lang='lat' dir='ltr'><strong>iusticiae.</strong></span> <span class='ocrx_word' id='word_1_597' title='bbox 2153 5346 2193 5419; x_wconf 82' lang='lat' dir='ltr'><strong>td</strong></span> <span class='ocrx_word' id='word_1_598' title='bbox 2220 5348 2346 5421; x_wconf 80' lang='lat' dir='ltr'><strong>ieiellit</strong></span> 
     </span>
     <span class='ocr_line' id='line_1_47' title="bbox 328 5446 2345 5545; baseline -0.002 -20"><span class='ocrx_word' id='word_1_599' title='bbox 328 5472 398 5545; x_wconf 90' lang='lat' dir='ltr'><strong>pter</strong></span> <span class='ocrx_word' id='word_1_600' title='bbox 417 5454 620 5545; x_wconf 84' lang='lat' dir='ltr'><strong>Christum,</strong></span> <span class='ocrx_word' id='word_1_601' title='bbox 651 5456 750 5526; x_wconf 81' lang='lat' dir='ltr'><strong>iusta</strong></span> <span class='ocrx_word' id='word_1_602' title='bbox 771 5456 863 5526; x_wconf 91' lang='lat' dir='ltr'><strong>illud</strong></span> <span class='ocrx_word' id='word_1_603' title='bbox 884 5451 1031 5524; x_wconf 89' lang='lat' dir='ltr'><strong>loannis</strong></span> <span class='ocrx_word' id='word_1_604' title='bbox 1047 5452 1101 5526; x_wconf 85' lang='lat'><strong>6.:</strong></span> <span class='ocrx_word' id='word_1_605' title='bbox 1134 5448 1232 5520; x_wconf 84' lang='lat' dir='ltr'><strong>Haec</strong></span> <span class='ocrx_word' id='word_1_606' title='bbox 1250 5462 1303 5521; x_wconf 89' lang='lat' dir='ltr'><strong>est</strong></span> <span class='ocrx_word' id='word_1_607' title='bbox 1354 5446 1636 5521; x_wconf 82' lang='lat' dir='ltr'><strong>Sententiarius:</strong></span> <span class='ocrx_word' id='word_1_608' title='bbox 1677 5449 1741 5545; x_wconf 82' lang='lat' dir='ltr'><strong>qui</strong></span> <span class='ocrx_word' id='word_1_609' title='bbox 1768 5474 1849 5523; x_wconf 92' lang='lat' dir='ltr'><strong>cum</strong></span> <span class='ocrx_word' id='word_1_610' title='bbox 1880 5451 1919 5521; x_wconf 91' lang='lat' dir='ltr'><strong>in</strong></span> <span class='ocrx_word' id='word_1_611' title='bbox 1946 5449 2138 5523; x_wconf 81' lang='lat' dir='ltr'><strong>Aristotele</strong></span> <span class='ocrx_word' id='word_1_612' title='bbox 2168 5448 2345 5539; x_wconf 84' lang='lat' dir='ltr'><strong>legissent,</strong></span> 
     </span>
     <span class='ocr_line' id='line_1_48' title="bbox 330 5550 2346 5649; baseline -0.002 -25"><span class='ocrx_word' id='word_1_613' title='bbox 330 5561 483 5631; x_wconf 77' lang='lat' dir='ltr'><strong>voluntas</strong></span> <span class='ocrx_word' id='word_1_614' title='bbox 507 5557 634 5647; x_wconf 85' lang='lat' dir='ltr'><strong>patris,</strong></span> <span class='ocrx_word' id='word_1_615' title='bbox 673 5569 715 5643; x_wconf 81' lang='lat' dir='ltr'><strong>ut</strong></span> <span class='ocrx_word' id='word_1_616' title='bbox 736 5556 856 5627; x_wconf 90' lang='lat' dir='ltr'><strong>omnis</strong></span> <span class='ocrx_word' id='word_1_617' title='bbox 887 5557 949 5649; x_wconf 87' lang='lat' dir='ltr'><strong>qui</strong></span> <span class='ocrx_word' id='word_1_618' title='bbox 973 5555 1086 5625; x_wconf 91' lang='lat' dir='ltr'><strong>credit</strong></span> <span class='ocrx_word' id='word_1_619' title='bbox 1114 5554 1154 5622; x_wconf 91' lang='lat' dir='ltr'><strong>in</strong></span> <span class='ocrx_word' id='word_1_620' title='bbox 1177 5552 1303 5639; x_wconf 88' lang='lat' dir='ltr'><strong>lilium,</strong></span> <span class='ocrx_word' id='word_1_621' title='bbox 1354 5550 1531 5622; x_wconf 85' lang='lat' dir='ltr'><strong>iusticiam</strong></span> <span class='ocrx_word' id='word_1_622' title='bbox 1570 5552 1769 5640; x_wconf 81' lang='lat' dir='ltr'><strong>siguificare</strong></span> <span class='ocrx_word' id='word_1_623' title='bbox 1807 5552 2043 5625; x_wconf 84' lang='lat' dir='ltr'><strong>universalem</strong></span> <span class='ocrx_word' id='word_1_624' title='bbox 2086 5551 2346 5634; x_wconf 88' lang='lat' dir='ltr'><strong>obedientiam,</strong></span> 
     </span>
     <span class='ocr_line' id='line_1_49' title="bbox 334 5650 2344 5747; baseline -0.005 -14"><span class='ocrx_word' id='word_1_625' title='bbox 334 5656 444 5733; x_wconf 86' lang='lat' dir='ltr'><strong>habeat</strong></span> <span class='ocrx_word' id='word_1_626' title='bbox 459 5662 567 5730; x_wconf 79' lang='lat' dir='ltr'><strong>vitam</strong></span> <span class='ocrx_word' id='word_1_627' title='bbox 586 5672 781 5733; x_wconf 86' lang='lat' dir='ltr'><strong>aeternam.</strong></span> <span class='ocrx_word' id='word_1_628' title='bbox 832 5656 915 5727; x_wconf 78' lang='lat' dir='ltr'><strong>Non</strong></span> <span class='ocrx_word' id='word_1_629' title='bbox 935 5668 1054 5727; x_wconf 90' lang='lat' dir='ltr'><strong>autem</strong></span> <span class='ocrx_word' id='word_1_630' title='bbox 1076 5655 1193 5725; x_wconf 82' lang='lat' dir='ltr'><strong>existit</strong></span> <span class='ocrx_word' id='word_1_631' title='bbox 1216 5650 1303 5725; x_wconf 87' lang='lat' dir='ltr'><strong>haec</strong></span> <span class='ocrx_word' id='word_1_632' title='bbox 1353 5652 1578 5727; x_wconf 87' lang='lat' dir='ltr'><strong>somniarunt</strong></span> <span class='ocrx_word' id='word_1_633' title='bbox 1594 5654 1688 5724; x_wconf 86' lang='lat' dir='ltr'><strong>idem</strong></span> <span class='ocrx_word' id='word_1_634' title='bbox 1704 5654 1743 5723; x_wconf 90' lang='lat' dir='ltr'><strong>in</strong></span> <span class='ocrx_word' id='word_1_635' title='bbox 1757 5650 1946 5747; x_wconf 89' lang='lat' dir='ltr'><strong>Prophetis</strong></span> <span class='ocrx_word' id='word_1_636' title='bbox 1957 5668 1995 5725; x_wconf 91' lang='lat' dir='ltr'><strong>et</strong></span> <span class='ocrx_word' id='word_1_637' title='bbox 2009 5652 2192 5744; x_wconf 81' lang='lat' dir='ltr'><strong>Apostolis</strong></span> <span class='ocrx_word' id='word_1_638' title='bbox 2208 5651 2344 5745; x_wconf 85' lang='lat' dir='ltr'><strong>ubique</strong></span> 
     </span>
     <span class='ocr_line' id='line_1_50' title="bbox 335 5752 2342 5852; baseline -0.004 -19"><span class='ocrx_word' id='word_1_639' title='bbox 335 5765 403 5835; x_wconf 80' lang='lat' dir='ltr'><strong>ides</strong></span> <span class='ocrx_word' id='word_1_640' title='bbox 417 5761 750 5852; x_wconf 84' lang='lat' dir='ltr'><strong>sine-poenitentia,</strong></span> <span class='ocrx_word' id='word_1_641' title='bbox 775 5784 816 5831; x_wconf 93' lang='lat' dir='ltr'><strong>ac</strong></span> <span class='ocrx_word' id='word_1_642' title='bbox 835 5760 931 5843; x_wconf 76' lang='lat' dir='ltr'><strong>tides</strong></span> <span class='ocrx_word' id='word_1_643' title='bbox 946 5760 1108 5830; x_wconf 88' lang='lat' dir='ltr'><strong>intuetur</strong></span> <span class='ocrx_word' id='word_1_644' title='bbox 1123 5770 1302 5851; x_wconf 76' lang='lat' dir='ltr'><strong>utrunque</strong></span> <span class='ocrx_word' id='word_1_645' title='bbox 1354 5753 1557 5844; x_wconf 78' lang='lat' dir='ltr'><strong>significari.</strong></span> <span class='ocrx_word' id='word_1_646' title='bbox 1614 5752 1925 5851; x_wconf 87' lang='lat' dir='ltr'><strong>Psalmusinquit:</strong></span> <span class='ocrx_word' id='word_1_647' title='bbox 1959 5752 2101 5827; x_wconf 90' lang='lat' dir='ltr'><strong>lusticia</strong></span> <span class='ocrx_word' id='word_1_648' title='bbox 2122 5768 2182 5827; x_wconf 86' lang='lat' dir='ltr'><strong>tua</strong></span> <span class='ocrx_word' id='word_1_649' title='bbox 2205 5752 2342 5827; x_wconf 75' lang='lat' dir='ltr'><strong>exulu-</strong></span> 
     </span>
     <span class='ocr_line' id='line_1_51' title="bbox 338 5854 2344 5956; baseline -0.003 -21"><span class='ocrx_word' id='word_1_650' title='bbox 338 5890 457 5954; x_wconf 79' lang='lat' dir='ltr'><strong>aoccm,</strong></span> <span class='ocrx_word' id='word_1_651' title='bbox 481 5864 661 5937; x_wconf 81' lang='lat' dir='ltr'><strong>videlicet:</strong></span> <span class='ocrx_word' id='word_1_652' title='bbox 688 5860 782 5935; x_wconf 88' lang='lat' dir='ltr'><strong>Vivo</strong></span> <span class='ocrx_word' id='word_1_653' title='bbox 797 5885 881 5956; x_wconf 86' lang='lat' dir='ltr'><strong>ego,</strong></span> <span class='ocrx_word' id='word_1_654' title='bbox 904 5863 994 5934; x_wconf 88' lang='lat' dir='ltr'><strong>nolo</strong></span> <span class='ocrx_word' id='word_1_655' title='bbox 1009 5876 1158 5934; x_wconf 86' lang='lat' dir='ltr'><strong>mortem</strong></span> <span class='ocrx_word' id='word_1_656' title='bbox 1175 5882 1298 5953; x_wconf 90' lang='lat' dir='ltr'><strong>pecca·</strong></span> <span class='ocrx_word' id='word_1_657' title='bbox 1353 5856 1456 5931; x_wconf 92' lang='lat' dir='ltr'><strong>hunt.</strong></span> <span class='ocrx_word' id='word_1_658' title='bbox 1521 5855 1592 5929; x_wconf 87' lang='lat' dir='ltr'><strong>llic</strong></span> <span class='ocrx_word' id='word_1_659' title='bbox 1612 5880 1688 5931; x_wconf 87' lang='lat' dir='ltr'><strong>uon</strong></span> <span class='ocrx_word' id='word_1_660' title='bbox 1720 5858 1893 5950; x_wconf 83' lang='lat' dir='ltr'><strong>signifieat</strong></span> <span class='ocrx_word' id='word_1_661' title='bbox 1917 5856 2168 5947; x_wconf 77' lang='lat' dir='ltr'><strong>¹Aristotelicas·</strong></span> <span class='ocrx_word' id='word_1_662' title='bbox 2186 5854 2344 5945; x_wconf 82' lang='lat' dir='ltr'><strong>virtutes,</strong></span> 
     </span>
    </p>
   </div>
   <div class='ocr_carea' id='block_1_4' title="bbox 0 0 2918 6950">
    <p class='ocr_par' dir='ltr' id='par_1_4' title="bbox 0 0 2918 6950">
     <span class='ocr_line' id='line_1_52' title="bbox 0 0 2918 6950; baseline 0 6"><span class='ocrx_word' id='word_1_663' title='bbox 0 0 2918 6950; x_wconf 95' lang='lat' dir='ltr'><strong> </strong></span> 
     </span>
    </p>
   </div>
  </div>
 </body>
</html>
