5825 6950
590 685 698 767 ,043
869 722 875 737 .
976 725 980 736 .
1202 676 1330 753 cnm
1356 660 1473 758 nnn.
1500 670 1712 755 scalers
1738 673 2072 761 monrium·
2149 742 2155 751 .
2224 734 2235 751 ..
2507 695 2584 775 tosa

597 902 603 915 ·
702 856 756 933 Ae
772 842 915 953 prorsus
929 856 1145 929 execrandus
1160 868 1210 927 est
1226 838 1326 926 error
1343 850 1591 940 Stenlseleldii,
1639 866 1675 925 et
1694 854 1966 947 temperantiam
1988 870 2124 929 tantam
2145 857 2274 939 inisse,
2307 882 2394 955 quae
2411 875 2517 937 tarum
2534 892 2583 939 na-

606 966 668 1063 qni
682 987 841 1053 expresse
856 960 1000 1047 scribit,
1025 958 1141 1030 Deum
1158 982 1232 1029 nnn
1249 980 1323 1028 esse
1340 959 1514 1029 efficacem
1529 978 1592 1049 per
1639 969 1742 1027 turae
1767 972 1996 1047 congrueret,
2032 974 2068 1034 et
2090 962 2220 1033 victum
2244 985 2320 1032 non
2338 964 2469 1035 sordide
2487 970 2585 1041 daton

607 1068 846 1159 cognitionem
865 1060 1051 1153 Evangelii
1075 1060 1187 1133 auditi
1210 1075 1273 1133 aut
1292 1060 1393 1146 lecti,
1425 1084 1467 1131 ac
1490 1058 1593 1149 fingit
1643 1081 1717 1129 esse
1742 1055 1879 1129 servis.⁸
2072 1060 2077 1069 '

599 1171 694 1241 sttas
725 1165 1006 1238 illuminationes
1034 1178 1132 1235 extra
1161 1159 1416 1252 Evangelium,
1456 1175 1493 1233 et
1516 1163 1594 1231 sine
1742 1157 1857 1239 Erant
1885 1160 2004 1232 autem
2031 1164 2221 1256 praecipue
2248 1164 2288 1233 in
2320 1162 2442 1237 Iudaea
2469 1192 2588 1259 magnae

608 1270 818 1359 Evangelio.
859 1266 964 1337 Tales
991 1268 1128 1338 furores
1150 1266 1237 1336 olim
1262 1264 1480 1350 Marcionis,
1511 1261 1593 1334 Ma·
1645 1263 1859 1334 calamitates
1873 1286 2015 1349 eornm,
2040 1262 2351 1358 quiEvangelium
2365 1272 2590 1359 amplecteban-

609 1368 839 1444 nichaeorum
858 1364 1216 1439 etEnthusiastarum
1238 1368 1402 1448 luerunt,
1436 1381 1471 1438 ct
1495 1386 1595 1434 erro·
1643 1379 1715 1438 tur.
1769 1364 1880 1435 Multi
1915 1367 2011 1437 enim
2046 1367 2371 1455 interficiebantur,
2410 1372 2540 1462 plurimi
2560 1398 2591 1445 er
2626 1389 2627 1472 l

610 1496 674 1545 nes
697 1471 957 1564 Anabaptistae
986 1471 1116 1540 similia
1148 1481 1309 1560 portenta
1332 1469 1597 1541 circumierunt.
1645 1468 1925 1559 possessionibus
1948 1469 2102 1559 propriis
2124 1472 2407 1557 excutiebantur,
2440 1473 2607 1562 'cneban-¹

611 1576 735 1651 Sciant
750 1589 868 1646 antem
884 1574 997 1643 bonae
1014 1586 1148 1642 mentes
1166 1572 1340 1664 praecipi,
1365 1586 1405 1642 ut
1420 1572 1598 1641 discamus
1646 1584 1706 1642 tur
1722 1570 1873 1639 exulare.
1926 1572 1984 1639 Ad
2010 1567 2075 1641 has
2090 1571 2249 1642 miserias
2267 1585 2352 1643 tunc
2366 1576 2500 1645 accessit
2518 1600 2592 1645 con·
2626 1579 2627 1614 l

612 1692 648 1753 et
670 1680 863 1767 cogitemus
887 1676 1035 1746 verbum
1062 1672 1149 1757 Dei,
1184 1674 1280 1745 iuxta
1304 1676 1455 1745 dictum:
1490 1670 1598 1741 Hunc
1646 1672 1767 1741 munis
1787 1672 1896 1743 fantes
1919 1674 2054 1743 intuta
2078 1671 2174 1746 Asia·
2188 1690 2223 1745 et
2244 1670 2399 1768 Europa.
2447 1674 2492 1746 Ut
2511 1676 2592 1764 igitur

612 1783 745 1853 audite.
799 1777 905 1850 ltem:
932 1771 1159 1847 Oseulamini
1175 1776 1300 1845 lilium.
1332 1774 1380 1847 Et
1398 1789 1493 1845 certo
1509 1774 1599 1842 scia·
1647 1773 1779 1843 alicubi
1806 1774 2151 1865 p'auperes'ismiliae
2172 1775 2397 1863 iuvarentur,
2434 1775 2593 1847 Paulusin

600 1906 694 1977 ‚snus
713 1880 829 1951 Deum
853 1903 916 1970 per
933 1873 1041 1949 huius
1063 1877 1185 1968 scripti
1201 1874 1389 1967 Evangelii
1414 1876 1600 1965 cogitatio·
1648 1870 1798 1945 Graecia
1820 1891 1854 1947 et
1875 1878 1964 1945 alibi
1984 1878 2171 1966 pecuinam
2193 1878 2352 1967 collegit,
2384 1900 2483 1971 quam
2504 1878 2593 1949 inlu·

600 2009 697 2057 nem
711 1984 887 2053 efficacem
904 2003 996 2064 esse,
1021 1993 1061 2049 ut
1077 1980 1209 2051 dicitur
1224 1976 1468 2050 Roman.10.:
1494 1976 1601 2047 Fides
1649 1980 1771 2047 daeam
1793 1979 1920 2047 attulit.
1984 1976 2058 2047 Has
2075 1993 2274 2068 temporum
2299 1980 2594 2049 circumstantiaset

615 2112 657 2159 ex
672 2087 796 2157 auditu
810 2094 874 2159 est.
929 2080 1035 2152 ltem:
1061 2078 1166 2173 Pater
1180 2081 1356 2151 sanctifica
1373 2103 1432 2151 eos
1449 2083 1489 2149 in
1507 2076 1602 2149 veri·
1648 2077 1824 2148 Ecclesiae
1840 2077 2046 2160 aerumnas,
2071 2095 2108 2151 et
2123 2080 2378 2171 Apostolorum
2397 2104 2492 2150 curas
2506 2082 2537 2149 io
2555 2083 2593 2149 io·

602 2202 706 2274 tate,
730 2210 849 2257 sermo
873 2198 955 2259 tous
976 2198 1029 2255 est
1052 2182 1190 2255 veritas.
1650 2183 1777 2249 randis
1794 2181 2027 2271 pauperibus,
2054 2196 2088 2253 et
2105 2183 2232 2252 alenda
2247 2182 2489 2253 benevolentia
2503 2180 2595 2253 Eccle-

601 2312 608 2323 ·
1651 2283 1783 2353 siarum
1806 2284 2031 2353 considerare
2052 2284 2141 2354 utile
2164 2300 2245 2355 est..
2292 2341 2298 2351 .

1753 2383 1870 2454 Sinml
1899 2398 2017 2454 antem
2049 2384 2174 2456 interit
2199 2382 2257 2456 hic
2281 2386 2546 2457 admonitionem
2566 2388 2596 2454 de
2627 2438 2628 2457 ι

920 2576 924 2583 ἢ
1639 2488 1815 2557 -mercede
1835 2489 1953 2558 debita
1975 2486 2148 2557 ministris
2169 2486 2375 2579 Evangelii,
2422 2492 2466 2558 de
2487 2512 2545 2580 qua
2562 2502 2596 2555 ta
2627 2505 2628 2556 l

602 2678 607 2685 ¹
721 2595 812 2670 Cum
828 2606 929 2665 antea
944 2592 989 2661 de
1004 2614 1067 2661 suo
1086 2589 1202 2660 officio
1216 2587 1363 2672 dixerit,
1389 2588 1506 2671 obiter
1522 2610 1604 2657 nar·
1654 2613 1733 2659 men
1750 2590 1983 2659 concionatur
1998 2590 2174 2683 copiosius
2195 2591 2330 2678 primae
2345 2593 2389 2659 ad
2399 2586 2553 2661 ¹Corinth
2564 2592 2594 2670 9..

620 2719 677 2779 rat
708 2713 743 2773 et
775 2694 1075 2790 peregrinationes
1108 2714 1208 2776 suas,
1255 2705 1290 2762 et
1321 2690 1603 2761 benevolentiam
1652 2692 1715 2761 nbi
1745 2712 1903 2781 expresse
1924 2691 2063 2784 inquit:
2089 2691 2150 2762 Sic
2173 2688 2354 2761 Dominus
2373 2692 2555 2775 ordinavit,
2570 2702 2595 2759 nt

599 2785 816 2889 :snamerga
834 2796 1048 2880 Ecclesiam,
1078 2819 1168 2889 quae
1189 2791 1325 2893 Romae
1347 2795 1433 2873 init,
1471 2791 1604 2881 signifi·
1654 2790 1769 2885 hiqui
1788 2791 2023 2883 Evangelinm
2039 2796 2189 2884 docent,
2216 2818 2257 2865 ex
2279 2790 2478 2883 Evangelio
2499 2794 2594 2863 victon

566 2958 575 2969 .
622 2922 696 2995 cat,
731 2916 765 2973 et
786 2924 882 2990 spem
898 2898 949 2968 eis
966 2900 1139 2967 adventus
1163 2896 1216 2965 sui
1243 2894 1337 2966 lacit.
1392 2892 1496 2965 Nunc
1521 2915 1605 2963 vcro
1652 2891 1826 2965 habeant·
1868 2893 1914 2967 Et
1936 2898 2119 2965 adduntur
2140 2897 2251 2967 multa
2275 2911 2492 2986 argumenta.
2536 2893 2628 2984 (luit¹

621 3014 690 3096 ait,
716 3008 754 3076 in
773 3006 940 3074 Iudaeam
957 3022 992 3067 se
1008 2997 1201 3090 proficisci,
1222 3010 1260 3069 ut
1277 2997 1405 3067 sanctis
1423 2996 1606 3087 egentibus
1652 2998 1782 3068 militat
1824 2996 1901 3067 stris·
1930 2997 2146 3087 stipendiis?
2195 2999 2260 3068 nbi
2290 3022 2380 3067 usus
2410 3012 2461 3070 est
2490 2997 2597 3066 nomine

599 3114 756 3197 ‚adferat
774 3103 981 3199 pecuniam,
1007 3124 1113 3195 quam
1136 3099 1172 3169 in
1189 3089 1400 3169 Macedonia
1421 3114 1455 3170 et
1471 3091 1605 3167 Achaia
1652 3093 1834 3196 ὀψώνιον.
1881 3098 1944 3171 Sic
1956 3100 2052 3167 eoir'n
2067 3100 2197 3170 usitate
2208 3100 2387 3191 stipendia
2405 3100 2597 3171 nominebus

447 3270 449 3277 .
551 3202 562 3217 ⁸
621 3211 846 3289 contulerant
860 3200 1056 3287 Ecclesiae,
1082 3216 1122 3272 nt
1138 3201 1321 3290 egentibus
1336 3201 1373 3269 in
1390 3203 1482 3269 same
1501 3224 1604 3291 opem
1653 3216 1730 3287 tur,
1763 3192 2048 3294 quia'militibb's
2071 3203 2109 3269 in
2136 3202 2340 3291 provinciis'
2357 3201 2518 3296 stipendii
2536 3200 2598 3277 loco,

621 3323 766 3391 terrent.
818 3305 1048 3377 Notissimnm
1071 3316 1124 3373 cst
1145 3302 1237 3372 enim
1266 3304 1303 3371 in
1327 3298 1475 3372 historia
1498 3298 1607 3372 Clau·
1652 3305 1888 3388 frumentum,
1915 3326 2056 3380 carnes,
2086 3303 2232 3388 vinum,
2254 3303 2396 3390 oleum,
2428 3328 2538 3397 poma,
2562 3296 2600 3369 titi

622 3420 675 3494 dii
695 3398 920 3508 imperatoris
940 3407 978 3475 in
993 3405 1095 3488 Asia,
1123 3402 1271 3476 Graecia
1289 3419 1323 3475 et
1339 3402 1440 3475 ltalia
1458 3428 1500 3474 eo
1516 3417 1607 3472 tem·
1653 3406 1841 3478 dabantur.
1893 3403 1987 3495 Quia
2005 3403 2160 3477 Romani
2180 3407 2344 3497 occupati
2362 3402 2599 3500 provinciisioi·

623 3546 709 3618 pore
725 3535 887 3606 magnam
906 3508 1123 3580 sterilitatem
1142 3507 1275 3601 aliquot
1294 3531 1469 3577 annornm
1487 3506 1608 3592 luisse,
1654 3510 1703 3580 tio
1722 3523 1860 3581 tantum
1880 3502 1950 3578 hoc
1968 3530 2061 3577 onus
2083 3508 2307 3594 indicebant,
2335 3523 2377 3580 ut
2399 3512 2538 3580 decimas
2553 3507 2599 3573 in-

599 3611 658 3702 ’.ει
674 3620 805 3694 multos
822 3609 984 3710 homines
996 3611 1128 3706 passim
1150 3611 1241 3678 lame
1257 3610 1427 3679 extinctos
1444 3631 1530 3679 esse.
1656 3610 1753 3702 perio
1771 3611 1981 3701 penderent,
2006 3625 2044 3678 nt
2059 3610 2183 3679 scribit
2195 3607 2397 3708 Appianus.
2435 3609 2599 3699 indeptae·
2628 3616 2629 3641 ¹

597 3721 603 3743 '
723 3721 782 3794 De
803 3742 843 3787 ea
861 3705 954 3784 same
976 3714 1013 3781 in
1037 3711 1135 3782 Actis
1155 3712 1287 3780 dicitur
1303 3736 1379 3801 cap.
1397 3712 1607 3781 undecimo:
1655 3714 1755 3782 sidiis
1776 3713 1956 3783 dabantur
1979 3733 2036 3780 res
2058 3725 2151 3781 terra
2173 3728 2294 3796 natae,
2331 3734 2482 3808 quarum
2504 3729 2629 3780 nonest

598 3821 658 3905 'et
685 3819 861 3896 Eusebius
883 3813 1006 3885 scribit
1036 3814 1196 3885 modium
1221 3813 1329 3883 tritici
1350 3838 1407 3882 sex
1428 3809 1608 3882 drachmis
1655 3807 1822 3912 ὀφιόνιον
1848 3838 1912 3906 pro
1936 3814 2113 3902 stipendio
2132 3831 2347 3907 usurpatum
2369 3829 2432 3886 eu.
2628 3814 2629 3825 ’

624 3927 808 4007 venditum
842 3941 925 3992 esse.
977 3913 1024 3986 Et
1044 3918 1082 3986 in
1111 3931 1207 3987 sexto
1236 3915 1351 4007 capite
1374 3912 1608 4008 Apocalypsis
1751 3913 1816 3988 Est
1833 3931 1950 3986 antem
1966 3913 2122 4011 ὄψονιι)
2137 3912 2235 4012 ἕψω,
2270 3920 2553 4011 qnodesteliso‚
2578 3918 2629 4005 etl

597 4017 718 4105 'inser
738 4045 870 4124 poenas
892 4034 1098 4090 numeratur
1119 4019 1247 4102 sames,
1288 4017 1327 4085 in
1351 4041 1420 4109 qua
1445 4018 1606 4085 sutorum
1654 4021 1799 4089 acerbo
1823 4013 2015 4109 ὠνοῦμαι,
2040 4018 2135 4111 qnod
2159 4033 2211 4090 est
2231 4045 2326 4089 enm:
2355 4017 2599 4112 significateoin

623 4133 732 4223 dicit,
756 4141 797 4200 ut
818 4119 969 4195 choenix
987 4119 1132 4189 denario
1147 4119 1192 4190 sit
1210 4120 1390 4190 emendus.
1441 4115 1528 4188 Fuit
1544 4143 1607 4189 au·
1653 4142 1766 4205 escas,
1807 4144 1899 4214 quae
1925 4134 2064 4208 praeter
2089 4143 2214 4209 panem
2245 4123 2447 4211 adduntur,
2483 4139 2629 4218 spirarunt¹

624 4251 696 4310 tem
715 4250 903 4306 commune
925 4221 1079 4316 pretium
1103 4221 1214 4291 modii
1232 4219 1470 4290 mediocribus
1493 4218 1608 4306 annis,
1653 4224 1822 4315 ploraque
1843 4221 2033 4291 elixatione
2054 4237 2268 4315 coquuntur.
2628 4216 2629 4239 ¹

595 4319 696 4423 :tres
714 4313 774 4406 aut
792 4341 945 4425 quatuor
967 4323 1136 4409 sestertii,
1165 4335 1204 4393 ut
1219 4319 1344 4392 Cicero
1361 4321 1504 4405 scribit,
1529 4347 1606 4392 mo·
1752 4323 1844 4393 Cum
1868 4337 1984 4392 antem
2002 4321 2098 4392 Dens
2120 4325 2292 4395 immensa
2313 4327 2473 4398 bonitate
2493 4324 2601 4410 colligat

626 4440 679 4512 dii
696 4433 849 4528 pretium
870 4427 943 4520 lege
960 4427 1067 4498 fuisse
1082 4439 1153 4496 tres
1175 4425 1367 4508 sestertios,
1393 4424 1430 4492 id
1448 4433 1516 4512 est,
1541 4448 1607 4493 no·
1654 4440 1832 4497 aeternam
1850 4421 2042 4495 Ecclesiam
2060 4449 2146 4496 voce
2161 4429 2355 4513 doctrinae,
2382 4445 2502 4502 etnon
2515 4427 2601 4504 aliter,

625 4555 750 4615 strates
773 4554 902 4606 numos
922 4527 1095 4600 Misnicos
1118 4538 1272 4621 quatuor
1287 4540 1321 4597 et
1343 4525 1482 4615 viginti.
1533 4522 1607 4595 lam
1656 4543 1690 4598 et
1726 4528 1946 4598 severissime
1984 4529 2155 4618 praecipit
2193 4532 2396 4600 conservari
2429 4530 2600 4606 doctrinan,

595 4625 603 4634 ’
625 4645 654 4716 si
676 4639 818 4712 modius
840 4635 879 4703 in
903 4633 996 4700 fame
1014 4644 1127 4701 emtus
1146 4641 1199 4698 est
1218 4651 1275 4697 ses
1297 4623 1476 4698 drachmis
1498 4628 1608 4696 crevit
1656 4632 1750 4724 qnod
1769 4646 1809 4700 ut
1823 4630 1900 4713 liat,
1918 4651 2058 4700 necesse
2072 4646 2123 4701 est
2137 4653 2213 4700 esse
2226 4633 2431 4704 docentium
2446 4647 2479 4704 ct
2492 4633 2600 4700 discen-

623 4744 777 4840 pretium
801 4735 1013 4831 quintuplo,
1043 4756 1122 4801 cum
1147 4730 1383 4800 mediocribus
1407 4729 1513 4797 annis
1534 4729 1608 4799 usi·
1656 4734 1744 4802 tium
1769 4744 1902 4802 coetus.
1953 4727 2003 4801 Et
2025 4731 2169 4824 quidem
2196 4733 2272 4824 ipse
2294 4734 2477 4807 liliusDei
2503 4733 2600 4800 missus

593 4861 605 4871 ’“
624 4860 738 4922 tatum
755 4839 907 4933 pretium
924 4849 1010 4905 esset
1023 4829 1210 4918 drachma,
1231 4845 1292 4902 aut
1308 4831 1459 4902 circiter.
1493 4827 1609 4900 Erant
1656 4837 1701 4904 ab
1722 4848 1867 4904 aeterno
1886 4843 2006 4924 patre,
2039 4848 2080 4902 ut
2095 4857 2157 4926 per
2170 4859 2252 4905 eum
2266 4833 2426 4908 Ecclesia
2439 4836 2600 4922 colligatur,

592 4961 740 5026 'antem
761 4941 799 5011 in
822 4939 941 5008 modio
965 4949 1043 5006 octo
1067 4931 1267 5005 choenices:
1305 4949 1340 5004 et
1360 4925 1510 5002 choenix
1534 4945 1609 5003 erat
1646 4927 1718 5007 'sna
1734 4937 1890 5027 potentia
1907 4936 2158 5005 esdocsrtnam
2174 4953 2309 5023 servat,
2334 4954 2371 5009 et
2390 4938 2535 5008 instituit
2552 4931 2599 5001 ni·

592 5065 599 5074 ’
622 5051 731 5124 nnius
752 5045 822 5115 diei
840 5041 963 5112 farina.
1014 5036 1099 5108 Fuit
1124 5035 1234 5124 igitur
1252 5034 1492 5105 mediocribus
1505 5035 1608 5103 annis
1657 5038 1842 5108 nisterium
1859 5037 2030 5121 docendi,
2048 5051 2090 5108 ‘ct
2106 5039 2273 5126 omnibus
2290 5041 2505 5130 temporibus
2524 5055 2598 5105 erm·

591 5156 595 5166 '
622 5151 736 5226 sarim
768 5147 876 5217 unius
906 5141 978 5212 diei
1006 5162 1071 5232 pro
1099 5153 1252 5231 quatuor
1278 5137 1441 5207 Misnicis
1470 5138 1606 5208 numis:
1656 5140 1776 5211 citavit
1793 5141 1967 5221 doctores,
1980 5152 2016 5209 et
2028 5140 2312 5233 mussitaturus
2327 5142 2404 5214 vult
2417 5165 2487 5210 csse
2498 5153 2597 5226 organa

593 5246 599 5257 ’
620 5267 760 5331 tantum
775 5247 909 5317 larinae
924 5243 962 5311 in
980 5243 1072 5310 fame
1086 5241 1267 5311 emebatur
1282 5238 1447 5317 denario,
1464 5233 1533 5308 hoc
1546 5251 1608 5323 est,
1656 5241 1818 5313 sonantia
1838 5263 1958 5309 vocem
1974 5237 2179 5329 Evangelii,
2205 5267 2275 5335 qrra
2298 5244 2407 5314 flectit
2429 5243 2527 5312 corda
2545 5256 2597 5306 non

619 5347 921 5438 numisMisnicis
945 5343 1087 5433 triginta
1105 5342 1256 5412 duobus·
1305 5340 1475 5412 Creverat
1497 5341 1607 5432 igitur
1654 5343 1928 5434 repugnantium
1947 5336 2205 5432 Evangelioad
2221 5367 2339 5414 veram
2355 5340 2597 5415 {tetimonio

616 5447 965 5555 pretiumseptuplo.
1458 5485 1464 5498 ·
1655 5468 1736 5514 nem
1766 5459 1802 5514 ‘ct
1827 5447 1872 5512 ad
1903 5457 2083 5512 adernam
2105 5446 2275 5532 salutem,
2319 5461 2353 5516 et
2374 5447 2413 5514 in
2438 5441 2499 5515 hac
2525 5452 2595 5514 tants

721 5539 859 5625 Hamm
893 5543 1196 5638 computationum
1232 5543 1470 5615 consideratio
1503 5544 1604 5614 utilis
1653 5547 1780 5618 militia
1801 5543 1953 5615 fideliter
1976 5545 2234 5632 servientibus,
2268 5545 2594 5632 insultatoribus

601 5658 687 5746 ¹ab,
720 5673 754 5730 et
777 5657 819 5724 ad
842 5647 1109 5738 intelligendam
1135 5643 1340 5725 historiam,
1382 5645 1484 5715 etad
1511 5639 1602 5715 hanc
1649 5661 1684 5718 et
1699 5645 1914 5726 Ductoribus
1933 5645 2010 5715 vult
2025 5648 2105 5716 dari
2120 5650 2262 5722 victum.
2314 5647 2590 5739 Hocpraeceptuo

617 5755 959 5838 animadversionem
967 5749 1071 5842 ,qui
1092 5753 1180 5820 ordo
1200 5748 1310 5819 lue'rit
1331 5748 1368 5816 in
1383 5748 1487 5816 victu
1513 5768 1596 5816 con·
1648 5765 1750 5840 saepe
1764 5747 1961 5837 repetitum
1987 5763 2058 5827 est,
2086 5765 2127 5819 et
2145 5752 2288 5822 additae
2310 5764 2393 5821 sunt
2422 5742 2592 5838 pmmissio

614 5865 745 5958 genens
769 5852 932 5928 bantini(
953 5851 1019 5926 Et
1042 5853 1189 5944 adparet
1212 5851 1318 5936 inde,
1356 5837 1596 5938 frugalitatem
1645 5870 1709 5920 nes
1735 5848 1972 5944 amplissimae
1993 5853 2256 5940 praemiorum,
2281 5875 2375 5948 quae
2394 5848 2592 5922 certissimum

617 2352 731 2433 Nunc
755 2364 877 2427 aulem
897 2346 1110 2455 proficiscor
1130 2344 1423 2447 lerosolymam,
1465 2357 1505 2420 nt
1527 2372 1604 2420 ser-

946 2457 1091 2525 viamus
1116 2454 1271 2524 sanctis.
