5825 6950
575 649 691 731 ,4035
818 711 822 721 ,
1189 621 1316 697 utun.
1338 616 1460 700 Man.
1485 616 1695 696 sentem
1720 612 2022 695 uxucnrtca.
2265 722 2271 734 ι
2498 635 2575 711 10„

596 836 697 913 dam,
724 820 788 918 qaai
809 812 963 905 cogitant
987 828 1022 880 se
1046 802 1199 873 tacturos
1222 819 1316 881 esse,
1340 793 1437 888 qnod
1459 792 1585 883 imagi·
1635 790 1696 863 Sic
1711 814 1792 862 cum
1808 792 2042 886 promissione
2056 794 2123 864 ucis
2136 804 2381 880 sustentamus,
2399 793 2493 869 simul
2506 802 2578 876 ilius
2614 823 2615 864 t

596 945 731 1007 nantur
754 922 838 1013 ipsis
865 930 1069 986 concessum
1099 923 1200 983 esse,
1240 912 1273 967 et
1296 898 1392 968 nolle
1417 894 1585 985 impediri
1636 893 1708 965 Dei
1732 910 1783 967 est
1809 894 1949 977 efficax,
1990 910 2025 968 et
2055 894 2093 964 in
2124 896 2210 996 pade
2234 896 2321 967 dicit
2343 902 2579 977 consolationem

599 1058 696 1107 auam
729 1028 955 1098 libertatem,
994 1003 1132 1078 etiamsi
1173 1000 1287 1070 sciant
1328 995 1586 1089 intempestivis
1638 998 1712 1087 ipsa
1734 993 1920 1086 Evangelii
1946 1021 2049 1079 voce,
2074 1012 2108 1067 et
2134 998 2243 1089 patris
2266 1000 2470 1070 voluntatem
2491 1020 2582 1075 osten·
2615 997 2616 1062 l

599 1130 768 1222 exemplis
802 1126 980 1193 bonnm
1012 1105 1199 1179 hominum
1230 1100 1367 1171 animos
1400 1113 1434 1168 et
1463 1098 1586 1170 oculos
1638 1099 1710 1181 dit,
1737 1098 1821 1190 quia
1843 1098 1948 1169 dicit:
1982 1100 2096 1169 Nemo
2117 1102 2219 1170 novit
2239 1114 2389 1194 patrem,
2421 1104 2583 1194 nisiblins,

600 1230 754 1310 offendi,
778 1240 812 1295 et
834 1218 932 1313 sequi
955 1208 1139 1292 scandale,
1165 1204 1221 1273 vel
1246 1214 1390 1294 propter
1416 1199 1587 1270 imitatio·
1639 1212 1674 1269 et
1689 1199 1746 1267 cui
1762 1199 1855 1268 filins
1873 1200 1969 1270 volet
1986 1201 2153 1271 revelare.

601 1360 682 1407 nem
720 1328 775 1399 vel
815 1333 961 1416 propter
995 1306 1246 1425 alienationem
1281 1304 1507 1373 volunltlssm
1542 1302 1588 1371 ‘lb
1742 1310 2130 1403 Haectotadoctrina,
2153 1318 2588 1411 queeiulaetaverborere·

602 1429 809 1524 Evangelio.
876 1420 962 1491 ldeo
987 1418 1020 1487 1.
1052 1403 1293 1525 Cormth310.
1317 1406 1439 1521 eadem
1468 1401 1589 1520 regule
1641 1420 1713 1490 lato
1730 1418 1864 1504 ordiri,
1888 1442 1953 1490 nec
1968 1434 2063 1491 extra
2080 1421 2228 1489 verbum
2246 1422 2381 1511 vagari,
2407 1438 2439 1495 et
2452 1450 2587 1517 quaerere
2617 1469 2618 1484 .

604 1537 775 1612 traditur:
806 1518 986 1615 Quicquid
1002 1512 1137 1591 facilit,
1162 1510 1267 1580 fame
1285 1508 1329 1575 fid
1347 1506 1496 1624 ssl⁰f¹f¹m
1512 1500 1591 1587 130¹,
1642 1520 1944 1606 illuminationes,
1985 1544 2047 1590 sen
2073 1536 2218 1611 raptus,
2251 1525 2403 1593 tenenda
2423 1540 2471 1593 est
2493 1545 2588 1600 contra

603 1655 637 1711 et
662 1660 735 1709 non
760 1630 835 1701 sitis
857 1617 1025 1694 scandalo
1047 1611 1232 1683 Ecclesiae.
1293 1605 1380 1678 Vult
1401 1623 1510 1696 agatur
1535 1628 1593 1675 re·
1643 1622 1775 1692 muno,
1798 1622 1989 1707 fanaticos,
2015 1622 2170 1704 Samos,
2201 1620 2449 1709 Mgngghaeog,
2475 1623 2588 1701 gum,
2619 1695 2620 1724 1

604 1765 693 1834 spica
717 1731 848 1805 iudicis
874 1720 1069 1801 Ecdeme,
1109 1714 1189 1781 5⁶0⁰
1219 1723 1255 1780 ‘2
1275 1710 1319 1779 de
1343 1711 1474 1779 menda
1499 1706 1592 1776 sm
1644 1726 1766 1793 siastas
1784 1725 2102 1814 etAnabapti'stas,
2131 1723 2194 1817 qui
2215 1746 2253 1794 se
2276 1739 2311 1796 et
2333 1726 2421 1795 alios
2441 1728 2590 1819 implicant
2619 1727 2620 1738 ¹

606 1864 707 1931 saepe
739 1828 974 1927 praecipitur,
1005 1831 1046 1888 ul
1076 1812 1262 1909 Syrnides
1294 1808 1381 1883 41st
1424 1807 1519 1879 Cura
1549 1808 1595 1877 ὅθ
1646 1820 1947 1911 dubitationibus,
1974 1824 2517 1900 raticaoverboetexcussafiae.
2620 1879 2621 1900 a

605 1948 703 2015 bono
731 1932 898 2009 nomine,
938 1915 1117 1993 antecellit
1141 1914 1235 1985 enim
1259 1912 1380 1982 multis
1404 1906 1595 1983 thesauris:
1748 1941 1823 2012 Nee
1842 1941 2033 2014 tribuimu,
2052 1941 2126 2011 ,pm
2149 1942 2322 2033 magicam
2343 1945 2468 2031 verbo,
2491 1948 2593 2019 seddi·

606 2061 641 2117 et
658 2044 705 2113 sit
718 2049 824 2108 notus
839 2024 1048 2100 v²r⁵3⁰⁰¹⁰⁸²
1106 2128 1113 2146 ι
1293 2124 1300 2141 ⁸
1649 2044 1763 2115 cimus
1783 2040 1900 2114 Deum
1925 2045 2018 2115 velle
2040 2038 2109 2113 hoc
2129 2046 2257 2117 ordine
2286 2047 2468 2135 cogumd,
2495 2064 2526 2119 et
2543 2075 2594 2120 uon

711 2147 805 2215 lastis
820 2152 884 2223 ⁶⁸⁸2
904 2157 962 2205 ¹¹0⁰
975 2132 1062 2198 ΗΜ
1076 2127 1210 2195 “mulli
1223 2125 1341 2210 8¹⁰l¹⁸⁰
1355 2126 1461 2189 ΜΕ·
1637 2146 1770 2236 aliter,
1796 2160 1830 2217 et
1852 2145 1943 2216 velle
1965 2169 2031 2216 nos
2054 2140 2225 2217 adhibere
2239 2146 2558 2236 considerationem,
2574 2168 2597 2223 et
2622 2223 2623 2234 ,

1651 2248 1759 2367 simul
1774 2247 1813 2365 in
1829 2247 1904 2337 ipsa
1920 2248 2204 2365 consideratione
2218 2247 2334 2367 lilium
2356 2250 2520 2369 efficacem
2539 2276 2597 2339 esse,
2622 2257 2623 2266 ’

960 2408 1101 2519 a...
1135 2402 1237 2491 xv·
1651 2349 1929 2523 latitat*
1952 2347 2597 2543 losantanasattaa

711 2596 803 2671 Cum
816 2565 948 2659 Christi
974 2574 1134 2664 exemplo
1156 2568 1312 2641 ostendit
1335 2566 1496 2637 infirmos
1510 2565 1602 2637 tole.
1652 2551 1932 2622 consolationem
1948 2550 2225 2642 scripturarum,
2249 2566 2293 2633 nt
2304 2553 2533 2643 intelligamus
2544 2580 2596 2627 eon

612 2704 744 2777 mdo,
767 2714 860 2772 me,
885 2698 919 2754 et
937 2681 1071 2751 dictum
1087 2674 1219 2745 Psalmi
1237 2672 1415 2753 recitavit,
1441 2692 1521 2736 mor
1537 2668 1600 2736 ad.
1651 2654 1753 2747 loqui
1769 2654 1814 2723 de
1833 2653 1943 2725 verbo
1962 2667 2128 2739 externo,
2152 2676 2215 2725 seu
2231 2657 2377 2741 audito,
2402 2677 2461 2727 seu
2475 2656 2560 2731 lecto.

614 2807 667 2877 dit
683 2793 879 2891 generalem
897 2770 1176 2853 admonitionem
1193 2776 1238 2843 de
1253 2794 1319 2842 usu
1336 2770 1602 2871 seripturarum.
1755 2768 1825 2840 Hic
1853 2772 1946 2841 ridet
1968 2769 2252 2858 Stenlsefeldius,
2283 2786 2320 2841 et
2351 2773 2439 2845 dicit
2458 2774 2598 2863 cogitatio
2625 2791 2626 2798 ’

614 2908 737 2981 lubet,
762 2908 801 2967 ut
827 2911 890 2982 per
914 2878 1121 2974 patientiam
1147 2890 1178 2947 et
1195 2876 1450 2963 scripturarum
1475 2894 1604 2941 conso·
1653 2896 1736 2943 nem
1757 2871 1858 2941 verbi
1883 2872 2005 2963 scripti
2030 2894 2093 2942 seu
2110 2874 2225 2944 auditi
2246 2887 2389 2945 tanturn
2413 2897 2484 2945 esse
2503 2878 2600 2947 esteroi

615 3006 786 3079 lationem
809 3012 906 3081 spem
929 3000 1122 3055 teneamus.
1172 2974 1317 3067 Repetit
1331 2972 1399 3045 hoc
1415 2975 1494 3043 loco
1507 2971 1603 3042 Pau·
1654 2970 1812 3044 hominis
1827 2974 2115 3064 occupationem,
2139 2988 2181 3045 ut
2194 2974 2264 3045 fuit
2287 2976 2469 3047 abstinere
2488 3001 2508 3047 a
2527 2980 2600 3049 suilla

615 3112 672 3181 lus
700 3103 870 3173 usitatum
900 3094 1144 3179 praeceptum,
1187 3078 1372 3162 videlicet,
1408 3075 1604 3165 alligandas
1655 3098 1780 3145 carne:
1814 3097 1889 3144 non
1911 3075 1987 3146 vult
2009 3097 2083 3144 esse
2110 3074 2418 3171 instrumentum,
2455 3102 2522 3171 quo
2540 3067 2628 3150 lliost

617 3212 839 3283 essementes
855 3192 898 3260 ad
920 3187 1069 3255 verbum
1085 3181 1155 3251 Dei
1177 3180 1369 3250 revelatum
1388 3192 1422 3250 et
1442 3198 1605 3269 compre-
1654 3176 1723 3248 Dei
1738 3177 1813 3270 ipse
1828 3190 1881 3247 est
1895 3176 2027 3247 efficax.
2078 3174 2151 3247 Sed
2165 3171 2628 3272 noshaecperspicuadicta

618 3308 769 3381 bensum
789 3300 827 3367 in
854 3288 991 3378 scriptis
1015 3279 1229 3376 propheticis
1253 3294 1287 3349 et
1311 3279 1532 3370 apostolicis:
1572 3290 1606 3347 et
1655 3276 1761 3350 Pauli
1784 3300 2029 3369 opponamus:
2061 3272 2300 3371 Evangelium
2323 3296 2379 3353 est
2397 3282 2543 3372 potentia
2560 3267 2629 3353 tta*

618 3434 695 3483 vion
716 3396 946 3474 iudicandum
962 3410 1036 3457 esse
1051 3383 1260 3467 desessentia
1278 3396 1312 3453 et
1328 3385 1511 3452 voluntate
1528 3376 1607 3464 Dei,
1656 3379 1805 3450 salutem
1828 3379 2125 3471 omnicredenti.
2192 3378 2307 3451 Item:
2340 3380 2556 3474 Evangelium
2572 3391 2629 3453 estl

620 3518 717 3584 iuxta
740 3494 1009 3590 imaginationes
1042 3483 1242 3565 humanas,
1275 3486 1351 3556 sine
1386 3485 1496 3553 verbo
1527 3479 1608 3556 Dei.
1657 3481 1896 3552 ministerium
1915 3482 2080 3574 spiritus,
2105 3482 2143 3550 id
2163 3497 2233 3568 est,
2258 3505 2354 3576 quo,
2380 3509 2461 3556 cnm
2482 3483 2606 3556 homines

621 3615 731 3694 ltem,
762 3606 800 3674 in
816 3595 946 3670 nostris
963 3589 1147 3661 doloribus
1163 3587 1351 3656 intuendas
1365 3611 1437 3657 esse
1455 3585 1608 3674 promis-
1657 3608 1695 3654 se
1710 3594 1924 3669 sustentant,
1944 3583 2039 3653 lilius
2055 3580 2124 3653 Dei
2145 3583 2221 3676 ipse
2236 3599 2289 3656 est
2306 3586 2450 3672 efficax,
2472 3601 2505 3658 et
2521 3588 2606 3658 eitun·

621 3717 715 3786 sines
731 3721 766 3778 et
781 3698 1024 3775 statuendum,
1049 3712 1107 3760 eas
1122 3692 1165 3758 ad
1186 3710 1249 3757 nos
1265 3712 1406 3784 qnoque
1420 3690 1609 3781 pertinere,
1660 3685 1714 3756 dit
1731 3685 1906 3776 Spiritum
1919 3699 2079 3756 sanctum
2100 3685 2139 3753 in
2154 3687 2274 3762 corde.

623 3809 760 3890 etiamsi
776 3809 813 3877 in
833 3822 959 3892 genere
974 3816 1098 3865 omnes
1114 3793 1357 3884 alloquuntur.
1759 3799 1855 3890 Quia
1879 3825 1963 3873 vero
1989 3801 2124 3873 mentio
2145 3803 2184 3872 bt
2209 3804 2490 3894 consolationis,
2525 3807 2609 3878 noni·

725 3921 838 3998 Multi
859 3927 983 3989 serrant
1014 3911 1139 3981 stoicas
1170 3923 1205 3980 et
1234 3905 1501 3980 enthusiastieas
1529 3908 1609 3998 opi·
1660 3905 1893 3974 natur'etiam
1912 3904 2104 4003 patientia,
2129 3906 2431 3996 nt'signilic'etur,
2456 3907 2609 3980 Ecclesiam

624 4031 772 4110 niobes,
804 4037 839 4093 et
867 4019 1046 4088 deducunt
1070 4025 1205 4082 mentes
1230 4012 1272 4079 ad
1299 4007 1392 4080 hanc
1416 4009 1610 4080 dubitatio·
1661 4007 1701 4074 in
1721 4001 1788 4074 hac
1804 4006 1877 4076 vita
1897 4027 2036 4096 semper
2057 4004 2154 4075 cruci
2178 4009 2375 4078 subiectam
2398 4032 2491 4098 esse,
2513 4026 2542 4082 et
2558 4037 2611 4080 roo·

519 4181 526 4196 ·
628 4157 726 4206 nem:
752 4123 843 4198 Cum
867 4115 1046 4205 scripserit
1071 4109 1167 4182 Deus
1190 4113 1384 4201 catalogum
1408 4113 1611 4197 electorum,
1663 4121 1746 4191 net,
1780 4127 1901 4175 causas
1924 4107 2126 4196 cogitandas
2155 4130 2248 4193 esse,
2282 4134 2395 4202 quare
2425 4115 2469 4182 sit
2492 4115 2610 4182 subiecta

627 4239 673 4309 sd
690 4231 756 4302 hos
775 4223 925 4317 pertinet
947 4215 1131 4307 promissio
1153 4211 1302 4300 gratiae,
1328 4215 1487 4306 fortassis
1509 4215 1553 4282 sd
1577 4227 1612 4285 ta
1663 4209 1867 4298 ingentibus
1887 4208 2078 4281 aerumnis.
2131 4206 2257 4281 Monet
2279 4211 2387 4297 item,
2413 4212 2532 4303 Qualis
2551 4217 2610 4284 obe·

627 4359 702 4412 non
716 4327 887 4432 pertinet,
913 4343 991 4388 cum
1008 4316 1144 4386 nescias
1160 4337 1206 4383 an
1224 4314 1271 4383 sis
1285 4315 1324 4383 in
1340 4338 1380 4383 eo
1397 4314 1566 4402 catalogo.
1664 4309 1797 4378 dienlia
1815 4311 1853 4377 ln
1868 4331 1971 4378 eruce
1985 4311 2181 4379 necessaria
2196 4311 2263 4398 sit,
2289 4330 2325 4385 et
2341 4320 2519 4410 quomodo
2537 4315 2611 4386 dilie-

730 4449 911 4520 Adversus
933 4431 1026 4505 hanc
1042 4431 1301 4510 dubitationem
1327 4428 1412 4502 haec
1427 4434 1612 4504 manifesta
1664 4422 1720 4480 '³¹
1733 4406 1891 4480 Eccletia
1914 4410 1960 4480 ab
1980 4411 2139 4502 imperiis
2164 4415 2304 4483 mundi.
2358 4413 2512 4487 Ecclesia
2527 4432 2611 4488 auten

627 4551 752 4651 regula
780 4539 992 4638 opponenda
1016 4548 1086 4608 est:
1119 4531 1281 4624 Utraque
1304 4535 1428 4604 concio
1456 4547 1508 4605 est
1530 4536 1614 4603 uni·
1664 4535 1739 4581 ¹¹⁰ss
1754 4525 1891 4632 tentum
1908 4514 1959 4630 de·
1968 4513 2149 4630 aerumnis
2165 4513 2345 4607 loquitur,
2372 4530 2415 4589 ut
2427 4514 2611 4610 Philosophi,

626 4653 796 4735 versalia,
821 4637 1036 4738 praedicatio
1068 4635 1324 4727 poenitentiae,
1364 4650 1397 4704 et
1426 4634 1613 4727 promissio
1665 4614 1911 4732 ledoelsamde
1932 4613 2156 4731 liberatione.
2208 4616 2293 4687 ldeo
2309 4617 2445 4690 Paulus
2467 4619 2612 4707 coniungit

628 4757 774 4852 gratiae.
819 4743 990 4816 'Accersat
1015 4737 1110 4807 Deus
1139 4759 1263 4806 omnes
1294 4751 1438 4829 propter
1467 4751 1616 4829 paccata,
1667 4729 1900 4833 patientiam,
1939 4715 2218 4789 consolationem
2248 4733 2284 4790 et
2311 4741 2438 4813 spem:
2479 4723 2612 4792 differunt

630 4877 664 4933 et
685 4855 790 4928 offert
813 4844 982 4918 omnibus
1004 4833 1191 4910 credituris
1213 4839 1455 4908 remissionem
1484 4835 1617 4925 Gratis,
1667 4818 1776 4936 {852}st
1805 4817 1974 4908 patientia
2008 4811 2255 4909 philosophica
2284 4834 2319 4891 et
2355 4817 2549 4896 Christian,
2569 4822 2613 4890 ab.

629 4970 775 5056 propter
799 4949 932 5030 filium,
963 4964 1004 5012 ac
1024 4939 1121 5011 misit
1144 4937 1277 5026 filium,
1297 4953 1338 5010 ut
1362 4935 1430 5010 hoc
1445 4962 1614 5011 arcanum
1666 4931 1766 4989 ¹⁰⁰¹¹⁸
1782 4928 1818 4989 θῐ
1835 4916 1916 4987 fine·

631 5065 810 5135 decretum
830 5047 998 5152 pfoleral·
1770 5051 1945 5122 Patientia
1970 5047 2235 5148 philosophica,
2277 5071 2329 5129 est
2352 5052 2498 5129 obedire
2518 5051 2613 5128 rationi

731 5168 805 5241 Nec
827 5175 911 5234 sunt
934 5160 980 5254 ¹in
1003 5153 1080 5224 Deo
1109 5153 1293 5242 fingendae
1323 5159 1618 5231 contradictoriae
1669 5154 1708 5224 in
1722 5154 1939 5245 perferendis
1954 5157 2128 5242 adversis,
2156 5181 2246 5250 quae
2262 5161 2354 5231 ratio
2371 5161 2615 5238 interferens

632 5276 843 5348 voluntates.
883 5259 957 5332 Nec
973 5257 1199 5346 cogitandum
1213 5270 1277 5328 est.
1323 5257 1502 5328 Fortassis
1516 5261 1615 5332 aliud
1669 5278 1772 5346 saepe
1787 5269 1838 5325 est
1854 5255 1931 5324 sine
1946 5256 2018 5326 ulla
2032 5280 2092 5350 spe
2105 5258 2326 5331 liberationis
2341 5265 2403 5334 abt
2416 5264 2542 5346 ausilii,
2553 5259 2614 5328 sicat

634 5376 844 5454 anhelate,
870 5384 976 5458 qatam
995 5370 1097 5428 sonat
1115 5357 1314 5447 promissio.
1373 5361 1432 5431 Ab
1446 5355 1619 5432 harima-
1669 5359 1708 5426 in
1731 5356 1876 5428 Socrate
1896 5379 1961 5426 nec
1983 5379 2062 5450 spes
2083 5361 2208 5431 auxilii
2225 5363 2472 5452 inpraesentia
2492 5378 2552 5448 est,
2570 5379 2614 5428 ost

635 5474 815 5573 ginatione
839 5463 1057 5537 revocandae
1077 5473 1159 5528 saint
1181 5472 1317 5529 mentes
1337 5461 1382 5529 sd
1405 5461 1517 5552 ipsam
1534 5487 1618 5555 pro-
1669 5462 1748 5549 spes
1765 5457 1985 5528 liberationis
2001 5473 2094 5532 certa
2117 5473 2195 5551 post
2215 5479 2379 5540 mortem.
2430 5465 2510 5537 Fert
2526 5475 2612 5534 auten

634 5577 868 5654 missionem,
909 5577 945 5635 et
978 5559 1260 5632 constantissime
1297 5566 1524 5633 statuendum
1556 5580 1619 5645 est,
1674 5559 1886 5650 supplicium
1908 5560 1978 5645 sic,
2011 5583 2057 5631 ne
2086 5563 2291 5655 impellatur
2313 5567 2456 5654 dolore,
2492 5582 2529 5638 ut
2553 5576 2612 5650 opu

635 5680 770 5753 Filium
799 5673 882 5742 ideo
912 5663 1059 5734 missum
1082 5684 1176 5748 esse,
1214 5674 1256 5733 ut
1280 5655 1378 5733 hunc
1400 5664 1619 5736 voluntatem
1672 5673 1853 5730 externum
1877 5672 2001 5732 contra
2025 5662 2201 5734 iusticiam
2223 5680 2285 5738 aut
2309 5670 2509 5740 modestiam
2529 5661 2613 5734 facist

636 5776 772 5854 aeterni
788 5769 897 5870 patris
913 5763 1092 5850 ostendat,
1118 5774 1154 5833 et
1167 5785 1326 5834 veracem
1340 5765 1512 5838 nuncium
1534 5788 1619 5842 esse.
1675 5759 1763 5834 Cato
1779 5774 1902 5833 contra
1918 5762 2095 5835 iusticiam
2115 5765 2185 5837 sibi
2201 5780 2350 5839 mortem
2367 5770 2546 5840 consciscit
2574 5757 2614 5830 0¹·
