5825 6950
325 696 406 785 nea
523 680 627 761 xtrt
659 682 694 759 s.
718 666 1203 777 uulneratorum.
1227 656 1379 740 esum
1405 650 1477 756 ao
1499 650 1765 731 nouenos.
1821 654 1930 735 cae.
1954 657 2059 735 xcv.
2225 668 2329 757 102⁶

322 862 479 953 Phfflmi
502 862 547 936 de
566 854 653 932 'wi'
682 848 870 931 ww,
883 858 921 927 εἰ
937 844 1079 945 ,rppbffl
1108 838 1283 931 fmgtm.
1336 840 1440 908 vetur
1465 824 1600 922 Daniel
1633 823 1730 920 iuter
1762 826 1895 910 leones·
1941 826 2008 907 lli.
2024 847 2109 912 sunt
2140 836 2322 934 praecipui

320 984 442 1049 bamur·
897 986 900 997 ,
1336 930 1483 1019 gradus,
1521 946 1553 996 cc
1575 927 1729 1016 gloriosa
1751 930 1915 1019 libertas,
1955 937 2000 1010 de
2022 962 2092 1031 qua
2114 938 2151 1007 in
2176 942 2322 1014 invoca.

355 1137 358 1149 ι
376 1146 380 1157 .
402 1064 583 1147 Secundo,
606 1052 827 1147 extinguitur
838 1052 900 1130 lux
921 1052 966 1125 de
982 1046 1186 1121 discrimine
1203 1067 1283 1113 ιιηι.
1335 1035 1433 1109 tione
1447 1030 1608 1124 quotidie
1624 1032 1851 1121 cogitandum
1868 1047 1938 1121 est,
1967 1043 2062 1111 etde
2080 1035 2137 1111 bis
2151 1046 2321 1131 gradibus

318 1184 442 1253 tanum
470 1180 695 1243 externarum
728 1171 763 1229 et
793 1154 972 1235 novitatis¹
1000 1151 1164 1243 spiritus,
1212 1170 1281 1243 quea
1334 1134 1521 1225 praecipue
1545 1132 1691 1205 dicitur:
1717 1133 1758 1207 Si
1780 1158 1844 1208 vos
1864 1137 1959 1211 lilius
1979 1140 2203 1229 liberaverit,
2236 1169 2319 1221 vere

318 1270 457 1353 conversi
482 1269 525 1342 ad
544 1262 660 1337 Deum
683 1254 1042 1349 efficiunturtempla
1059 1250 1138 1325 Dei.
1191 1246 1281 1317 Cum
1334 1230 1439 1307 liberi
1461 1233 1573 1308 “3¹5⁸-

319 1392 416 1451 mm
430 1370 566 1461 obrepit
583 1363 727 1457 opinio,
753 1360 845 1432 rim,
867 1356 1098 1435 mommo„
1129 1351 1281 1425 metita.
1435 1336 1581 1410 Tertius
1601 1338 1732 1425 traduc
1752 1350 1804 1409 est
1827 1338 1992 1413 liberatio
2013 1343 2173 1435 apolitis
2192 1345 2315 1435 Moisi,
2360 1366 2366 1385 ¹

320 1497 409 1561 tum,
432 1476 547 1563 togam
573 1469 737 1539 laborum
762 1459 1005 1531 communium
1033 1456 1071 1525 in
1098 1453 1168 1525 vita
1188 1450 1280 1544 poli·
1333 1438 1497 1509 videlicet
1536 1464 1556 1505 a
1590 1440 1802 1508 ceremoniis
1826 1438 1995 1513 Moesicis
2028 1458 2063 1517 et
2098 1446 2236 1535 iegibus
2264 1451 2321 1520 io-

318 1584 390 1663 ttn,
413 1570 600 1648 dicrimine
614 1568 793 1643 ciborum,
820 1586 893 1633 esse
918 1561 1034 1631 cultus
1055 1556 1121 1629 Dei
1149 1568 1183 1627 et
1201 1576 1283 1647 per.
1333 1542 1497 1660 rensibus
1512 1538 1641 1611 Moisi:
1675 1542 1760 1635 quia
1777 1536 1912 1613 Christi
1932 1567 2079 1636 mgnum
2105 1561 2158 1618 est
2178 1552 2320 1623 restitu-

318 1683 503 1765 toettnnem
546 1673 782 1745 obscurantur
803 1664 877 1731 veri
901 1663 1034 1742 cultus,
1067 1658 1127 1753 qcri
1152 1658 1281 1725 debent
1332 1657 1382 1716 tro
1405 1656 1498 1713 vrtae
1526 1657 1687 1715 aeternae
1713 1655 1747 1716 et
1776 1643 1936 1715 iustitiae
1964 1661 2152 1739 aeternae,
2184 1653 2321 1725 abolito
2412 1668 2416 1676 ’

320 1806 379 1855 ω.
401 1775 584 1855 incende,
631 1773 758 1857 tioror,
806 1766 913 1846 tides,
953 1760 1142 1855 patientia,
1183 1779 1281 1853 spes,
1334 1758 1475 1838 peccato
1497 1756 1532 1815 et
1551 1757 1676 1818 morte.
1735 1742 1902 1817 lncoatur
1924 1761 2041 1820 autem
2065 1746 2135 1821 boc
2157 1774 2322 1842 regnum,

319 1882 440 1957 emim
457 1873 673 1965 coniugalis,
708 1884 744 1941 ,t
758 1867 817 1939 3133
835 1868 969 1939 fructu,
983 1862 1141 1953 „prim
1333 1847 1477 1939 quando
1500 1845 1655 1936 primum
1677 1843 1774 1917 filius
1799 1846 1973 1936 mittitur,
2007 1852 2219 1943 patefaciens
2235 1880 2322 1948 pro-

402 1980 545 2059 Tertio,
561 1968 871 2047 delemrdocffln,
888 1962 1176 2039 dedifflncfione
1193 1981 1279 2049 ope.
1335 1948 1561 2019 missionem:
1600 1944 1730 2017 Semen
1762 1948 1924 2023 mulieris
1962 1955 2186 2027 conculcabit
2217 1970 2322 2049 caput

319 2108 400 2163 mm,
445 2104 526 2153 cunr
549 2073 779 2153 ceremoniae
802 2070 1049 2141 anteferuntur
1071 2063 1281 2155 operibusa
1338 2050 1521 2139 serpentis.
1590 2045 1659 2118 llic
1684 2048 1779 2120 tilius
1801 2050 1931 2125 deiude
1952 2075 2091 2145 semper
2115 2072 2167 2129 est
2199 2057 2322 2130 efficax

319 2183 378 2255 Deo
400 2180 594 2261 mandam,
625 2192 667 2249 m
683 2166 849 2245 monachi
873 2168 1116 2261 praetulerunt
1132 2186 1214 2237 „103
1231 2162 1281 2233 ri.
1338 2175 1402 2245 per
1418 2149 1655 2221 ministerium
1668 2145 1876 2242 Evangelii,
1900 2168 1935 2225 et
1950 2152 2087 2248 Spiritu
2102 2173 2224 2232 sancto
2243 2185 2322 2230 mo-

319 2302 362 2357 tu
379 2283 541 2373 coniugio
563 2293 599 2352 et
620 2276 747 2349 officiis
771 2272 935 2367 politicis.
1342 2266 1448 2323 vetet
1464 2252 1857 2323 confirmatoredentes:
1880 2267 1915 2327 et
1931 2250 2018 2328 haec
2040 2282 2208 2351 persona,
2223 2261 2324 2333 Deus

344 2455 347 2469 Ι
400 2384 559 2475 Quum,
591 2380 731 2471 obrepi,
752 2375 876 2467 „pinpo
907 2368 1152 2459 Nec„,3tatis‚
1192 2388 1281 2459 quse
1337 2369 1371 2426 et
1386 2350 1514 2439 bomo,
1540 2367 1592 2423 est
1611 2367 1717 2445 caput
1731 2351 1928 2438 Ecclesiae,
1959 2373 1993 2429 et
2009 2383 2072 2449 per
2089 2356 2181 2432 hanc
2200 2385 2324 2455 perso·

323 2501 359 2559 αἱ
385 2486 577 2579 periculo„
609 2478 812 2553 carnificina
845 2472 1162 2555 conscientiarum,
1203 2490 1283 2539 rum
1335 2480 1418 2527 nam
1437 2454 1641 2524 immediate
1656 2456 1696 2524 fit
1714 2456 1932 2529 resuscitatio
1954 2475 2200 2550 mortuorum,
2231 2464 2325 2537 sicut

327 2590 397 2659 ,nim
423 2584 626 2661 obrepentia
658 2578 897 2655 humanorum
930 2577 1064 2649 rituum
1091 2568 1285 2641 necessaria
1337 2556 1470 2631 Paulus
1494 2556 1610 2650 inquit
1633 2557 1667 2629 1.
1683 2551 1847 2631 Corinth.
1865 2552 1942 2631 ts:
1968 2558 2159 2655 Postquam
2178 2588 2241 2657 per
2256 2560 2325 2637 bo-

330 2713 379 2759 m,
399 2703 570 2783 pamm„
609 2698 746 2757 mente,
766 2692 954 2771 occupatae
977 2670 1043 2747 hae
1067 2686 1164 2745 tanta
1186 2694 1288 2753 cura,
1337 2658 1471 2729 minem
1495 2680 1610 2739 mors,
1635 2657 1742 2728 etiam
1766 2682 1830 2748 per
1849 2654 2032 2731 hominem
2048 2664 2089 2734 iit
2102 2666 2325 2738 resuscitatio

327 2790 550 2883 mmmmm
567 2790 605 2859 in
620 2787 702 2857 ὠὴ
716 2779 922 2855 memmi,
936 2780 1064 2860 rehu„
1088 2798 1153 2846 nec
1167 2787 1284 2845 tamen
1337 2774 1573 2835 mortuorum.
1623 2756 1733 2845 ltem,
1764 2754 1943 2836 Dominus
1966 2762 2101 2859 inquit:
2127 2764 2249 2839 Omne
2270 2770 2327 2841 itr-

324 2912 423 2966 omocs
446 2894 541 2966 ritus
563 2911 703 2981 semper
723 2886 927 2957 observant·
949 2874 1024 2957 ,Et
1045 2902 1125 2951 cum
1150 2877 1289 2965 fingunt
1338 2862 1472 2934 dicium
1496 2860 1596 2933 dedii
1619 2860 1706 2935 5¹3⁰·

283 3066 284 3087 ,
323 3014 382 3065 esse
402 3009 563 3089 peccata,
603 2988 799 3085 impeditur
827 2982 1024 3067 invocatio,
1065 2978 1196 3049 deinde
1218 2970 1288 3047 hoc
1440 2960 1506 3033 Εὓῑ
1521 2958 1791 3053 ἷέἷῑῦῑΜωῖκ
1805 2986 1955 3055 “dnum
1973 2964 2080 3055 l⁰n3²
2097 2968 2327 3065 ’liffeim

283 3102 284 3141 t
322 3094 418 3181 ipsum
440 3112 491 3169 ..ι
513 3105 722 3189 peccatum,
748 3085 948 3159 existimare
967 3082 1064 3177 quod
1080 3080 1166 3154 talia
1181 3100 1289 3171 opera
1340 3065 1484 3159 politica
1499 3086 1627 3155 regna,
1651 3078 1687 3135 et
1703 3064 1883 3155 colligitur
1896 3068 1937 3136 in
1953 3062 2021 3136 bae
2035 3068 2107 3139 vita
2122 3093 2164 3139 er
2179 3072 2330 3143 diversis

320 3196 377 3269 ,tm
391 3199 501 3271 ,ultus
517 3194 588 3269 nei
597 3248 608 3281 ‚
633 3206 668 3265 et
685 3190 781 3287 quod
797 3188 941 3259 omissio
958 3186 1005 3256 sit
1020 3194 1214 3277 peccatum.
1340 3166 1524 3257 gentibus,
1550 3164 1613 3237 ubi
1628 3178 1712 3237 suut
1726 3164 1887 3238 diversae
1910 3167 2076 3260 politiae,
2100 3169 2191 3242 sicut
2210 3172 2330 3265 inquit

403 3298 561 3389 Quinto,
586 3293 710 3388 opinio
731 3286 949 3363 necessitatis
965 3285 1080 3378 gignit
1095 3280 1290 3355 discordias
1340 3270 1474 3342 Patrius
1489 3265 1609 3341 Coloe.
1622 3270 1677 3341 2.=
1704 3262 1848 3339 induite
1871 3292 2005 3341 novum
2029 3262 2232 3359 bominem,
2265 3274 2330 3368 qui

321 3400 539 3488 immite„
564 3399 657 3471 ,ficut
679 3394 766 3467 olim
790 3394 836 3463 de
855 3383 1027 3463 Pascbate
1047 3388 1193 3459 suerunt
1216 3382 1290 3453 dis-
1342 3384 1535 3445 renovatur
1572 3370 1616 3440 ad
1654 3368 1870 3458 agnitionem
1906 3372 2101 3442 mcundum
2138 3374 2330 3465 imaginem

322 3505 489 3580 “mium
1342 3477 1434 3556 eins,
1469 3472 1534 3568 qcri
1561 3468 1723 3544 condidit
1746 3494 1846 3552 eum,
1879 3472 1944 3546 nbi
1972 3488 2123 3546 nonest
2157 3472 2329 3565 Graecus,

405 3605 542 3690 Sexto,
590 3600 681 3674 ialso
712 3593 887 3669 tribuitur
915 3587 1104 3686 Episcopis
1139 3600 1292 3681 potestas
1342 3601 1408 3651 nec
1431 3573 1600 3661 ludaeos,
1624 3596 1690 3643 nec
1710 3593 1856 3659 servus,
1888 3599 1956 3646 nec
1978 3575 2091 3662 liber,
2121 3580 2183 3648 sed
2205 3581 2329 3652 omnia

321 3708 475 3780 tondendi
504 3703 740 3782 traditiones,
783 3721 865 3771 curn
893 3695 1066 3790 opinione
1095 3692 1212 3765 cultus
1233 3703 1295 3760 ant
1342 3679 1432 3752 etin
1449 3668 1817 3759 omnibustristur,
1844 3677 1970 3761 idest,
1995 3679 2330 3752 deusomnisbona

319 3809 536 3896 necessitatis,
568 3802 707 3904 quoties
732 3803 916 3893 ignoratur
935 3818 1041 3870 verus
1071 3815 1160 3868 usus
1181 3789 1295 3864 tradi·
1343 3804 1410 3852 ⁸11⁰
1433 3780 1580 3860 merito,
1622 3777 1755 3847 scilicet
1795 3776 2038 3850 remissionem
2061 3794 2334 3869 peccatorumet

319 3908 449 3984 uanum,
519 3947 529 3964 ,
1345 3880 1690 3963 reconciliationem,
1709 3893 1743 3950 et
1759 3877 1866 3949 simul
1880 3879 2039 3950 efficiens
2052 3879 2092 3950 in
2105 3884 2332 3957 credentibus

401 4011 491 4088 Cum
511 4009 624 4102 igitur
639 4027 740 4078 error
756 4003 801 4074 de
816 3997 1095 4076 Traditionibua
1108 3995 1221 4068 muita
1237 3993 1296 4065 in·
1348 4008 1477 4056 novem
1497 3983 1634 4062 lucem,
1666 3977 1842 4050 iusticiam
1863 3995 1899 4052 et
1919 3980 2042 4058 vitam.

321 4119 486 4187 commoda
519 4111 652 4207 pariat,
692 4127 832 4178 necesse
856 4116 909 4174 est
933 4103 972 4172 in
995 4095 1154 4174 Ecclesia
1179 4111 1296 4169 extare
1448 4081 1545 4155 Haec
1576 4081 1756 4154 distinctio
1781 4081 1883 4171 regni
1904 4077 2040 4154 Christi
2064 4097 2099 4156 et
2126 4083 2334 4179 politiorum

323 4215 501 4290 doctrinam
523 4217 567 4286 de
584 4235 652 4288 usu
674 4232 796 4282 earum
818 4218 912 4278 recte
936 4203 1143 4295 explicatam
1162 4215 1196 4272 et
1213 4223 1296 4294 per·
1349 4187 1475 4258 mundi
1492 4186 1645 4278 primum
1662 4184 1848 4274 meilande
1865 4198 1937 4270 ⁰⁸¹»
1961 4199 2080 4275 9⁰⁵1st
2094 4187 2335 4277 mellendum·

320 4317 470 4408 spicuam,
1349 4311 1459 4386 quare
1488 4287 1533 4358 ad
1556 4302 1696 4378 tempus
1725 4284 1834 4356 fuerit
1865 4285 2027 4359 instituta
2057 4287 2183 4378 politia
2212 4287 2335 4375 Moisi,

407 4416 573 4492 Primum
595 4427 711 4486 autem
730 4422 815 4480 nota
831 4405 877 4478 sit
892 4405 1054 4482 doctrina
1076 4405 1120 4476 de
1134 4402 1297 4474 libertate
1350 4385 1871 4486 quaeduravitannos1582.
1922 4386 1995 4461 Tot
2018 4390 2114 4461 enim
2140 4402 2223 4460 sunt
2245 4391 2335 4462 anni
2419 4391 2425 4399 ’

323 4511 535 4606 Christiana,
565 4517 609 4588 de
627 4539 694 4610 qua
713 4511 859 4594 usitate,
890 4507 1043 4578 docendi
1057 4529 1183 4598 eausa,
1207 4527 1298 4598 qua·
1349 4495 1395 4564 ab
1416 4493 1513 4563 exitu
1535 4515 1577 4562 ex
1601 4485 1764 4585 Aegypto
1792 4492 1836 4560 sd
1869 4489 2031 4560 ultimam
2059 4491 2335 4563 destructionem

322 4635 390 4694 tuor
412 4627 545 4714 gradus
574 4620 613 4689 in
637 4613 703 4690 hac
727 4615 799 4685 vita
824 4609 986 4684 iacimus.
1089 4615 1092 4626 ‘
1352 4593 1586 4688 ierosolymae
1601 4593 1669 4662 sub
1685 4587 1785 4664 Tito.
1835 4587 1961 4662 Voluit
1976 4590 2072 4660 enim
2086 4587 2184 4662 Deus
2204 4607 2335 4662 certam

409 4725 555 4798 Primus
569 4733 620 4794 est
640 4714 804 4790 liberatio
819 4737 838 4784 a
852 4722 996 4804 peccato
1016 4719 1052 4778 et
1074 4707 1127 4781 ira
1154 4701 1240 4788 Dei,
1266 4713 1301 4772 et
1350 4719 1423 4766 esse
1439 4698 1557 4764 sedem
1577 4692 1674 4763 itlius
1689 4689 1835 4784 populi,
1852 4689 1978 4786 inquo
1991 4691 2108 4762 voluit
2123 4693 2220 4763 nasci
2235 4691 2336 4764 Mes·

323 4825 540 4899 damnatione
562 4835 705 4894 aeterna
728 4828 873 4912 propter
893 4809 1146 4906 mediatorem,
1172 4803 1300 4874 videli-
1351 4799 1460 4882 siam,
1499 4797 1617 4887 palam
1643 4791 1874 4882 concionari,
1913 4792 2009 4884 pati,
2050 4793 2261 4866 reviviscere
2295 4821 2337 4868 er

323 4941 367 4998 cet
397 4925 576 5000 Remissio
617 4933 842 5016 peccatorum
878 4927 914 4984 et
942 4907 1210 4994 reconciliatio,
1261 4927 1301 4974 ac
1350 4913 1482 4982 morte,
1507 4895 1709 4968 testimonia
1727 4894 1928 4968 ostendere.
1978 4891 2076 4964 llaec
2100 4907 2142 4966 ut
2163 4911 2257 4969 certa
2281 4921 2336 4968 es·

323 5025 512 5104 iustificatio
540 5050 601 5099 seu
628 5019 817 5115 imputatio
841 5009 1000 5087 iusticias
1029 5009 1182 5106 gratuita
1215 5030 1301 5098 pro·
1352 5015 1448 5086 sent,
1473 4997 1588 5071 voluit
1605 4991 1702 5068 Deus
1718 4993 1920 5066 distinctam
1943 5016 2017 5067 esse
2036 5010 2177 5088 gentem
2194 5011 2229 5068 et
2243 4999 2338 5089 poli·

323 5142 391 5220 pter
414 5131 659 5216 mediatorem.
1351 5103 1438 5174 tiam
1454 5123 1474 5170 a
1489 5100 1634 5170 caeteris
1648 5095 1825 5190 gentibus.
1876 5093 2004 5168 Postea
2027 5112 2214 5192 postquam
2235 5095 2338 5170 exhi.

414 5229 601 5319 Secundus
616 5221 828 5297 coniunctus
844 5231 898 5293 est
917 5240 998 5290 cum
1020 5211 1138 5306 primo
1156 5211 1200 5281 de
1218 5207 1302 5280 elie-
1353 5205 1449 5276 bitus
1473 5216 1525 5273 est
1543 5198 1710 5283 Messias,
1735 5199 1848 5268 deleta
1873 5211 1924 5272 est
1940 5193 2029 5271 baec
2043 5198 2187 5294 politia,
2214 5211 2253 5271 ut
2268 5201 2337 5270 sci·

325 5331 451 5418 stione,
493 5328 660 5404 videlicet
693 5319 895 5394 vivificatio
919 5319 959 5388 in
986 5307 1111 5398 nobis,
1150 5335 1241 5408 quae
1264 5309 1305 5381 tit
1352 5320 1469 5390 retur,
1494 5302 1593 5377 aliud
1616 5323 1856 5393 esserepnurn
1874 5293 2029 5386 Christi,
2053 5301 2153 5372 aliud
2174 5299 2336 5396 politiam

324 5438 512 5520 partilium
533 5431 602 5506 Dei
627 5423 863 5498 vivificantem
885 5421 1012 5509 corda,
1037 5430 1073 5487 ct
1093 5415 1304 5488 liberantem
1352 5404 1562 5480 Mosaicam.

326 5556 363 5606 ex
383 5537 568 5610 doloribus
590 5533 808 5610 inferorum,
848 5525 981 5593 donato
1005 5517 1142 5610 Spiritu
1166 5528 1304 5585 sancto:
1455 5505 1510 5578 Er
1525 5501 1582 5576 his
1598 5502 1757 5577 lontibus
1779 5501 1932 5594 intelligi
1954 5514 2090 5597 potest,
2112 5525 2179 5574 nos
2194 5526 2269 5572 non
2284 5504 2340 5573 al-

327 5649 356 5706 et
377 5640 505 5710 deinde
526 5635 675 5707 adsidua
698 5624 895 5722 praesentia
912 5619 1111 5694 divinitatis
1134 5617 1173 5686 in
1199 5617 1304 5686 invo-
1355 5609 1482 5700 ligatos
1499 5606 1632 5679 rasead
1655 5605 1871 5678 ceremonias
1886 5619 1923 5676 et
1938 5605 1994 5674 ius
2010 5603 2204 5696 positivum
2217 5602 2340 5688 Moisi,

328 5741 502 5826 rantibus,
531 5759 675 5830 regens,
706 5741 912 5822 protegens,
951 5724 1142 5806 adiuvans,
1183 5716 1307 5788 multia
1354 5714 1412 5783 scd
1431 5709 1592 5800 singulos
1608 5709 1649 5778 in
1671 5708 1743 5778 suis
1767 5704 1904 5798 politiis
1917 5704 1971 5803 uti
1986 5727 2090 5796 posse
2105 5704 2242 5792 legibus
2257 5729 2339 5776 curn

329 5837 495 5914 mirandis
515 5833 790 5911 liberationibus
809 5849 954 5899 servans
970 5846 1051 5912 eos,
1073 5833 1114 5894 ut
1133 5843 1213 5894 cum
1233 5839 1308 5890 ser·
1356 5812 1497 5884 ratione
1518 5809 1816 5904 congruentibus,
1854 5827 1942 5898 quas
1961 5804 2077 5878 sanxit
2097 5803 2174 5876 eius
2194 5807 2341 5898 politiae

376 5939 558 6013 itesam.
587 5943 690 6010 orn.
714 5938 797 6002 voc.
825 5929 905 5998 XV.
1806 5901 1858 5976 65
