5825 6950
1073 1729 1148 1816 ΙΝ
1198 1723 1680 1814 svaudunum
1729 1724 2036 1818 losts·

1321 1885 1768 2004 nroaeroaurua
2032 1888 2035 1897 ·

516 2097 628 2183 *De
655 2105 933 2184 discrimine
958 2105 1103 2210 Legis
1128 2123 1168 2185 et
1194 2108 1471 2211 Evangelii.
1664 2106 1910 2207 ¹thuoniam
1927 2114 2026 2185 testis
2051 2077 2269 2188 estloannes
2290 2130 2409 2188 tantae
2433 2117 2507 2200 rei,
2534 2131 2570 2187 et

517 2240 644 2358 1⁰55,
691 2282 928 2354 enarrationi,
967 2279 1248 2376 &meliorum
1291 2307 1433 2357 necem
1470 2298 1522 2355 m
1573 2228 1746 2388 inauratae
1763 2230 1922 2335 autorem
1938 2217 2211 2304 vitassemus,
2239 2221 2413 2314 quaedam
2431 2219 2477 2288 de
2494 2218 2571 2320 ipso

1590 2343 1708 2392 oaune
1724 2320 1905 2391 recrtanda
1923 2333 2018 2392 sunt.

518 2387 595 2463 ‚dici
619 2386 663 2456 de
689 2385 897 2458 discrimine
916 2385 1024 2476 Legis
1047 2400 1082 2458 et
1102 2383 1304 2478 Evangelii.
1356 2385 1428 2458 Sed
1451 2381 1522 2456 hoc
1571 2425 1575 2432 ·

520 2491 641 2584 ipsum
656 2488 766 2560 tradit
783 2487 935 2557 loannes
951 2487 1068 2559 statim
1083 2489 1122 2558 in
1142 2490 1258 2582 primo
1271 2491 1397 2581 capite.
1429 2488 1520 2560 Nam

523 2592 648 2683 etipse
664 2589 837 2661 iudicavit
856 2591 1052 2661 necessario
1076 2592 1115 2660 in
1133 2586 1290 2664 Ecclesia
1307 2588 1375 2664 boc
1393 2591 1521 2662 discri-
1708 2665 1711 2674 ,

514 2710 607 2766 men
639 2692 873 2780 tradendum,
911 2695 1203 2785 propagandum,
1244 2710 1277 2765 et
1306 2717 1523 2786 conservari·
1645 2688 1728 2791 Es
1745 2693 1890 2763 caeteris
1905 2692 2139 2785 scriptoribus
2159 2688 2328 2764 historiae
2349 2693 2573 2783 evangelicoe

523 2800 712 2870 domasse.
764 2794 874 2886 Quod
897 2795 968 2865 nisi
992 2808 1084 2867 extet
1104 2809 1139 2867 et
1155 2797 1411 2890 conspiciatur,
1436 2791 1522 2867 hor·
1573 2809 1718 2887 apparet
1742 2793 1913 2866 loannem
1937 2796 2047 2866 luisse
2069 2795 2182 2864 filium
2207 2785 2410 2882 Zebedaei,
2445 2811 2481 2868 et
2505 2799 2575 2869 lra-

524 2903 656 2972 rendas
677 2900 844 2970 tenebras
865 2901 910 2969 de
932 2922 1071 2970 summa
1093 2901 1297 2984 doctrinae,
1321 2902 1366 2971 de
1387 2899 1523 2970 benefi-
1573 2913 1663 2969 trem
1681 2899 1757 2968 eius
1771 2896 1961 2987 Iacobum,
1987 2897 2051 2992 qui
2066 2900 2111 2968 ab
2125 2894 2272 2967 Herode
2287 2898 2504 2971 interfectus
2519 2915 2578 2984 est,

517 3002 591 3086 ,ciis
613 2995 766 3091 Christi,
801 3002 846 3072 de
868 3020 952 3072 vera
979 3001 1225 3087 invocatione,
1264 3005 1309 3074 de
1335 3003 1433 3085 lide,¹
1458 3025 1522 3073 ne·
1574 3024 1669 3073 anno
1693 3015 1820 3094 quarto
1840 3016 1921 3092 post
1947 3000 2242 3071 resurrectionem
2265 2993 2428 3087 Christi,
2457 3017 2576 3074 utan-

525 3127 621 3178 cesse
636 3117 687 3173 est
701 3104 812 3198 sequi.
867 3104 988 3194 Quare
1003 3102 1080 3175 Deo
1096 3105 1225 3193 gratias
1243 3128 1399 3196 agamus,
1426 3106 1522 3198 quod
1575 3103 1714 3175 notavit
1731 3098 1920 3176 Eusebius.
1973 3098 2277 3202 Aniueritnatus
2294 3099 2575 3174 exsororeMa·

524 3201 620 3277 hanc
657 3205 773 3276 lucem
802 3194 982 3276 Ecclesiae
1011 3228 1094 3276 suae
1115 3206 1291 3292 restituit,
1332 3221 1374 3279 ut
1398 3229 1523 3276 verum
1575 3207 1669 3288 riae,
1696 3218 1941 3292 nonconstat,
1969 3207 2029 3274 sed
2046 3219 2165 3276 tamen
2182 3216 2347 3292 cognatas
2364 3206 2480 3277 fuisse
2497 3231 2575 3277 con·

516 3307 720 3380 'discrimen
733 3307 839 3399 Legis
863 3321 897 3379 et
913 3304 1100 3399 Evangelii
1122 3309 1365 3401 intelligatur,
1391 3323 1426 3379 et
1440 3332 1525 3402 pre·
1575 3321 1785 3378 scotaneum
1811 3322 1873 3382 est.
1926 3306 2035 3396 Quod
2060 3331 2144 3377 vero
2158 3302 2325 3377 Christus
2345 3311 2577 3379 commenda-

527 3434 651 3483 cemur
665 3434 766 3498 eum,
791 3425 834 3484 ut
850 3425 985 3484 mentes
1001 3426 1140 3484 nostras
1154 3415 1341 3495 accendat,
1366 3426 1408 3485 ut
1425 3423 1525 3483 tanto
1575 3407 1672 3484 vitei
1691 3423 1860 3497 matrem,
1886 3411 1952 3481 etsi
1970 3411 2170 3501 exemplum
2189 3411 2235 3480 ad
2258 3431 2387 3481 omnes
2415 3413 2579 3503 pertinet,

526 3538 678 3585 munere
707 3515 746 3583 in
774 3516 1002 3586 invocatione
1024 3511 1112 3599 Dei,
1154 3530 1188 3585 et
1218 3516 1393 3587 exercitiis
1431 3512 1527 3600 fidei,
1575 3513 1948 3602 tamensignificatum
1971 3513 2146 3597 arbitror,
2180 3508 2279 3583 huuc
2307 3510 2581 3608 interAposto-

527 3618 620 3708 grati
635 3630 789 3691 utamur.
839 3614 1015 3687 Differam
1036 3629 1155 3687 autem
1176 3620 1376 3690 doctrinam
1396 3621 1440 3688 de
1457 3612 1527 3687 ho'c
1577 3618 1631 3686 los
1660 3615 1859 3687 diutissime
1890 3617 2171 3707 gubernatumm
2193 3612 2411 3690 Ecclesiam.
2482 3617 2583 3690 Hanc

528 3719 738 3801 discrimine
761 3722 805 3789 ad
828 3719 1089 3791 enarrationem
1119 3719 1194 3792 eius
1214 3722 1285 3794 loci
1315 3720 1353 3791 in
1379 3722 1411 3791 1.
1430 3744 1525 3813 cap:
1579 3720 1610 3789 ei
1634 3733 1782 3789 matrem
1807 3720 1994 3809 praecipue
2017 3712 2185 3788 Christus
2213 3717 2332 3787 voluit
2367 3744 2581 3805 essecurae,

526 3820 604 3892 Lex
620 3845 687 3921 per
702 3818 831 3893 Mosen
849 3823 929 3892 data
953 3833 1026 3906 est,
1050 3822 1162 3911 gratia
1186 3834 1220 3893 et
1241 3822 1370 3893 veritas
1389 3848 1454 3916 per
1473 3819 1529 3893 le-
1578 3846 1618 3891 ac
1638 3822 1760 3891 scribit
1784 3816 2011 3912 Sophrouius
2034 3820 2095 3891 68.
2118 3842 2214 3889 anno
2238 3833 2318 3911 post
2346 3826 2581 3897 resurrectio-

446 3956 451 3965 ·
528 3946 609 3994 sum
623 3918 807 3995 Christum
823 3924 912 3994 facta
930 3937 994 3995 est.
1578 3946 1660 3993 nem
1682 3918 2012 4012 Christiloannem
2042 3946 2116 3993 esse
2139 3937 2322 3993 mortuum
2343 3920 2505 4017 Ephesi,
2532 3926 2581 3995 vi-

633 4022 684 4097 Ut
697 4039 815 4097 autem
834 4026 880 4095 ab
902 4025 1009 4097 initio
1031 4028 1157 4097 mundi
1179 4022 1357 4095 Ecclesiae
1381 4024 1531 4120 traditae
1579 4027 1723 4111 delicet,
1749 4025 1856 4097 tertio
1870 4024 2017 4097 Traiani
2032 4050 2142 4110 anno,
2168 4048 2248 4095 cum
2265 4028 2401 4097 caeteri
2418 4024 2583 4123 Apostoli

531 4142 615 4199 sunt
631 4129 882 4219 promissiones
901 4130 946 4199 de
961 4126 1113 4213 Messio,
1149 4150 1253 4222 quem
1277 4125 1441 4199 aeternus
1464 4151 1528 4219 pa·
1579 4142 1613 4198 et
1629 4127 1763 4199 Paulus
1777 4128 1893 4201 multo
1911 4144 1992 4200 ante
2007 4128 2152 4200 extincti
2176 4143 2300 4201 essent.
2364 4128 2506 4204 Docuit
2523 4132 2584 4222 igi-

530 4244 587 4303 ter
601 4253 669 4323 pro
683 4232 788 4300 nobis
803 4230 918 4303 voluit
941 4231 1016 4301 lieri
1040 4231 1245 4315 victimam,
1278 4243 1313 4300 et
1335 4255 1441 4325 quem
1465 4254 1529 4299 vo·
1580 4243 1639 4301 tur
1653 4254 1728 4302 non
1751 4229 1876 4322 exiguo
1898 4247 2075 4324 tempore,
2106 4229 2273 4301 videlicet
2295 4254 2420 4303 annos
2447 4237 2585 4307 circiter

531 4333 603 4405 luit
624 4356 700 4403 esse
722 4337 960 4405 redemtorem
985 4346 1018 4404 et
1048 4333 1259 4404 salvatorem
1290 4334 1429 4422 generis
1457 4325 1528 4403 hu-
1579 4334 1641 4408 67.
1668 4332 1816 4405 interim
1832 4349 1867 4406 et
1881 4336 2036 4405 exulavit
2049 4332 2260 4427 aliquandiu
2275 4336 2347 4405 snb
2363 4333 2586 4423 Domitiano,

531 4436 645 4511 mani.
698 4430 746 4507 Et
761 4436 1015 4527 promissiones
1041 4436 1122 4507 illas
1133 4434 1257 4508 Patres
1278 4449 1314 4507 et
1329 4430 1529 4528 Prophetae
1580 4435 1682 4509 cuius
1696 4436 1783 4506 actis
1798 4437 1952 4509 rescissis
1966 4440 2033 4509 sub
2051 4434 2231 4517 Traiano,
2257 4430 2456 4528 Ephesum
2473 4443 2583 4514 rediit.

533 4537 703 4609 omnibus
731 4539 972 4629 temporibus,
1013 4539 1128 4609 donec
1153 4539 1230 4630 ipse
1249 4537 1400 4611 Messias
1420 4538 1531 4625 venit,
1580 4538 1773 4610 Auditores
1801 4553 1882 4630 post
1909 4563 1946 4611 se
1973 4538 2122 4633 reliquit
2150 4537 2333 4629 Ignatium
2363 4538 2584 4638 Episcopum

531 4655 833 4735 propagaverunt.
900 4638 952 4712 lta
994 4654 1116 4733 postea
1153 4638 1318 4732 Apostoli
1356 4656 1531 4715 testantur
1581 4636 1868 4724 Antiochenum,
1915 4639 2153 4739 Polycarpum
2191 4636 2422 4737 Episcopum
2467 4648 2586 4743 Smyr·

535 4738 634 4813 huuc
654 4740 824 4814 Messiam
847 4739 1045 4816 exhibitum
1069 4768 1162 4831 esse,
1191 4758 1225 4814 et
1248 4744 1360 4838 ipsius
1379 4746 1532 4817 recitant
1580 4768 1736 4828 uacum,
1787 4757 1822 4816 et
1863 4743 2010 4837 Papiam
2061 4739 2281 4837 Episcopum
2335 4744 2587 4846 Hierapoleos.
2629 4798 2630 4841 ᾗ

535 4846 756 4932 doctrinam,
779 4860 949 4933 mortem,
972 4863 1006 4920 et
1025 4846 1330 4922 resurrectionem.
1582 4846 1727 4939 Quanta
1742 4847 1865 4917 messis
1880 4843 2089 4937 Evangelii,
2112 4859 2244 4941 quanto
2261 4841 2457 4925 Ecclesiae
2481 4854 2587 4925 felici·
2628 4902 2629 4937 ,

639 4946 719 5019 Hoc
737 4950 887 5020 consilio
904 4948 1055 5021 loannes
1072 4962 1108 5021 ct
1123 4944 1219 5020 hanc
1240 4946 1426 5021 historiam
1444 4972 1532 5020 con·
1582 4966 1634 5022 tas
1650 4950 1738 5034 fuit,
1762 4960 1834 5019 tam
1859 4950 1967 5041 longo
1981 4966 2140 5043 tempore
2164 4948 2291 5020 audire
2308 4948 2535 5047 Apostolum
2559 4968 2589 5025 ct
2627 4980 2628 5032 t

536 5051 699 5142 scripsit,
740 5066 781 5123 ut
812 5052 851 5120 in
872 5048 1031 5123 Ecclesia
1054 5054 1153 5123 testis
1185 5066 1276 5124 esset
1298 5054 1343 5122 de
1372 5048 1531 5125 exhibito
1584 5054 1659 5124 eius
1681 5051 1899 5144 discipulos?
1957 5052 2028 5126 Sed
2065 5070 2186 5126 tamen
2217 5048 2289 5124 boc
2318 5055 2404 5149 ipso
2433 5075 2588 5153 tempore
2626 5074 2627 5126 t

520 5152 692 5238 Massia,
721 5168 756 5225 et
777 5168 928 5225 mortem
952 5167 986 5225 et
1009 5155 1304 5227 resurrectionem
1324 5155 1400 5226 eius
1424 5179 1533 5248 expo-
1583 5154 1688 5226 multi
1714 5153 2042 5229 fanatici'doctores
2068 5156 2196 5249 passim
2224 5161 2351 5249 vagati
2381 5178 2488 5236 sunt:
2523 5165 2587 5234 iam
2625 5164 2626 5226 l

537 5270 659 5341 neret,
691 5270 726 5328 et
748 5257 918 5329 beneficia
943 5271 1175 5342 monstraret,
1214 5269 1361 5351 propter
1381 5282 1472 5352 quae
1489 5260 1535 5328 li·
1582 5254 1703 5329 Ebion
1720 5269 1753 5326 et
1768 5253 1960 5329 Cerinthus
1981 5258 2168 5330 turbarant
2182 5253 2393 5352 Ecclesiae,
2420 5270 2488 5363 qni
2509 5288 2588 5337 con·
2624 5256 2625 5322 l

537 5362 921 5451 bcranturapeccato,
946 5360 994 5431 ab
1016 5362 1070 5432 ira
1086 5356 1175 5444 Dei,
1200 5373 1236 5431 et
1254 5361 1438 5432 donantur
1461 5363 1534 5435 vita
1584 5362 1777 5433 tendebant
1793 5360 1830 5429 in
1846 5356 1990 5432 Christo
2007 5385 2081 5432 esse
2097 5373 2235 5432 tantum
2262 5358 2473 5441 humanam
2489 5384 2587 5441 natu·
2622 5358 2624 5418 l

539 5476 696 5535 aeterna.
748 5458 847 5533 Haec
870 5476 922 5533 est
937 5457 1047 5535 huius
1070 5459 1238 5534 historiae
1260 5485 1417 5549 summa,
1444 5464 1535 5541 sicut
1585 5488 1680 5549 ram,
1710 5465 1755 5534 ad
1779 5458 1843 5533 hos
1864 5465 2110 5555 reprimendos
2135 5478 2168 5535 et
2191 5463 2415 5545 refutandos
2439 5472 2586 5546 loannes

540 5566 617 5658 ipse
635 5562 788 5634 loannes
813 5565 994 5655 sapienter
1020 5578 1142 5636 monet
1164 5566 1208 5635 de
1224 5580 1411 5638 summast
1427 5590 1535 5658 scopo
1585 5566 1725 5657 scripsit
1738 5561 1973 5657 Evangelium
1995 5591 2117 5662 suum,
2150 5580 2191 5638 ut
2213 5580 2416 5647 testaretur
2439 5580 2534 5649 clare
2556 5588 2587 5645 et

540 5666 703 5748 consilii,
729 5690 804 5757 cap·
819 5668 899 5741 20.:
926 5664 1025 5739 Haec
1047 5670 1177 5760 scripta
1201 5680 1301 5753 sunt,
1326 5681 1366 5740 nt
1384 5672 1535 5741 credatis
1585 5669 1830 5761 expresse,'in
1851 5666 1991 5743 Christo
2015 5673 2103 5742 duas
2128 5690 2201 5739 esse
2226 5687 2402 5764 naturas,
2431 5681 2585 5753 divinam

541 5772 638 5865 quod
654 5768 751 5842 lesus
764 5784 816 5839 est
828 5766 1012 5857 Christus,
1038 5786 1074 5843 et
1092 5784 1132 5843 ut
1147 5772 1331 5843 credentes
1344 5772 1454 5843 vitam
1470 5768 1535 5845 ha·
1586 5788 1620 5843 et
1636 5770 1849 5857 humanam,
1872 5773 1990 5845 unitas
2006 5774 2073 5859 ita,
2097 5786 2139 5846 ut
2154 5772 2199 5843 sit
2213 5797 2292 5847 una
2312 5804 2471 5872 persona
2488 5780 2584 5858 Chri.
2618 5768 2620 5851 ἶ

538 5871 655 5945 beatis
669 5872 710 5943 in
725 5872 975 5949 nominecius.
1586 5888 1659 5947 stus
1680 5874 1776 5947 filius
1796 5872 1879 5963 Dei,
1917 5890 1952 5949 et
1971 5877 2147 5950 mediator
2170 5892 2311 5954 noster.
2376 5886 2587 5964 Recitator

1922 2520 1993 2610 Da
2019 2517 2213 2596 Ioanne.

2614 6130 2616 6190 l

2613 6220 2615 6286 l

2612 6322 2614 6382 l

2605 6402 2613 6533 l
