5825 6950
590 675 667 754 550
1019 737 1025 746 ,
1159 657 1287 734 run.
1314 657 1432 738 MEL.
1457 655 1672 734 sthPTat
1699 655 1996 734 ExEGETlCA.
2246 745 2255 758 ,
2322 743 2327 754 ,
2388 745 2393 756 ,
2514 665 2565 742 aaa

593 853 730 945 cipere,
769 857 804 916 et
830 849 1063 934 aspernentur
1086 827 1184 907 banc
1203 832 1423 905 ineffabilem
1441 829 1584 904 bouita-
1636 847 1705 922 tae,
1729 857 1811 906 casm
1824 831 2000 925 promittit
2018 831 2137 918 vitam,
2167 831 2285 914 idest,
2308 831 2567 916 laetitiamviata

594 973 687 1038 eam,
712 959 872 1042 pereunt.
929 940 1002 1014 Nec
1023 940 1110 1010 fades
1132 950 1186 1010 eat
1206 937 1319 1010 otiosa
1342 935 1494 1022 noticia,
1524 935 1585 1006 aed
1637 937 1746 1017 riam.
1774 949 1952 1006 aeternam
1969 935 2116 1006 salutern
2132 935 2300 1006 credenti.
2340 932 2567 1030 Scdsyeophan.

596 1076 753 1129 crescere
767 1073 846 1123 earn
862 1048 901 1116 iu
919 1043 1062 1115 assidua
1074 1042 1190 1126 lucta,
1216 1039 1253 1107 in
1276 1038 1523 1120 invocatione,
1547 1037 1587 1108 in
1637 1054 1693 1110 tae
1716 1037 1862 1132 quidam
1882 1038 2146 1112 calumniantur
2162 1059 2308 1128 ssnnmaa
2329 1059 2347 1108 a
2364 1035 2465 1110 Paulo
2480 1041 2569 1134 citatas

597 1157 766 1231 omnibns
787 1147 938 1242 negotiis
965 1160 1001 1217 et
1025 1143 1192 1236 periculis
1223 1155 1374 1234 oportet.
1440 1139 1587 1232 Semper
1638 1142 1763 1214 dicunt
1785 1139 1877 1211 male
1905 1144 2061 1212 detortae
2089 1161 2164 1212 esse
2189 1141 2233 1210 ud
2256 1135 2437 1210 Paulinam
2464 1165 2571 1225 canno,

597 1263 714 1348 luceat
729 1257 769 1326 in
784 1253 973 1334 cordibus,
998 1247 1095 1341 quod
1110 1245 1208 1316 Deus
1223 1258 1367 1336 propter
1384 1243 1497 1314 lilium
1513 1267 1588 1314 me·
1638 1244 1718 1316 Hoc
1742 1244 1933 1337 inquiunt,
1959 1246 2082 1334 agebat
2104 1241 2254 1328 Paulus,
2280 1237 2438 1312 homines
2458 1252 2572 1320 recanat.

599 1364 777 1434 dictorem
791 1355 897 1428 nobis
909 1353 956 1424 ait
969 1349 1166 1444 propicius,
1185 1347 1233 1418 sit
1246 1347 1500 1440 opitulaturos.
1542 1343 1589 1418 Et
1639 1346 1719 1418 liari
1741 1344 1819 1417 Deo
1852 1370 1915 1438 per
1948 1346 2053 1416 fidem
2079 1345 2118 1414 in
2143 1340 2352 1416 Christum:
2386 1358 2418 1414 at
2442 1345 2573 1438 Propheta

599 1462 667 1536 hac
681 1463 749 1534 lide
765 1460 969 1530 invocemus
983 1475 1085 1536 eum,
1112 1463 1148 1522 et
1165 1463 1326 1543 petamus
1339 1450 1503 1520 omnium
1526 1471 1588 1518 ne·
1640 1473 1715 1523 uon
1737 1449 1827 1519 dixit
1849 1450 1886 1519 iu
1907 1473 1948 1518 eo
1969 1448 2048 1518 luco
2073 1448 2118 1518 de
2131 1442 2285 1520 Christo.
2337 1445 2421 1518 lten
2435 1472 2503 1518 cnm
2516 1453 2572 1524 alili

601 1565 780 1660 gottorum
810 1574 845 1633 ει
881 1556 1120 1650 periculorum
1154 1553 1463 1642 gubernationem.
1538 1548 1589 1620 lta
1642 1553 1726 1627 citat
1742 1551 1877 1623 dictum
1891 1552 1938 1620 de
1956 1551 2024 1622 fide
2041 1545 2223 1622 Abrahae:
2249 1543 2428 1620 abraham
2449 1555 2573 1626 creditae

601 1679 765 1741 crescunt
782 1665 821 1734 iu
836 1661 1004 1732 cordibus
1019 1657 1161 1748 piorum
1177 1655 1282 1740 fides,
1307 1669 1342 1728 ει
1358 1677 1441 1724 vera
1454 1653 1590 1746 agnitio
1643 1652 1850 1726 habiturum
1864 1668 2021 1745 posteros
2037 1677 2079 1722 ex
2092 1675 2128 1722 se
2145 1665 2366 1744 propagatos.
2399 1703 2402 1712 .
2424 1652 2508 1742 Quid
2520 1659 2573 1728 hae

600 1771 682 1846 Dei.
733 1764 840 1856 Quod
863 1777 979 1834 antem
1002 1757 1358 1844 veracitsentsntia,
1384 1779 1591 1852 quampro-
1643 1757 1748 1839 fides,
1773 1756 1961 1848 inquiunt,
1995 1756 2038 1826 ad
2056 1752 2158 1825 Pauli
2183 1777 2322 1825 causam
2340 1756 2501 1845 pertinet?
2530 1758 2574 1832 lle

600 1871 739 1966 posuit,
766 1866 950 1949 videlicet,
975 1863 1043 1932 lide
1065 1857 1230 1932 hominen
1251 1861 1363 1931 iustos
1385 1883 1478 1945 ease,
1511 1881 1593 1931 mos
1645 1859 1822 1952 spondeo:
1857 1857 2032 1930 Tenenda
2052 1871 2104 1929 est
2128 1858 2268 1946 regula,
2303 1859 2398 1949 quod
2420 1859 2574 1930 etiamcun
2616 1875 2617 1884 ’

602 1975 702 2046 addit
719 1967 984 2051 testimouium,
1010 1978 1050 2036 ut
1064 1964 1209 2035 auditor
1225 1963 1311 2034 sciat
1324 1960 1495 2036 Paulinae
1508 1985 1593 2043 conr
1644 1963 1730 2036 fides
1754 1974 1912 2032 versatur
1934 1960 2027 2036 circa
2045 1960 2244 2051 corporalia
2266 1958 2574 2035 obiectaseubenai

602 2079 723 2147 ciones
746 2095 828 2142 vere
848 2090 1043 2154 congruere
1062 2089 1143 2137 cum
1168 2059 1405 2156 propheticis,
1428 2078 1465 2137 et
1488 2085 1594 2146 reno·
1646 2065 1718 2148 cia,
1751 2076 1869 2134 tamen
1889 2086 2028 2156 semper
2051 2062 2328 2154 expectationem
2351 2064 2525 2156 corporalis
2539 2067 2574 2134 la-

601 2203 685 2250 vare
702 2172 893 2269 Apostolos
910 2163 1172 2262 Prophetarum
1188 2168 1404 2247 doctrinam.
1646 2165 1763 2236 nelicii
1779 2165 1820 2234 iu
1841 2167 2006 2238 credente
2023 2165 2202 2260 praecedit
2217 2166 2321 2250 fides,
2350 2189 2437 2257 qnae
2459 2179 2501 2236 est
2517 2165 2575 2238 tta

1240 2335 1247 2355 ,
1277 2334 1286 2354 ,
1647 2269 1700 2340 cia
1722 2267 2002 2356 misericordiae,
2035 2281 2068 2339 et
2089 2267 2216 2358 accipit
2239 2265 2476 2338 remissionem
2498 2293 2576 2362 pecca

890 2335 1022 2411 Imm
1049 2331 1187 2432 ΨΜ
1210 2345 1310 2412 mn·
1647 2373 1778 2442 torum.
1839 2367 1945 2441 lacob
1966 2382 2123 2460 expectat
2151 2369 2396 2439 defensionem
2420 2367 2576 2442 contraho
2616 2361 2617 2364 ¹

705 2479 895 2573 Perspicua
909 2489 961 2549 eat
975 2469 1162 2546 antithesis
1177 2475 1217 2545 in
1234 2472 1354 2546 Galat
1375 2474 1441 2548 ubi
1461 2473 1595 2569 iuquit:
1646 2473 1735 2557 iter,
1768 2469 1887 2542 David
1917 2485 2074 2566 expectat
2102 2470 2307 2554 bictoriam,
2344 2472 2405 2541 sed
2427 2475 2494 2544 ideo
2512 2497 2577 2565 espe-

605 2588 714 2678 Quod
740 2597 857 2654 autern
880 2579 955 2668 lege
977 2601 1082 2649 nemo
1109 2577 1337 2662 iustificetur,
1371 2578 1596 2651 manifestum
1648 2585 1765 2660 etant,
1790 2575 1872 2668 qnia
1896 2576 2055 2648 sentiunt
2073 2594 2111 2645 se
2135 2568 2266 2645 babere
2282 2571 2400 2645 Deum
2423 2577 2577 2670 propicium.

605 2704 678 2779 est,
705 2680 1182 2780 quiaiustusexlidevivet.
1232 2676 1439 2752 Lexautem
1453 2703 1528 2752 nou
1546 2692 1597 2751 eat
1647 2677 1738 2749 Nam
1761 2677 1975 2750 conscientia
2002 2702 2074 2748 nou
2098 2675 2305 2769 potestatis
2327 2676 2575 2748 beneficiaallen
2615 2711 2616 2754 ι

606 2817 649 2864 es
672 2790 760 2873 lide,
795 2787 858 2860 sed
880 2784 941 2878 qui
963 2781 1084 2853 fecerit
1106 2805 1164 2866 ea,
1198 2781 1294 2852 vivet
1317 2783 1355 2852 in
1378 2783 1462 2854 illis.
1527 2779 1597 2852 Hic
1648 2793 1766 2872 petere
1788 2791 1823 2850 ει
1845 2794 2044 2871 expectare,
2070 2780 2100 2850 si
2124 2780 2253 2851 sentiat
2274 2796 2357 2848 eum
2382 2781 2579 2852 nnbisiratnu

604 2891 791 2966 manifeste
806 2887 931 2959 definit
945 2885 1123 2956 iusticiam
1137 2884 1226 2975 legis
1240 2907 1324 2970 esse,
1345 2885 1459 2956 lacere
1473 2883 1597 2974 legem,
1650 2902 1741 2967 esse,
1766 2903 1832 2951 nos
1849 2905 1923 2952 nou
1941 2882 2117 2952 exaudire.
2168 2880 2316 2952 Necesse
2340 2897 2392 2954 est
2414 2884 2579 2974 igituraeu
2613 2889 2618 2974 ss

606 2993 676 3066 hoc
702 3007 771 3078 est,
811 3002 989 3082 praestare
1018 2987 1208 3079 perfectam
1240 2986 1482 3058 obedientiam
1513 2985 1597 3076 legi.
1649 3009 1711 3077 per
1726 2985 1935 3076 praecedere
1953 2986 2117 3055 fiduciam
2140 2985 2418 3060 misericordiae.
2464 2981 2504 3057 Et
2519 2983 2579 3054 diets
2614 3033 2615 3050 .

604 3095 657 3169 At
670 3118 775 3166 uerno
790 3087 883 3162 hauc
897 3102 1062 3180 praestat,
1086 3090 1165 3160 ideo
1183 3089 1395 3182 proponitur
1408 3090 1478 3159 alia
1493 3089 1597 3160 iusti·
1648 3089 1693 3158 de
1713 3085 1784 3156 fide
1809 3086 1847 3154 iu
1873 3108 2003 3176 &nere
2026 3109 2165 3178 semper
2185 3085 2467 3178 complectuntur
2490 3087 2579 3157 articu-

605 3200 681 3281 cia,
706 3195 862 3280 scilicet,
887 3192 1027 3263 iusticia
1049 3215 1112 3283 per
1127 3191 1406 3262 misericordiam
1423 3191 1596 3284 imputata
1649 3190 1724 3262 lum
1741 3189 1786 3258 de
1811 3189 2018 3266 remissione
2042 3202 2276 3281 peccatorum.
2328 3189 2391 3262 Sic
2406 3191 2447 3271 ¹in
2469 3191 2581 3260 aaaron

605 3298 785 3382 credenti,
819 3293 1046 3382 confugienti.
1072 3296 1117 3364 ad
1154 3293 1443 3366 misecicordiam.
1504 3291 1595 3365 Cum
1648 3291 1883 3386 quotidiana,
1916 3316 1998 3364 curn
2030 3291 2181 3384 petimus
2212 3312 2341 3381 panem
2373 3294 2581 3388 quotidianus

604 3403 716 3494 igitur
729 3392 907 3499 Propheta
932 3395 1067 3490 inquit:
1093 3395 1209 3468 lustm
1232 3419 1273 3465 es
1294 3395 1365 3466 lide
1387 3396 1503 3481 vivet,
1529 3397 1595 3466 do·
1649 3394 1768 3466 ueniat
1789 3393 1827 3464 in
1848 3409 2021 3481 mentem,
2055 3389 2148 3466 hartc
2168 3393 2386 3487 petitionem·
2401 3412 2581 3468 nostrane·
2612 3413 2613 3468 ι

603 3521 661 3577 εει
677 3506 725 3577 ita
741 3504 884 3575 demum
899 3522 966 3569 nos
980 3500 1092 3569 iustos
1107 3521 1199 3583 esse,
1223 3522 1299 3567 uon
1313 3522 1392 3568 cum
1408 3497 1522 3588 legem
1539 3498 1597 3568 in-
1648 3497 1786 3582 auditi,
1810 3498 1840 3567 si
1858 3495 1954 3568 Deus
1976 3498 2022 3569 sit
2045 3496 2150 3567 uobis
2173 3498 2374 3591 propicius,
2400 3517 2432 3574 ει
2454 3522 2516 3572 esse
2532 3520 2582 3588 pra·

605 3621 767 3687 tuernur,
793 3626 869 3673 non
883 3625 966 3673 cum
981 3601 1131 3671 virtutes
1145 3614 1286 3671 nostras
1299 3614 1333 3669 et
1354 3601 1443 3673 facta
1463 3624 1595 3693 propo·
1648 3600 1784 3691 picium
1805 3614 1949 3692 propter
1968 3596 2162 3673 Christum.
2213 3596 2298 3671 ltleo
2323 3604 2439 3674 statim
2458 3602 2583 3696 sequitur:
2609 3638 2612 3688 g

603 3709 726 3781 nimus
738 3705 831 3777 Deo:
864 3704 926 3775 sed
941 3726 1023 3775 cum
1039 3703 1127 3787 fide,
1152 3701 1281 3787 idest,
1305 3702 1435 3773 fiducia
1457 3703 1597 3773 miseri·
1647 3700 1694 3775 Et
1710 3704 1851 3775 remitte
1865 3702 1969 3773 nobis
1987 3701 2106 3773 debita
2120 3710 2253 3777 ucaba.
2304 3701 2376 3775 Sed
2402 3720 2529 3799 quaem
2545 3701 2583 3769 ali
2607 3715 2619 3793 23

605 3812 747 3882 cordiae
781 3807 969 3881 statuimus
997 3805 1104 3877 nubis
1132 3800 1250 3875 Deum
1280 3803 1480 3895 propicium
1511 3829 1597 3891 esse,
1649 3804 1747 3897 quis:
1793 3802 1899 3879 Unde
1926 3819 2055 3877 raccant
2085 3816 2202 3896 patres
2232 3799 2327 3877 banc
2358 3808 2536 3881 doctrinam
2559 3804 2612 3870 dt*

604 3938 673 3985 nos
688 3910 874 3993 exaudire,
902 3906 994 3978 velle
1018 3928 1176 3990 servare,
1200 3918 1236 3976 et
1258 3919 1482 3997 expectamus
1499 3908 1595 3981 salu-
1649 3907 1780 3978 fiducia
1803 3906 2088 3992 misericordiae,
2121 3919 2155 3978 et
2177 3908 2223 3976 de
2241 3908 2451 3981 remissione
2470 3918 2583 4002 peceatr-
2609 3933 2612 3944 ·

456 4032 461 4039 '
605 4030 690 4086 tem.
741 4010 837 4083 Haec
851 4034 895 4081 ex
910 4008 1084 4083 sententia
1098 4007 1184 4078 dicti
1197 4002 1409 4099 prophetici.
1457 4006 1595 4096 Obsce.
1648 4010 1761 4081 nurui.
1795 4006 2030 4099 Respondes:
2069 4006 2124 4079 De
2145 4003 2214 4079 huc
2245 4009 2400 4085 articulo
2431 4010 2584 4106 pugnabant
2618 4044 2619 4049 κ

605 4117 704 4187 vabis
739 4130 857 4189 antem
890 4112 974 4183 lidei
1006 4113 1096 4183 duas
1129 4108 1254 4181 laudes
1285 4109 1447 4199 ingentes
1472 4114 1596 4195 tribui,
1648 4105 1847 4203 Prophetae
1865 4124 1945 4181 cum
1963 4111 2280 4202 ductoribuslegia.
2324 4108 2585 4188 ldeototPsalni,
2618 4116 2619 4119 ’

604 4218 701 4313 qaaod
720 4215 887 4289 videlicet
903 4215 973 4285 fide
995 4225 1030 4284 ει
1054 4210 1286 4283 iustificemcr
1310 4228 1345 4285 ει
1366 4214 1596 4291 vivificemur.
1647 4228 1703 4293 tut
1724 4213 1820 4285 dicta
1833 4209 2094 4306 Prophetarum
2114 4214 2355 4289 vociferamus
2376 4214 2525 4291 homiues
2541 4234 2585 4281 mr

603 4316 702 4391 Deus
715 4320 810 4389 enim
827 4318 908 4387 ideo
928 4314 1041 4386 filium
1057 4336 1160 4385 auum
1175 4338 1241 4406 pru
1259 4316 1363 4385 nobis
1378 4316 1489 4401 dedit,
1515 4319 1596 4389 ideo
1649 4339 1722 4387 ease
1737 4316 1850 4388 tuus
1864 4316 1959 4405 lege,
1985 4332 2019 4389 st
2034 4317 2419 4392 inculcant-conciones
2434 4322 2476 4391 de
2492 4312 2584 4388 mimi

604 4419 974 4511 nobislitpropiciua,
996 4438 1258 4507 nepereamus,
1282 4418 1376 4490 sicut
1394 4418 1514 4513 inquit
1536 4422 1594 4491 iu·
1648 4417 1782 4491 cordia.
1833 4412 2018 4493 Etliaaias
2033 4420 2164 4491 diserte
2187 4418 2324 4513 inquit,
2347 4422 2507 4495 Messinm
2525 4420 2586 4487 lutt-

603 4547 703 4594 raus:
734 4519 847 4605 Vivo,
867 4519 952 4589 nolo
969 4535 1118 4591 mortem
1139 4520 1350 4610 peccaturis,
1375 4522 1436 4591 scd
1455 4536 1494 4592 ut
1509 4547 1595 4593 con·
1647 4544 1728 4593 rum
1752 4519 1933 4593 victimam
1961 4534 2026 4614 p'ro
2053 4533 2208 4614 peccato.
2264 4518 2499 4611 Renovabant
2516 4520 2586 4609 igitur

604 4638 764 4698 vertatur
791 4634 825 4692 et
849 4620 957 4692 vivat.
1017 4617 1108 4692 Cum
1131 4644 1232 4691 meus
1255 4624 1503 4719 perterrefacta
1524 4625 1596 4695 fide
1647 4622 1940 4714 promissionem,
1976 4622 2132 4716 primum
2164 4625 2283 4709 Adae,
2313 4644 2439 4719 postea
2467 4614 2586 4697 Abrahae
2615 4658 2616 4715 ,

607 4727 731 4799 statuit
747 4723 818 4795 sibi
834 4723 966 4794 remitti
983 4734 1141 4815 peccata,
1166 4722 1276 4794 simul
1297 4724 1470 4795 liberatur
1492 4750 1512 4796 a
1533 4752 1596 4819 pa·
1646 4726 1773 4795 factam
1790 4726 1834 4795 de
1855 4740 2006 4796 venturu
2020 4726 2230 4811 liberatura,
2258 4728 2499 4821 intelligebant
2510 4723 2585 4795 Deru
2612 4718 2616 4792 l

606 4828 773 4906 auribus,
800 4840 834 4896 et
858 4825 1013 4916 concipit
1036 4849 1156 4897 varam
1176 4820 1475 4906 consolationem,
1506 4852 1596 4921 quae
1646 4826 1849 4919 promisisse
1864 4828 2188 4901 reconciliationem
2213 4846 2358 4921 propter
2381 4834 2479 4905 illurn
2498 4828 2586 4898 libera·
2614 4831 2617 4860 ¹

605 4944 657 5001 est
673 4928 828 4998 incoatis
844 4928 882 4996 iu
898 4928 1002 4997 nobis
1016 4928 1110 4997 vitae
1124 4941 1303 5012 aeternae,
1326 4928 1417 4999 sicut
1432 4923 1596 5016 Christus
1647 4944 1761 5001 torem
1788 4942 1822 4997 et
1843 4929 2127 5018 benedictorem,
2159 4932 2203 5000 de
2227 4956 2298 5024 quo
2315 4936 2520 5007 dictumest:
2544 4922 2586 4995 C*
2617 5012 2619 5021 Α

604 5032 747 5123 iuquit:
789 5028 884 5101 Haec
910 5042 961 5101 est
984 5030 1057 5099 vita
1081 5043 1243 5113 aeterna,
1283 5041 1324 5099 ut
1343 5046 1535 5120 agnoscant
1561 5048 1595 5105 te
1647 5044 1711 5123 put
1735 5030 1909 5122 serpentis
1934 5046 2108 5129 conteret.
2175 5035 2219 5103 ln
2240 5029 2330 5106 hanc
2361 5028 2619 5127 promissionen'i

602 5129 720 5201 Deum
741 5156 882 5217 verum,
916 5145 949 5202 et
969 5155 1074 5227 quern
1097 5129 1225 5201 misisti
1248 5126 1364 5200 lesum
1389 5156 1463 5202 ease
1487 5128 1594 5205 Chri·
1646 5132 1880 5203 intuebantur
1911 5146 1947 5207 ει
1978 5148 2107 5205 norant
2147 5138 2374 5226 promissioni
2416 5134 2586 5209 aeneadum
2617 5138 2619 5195 ἐ

602 5248 707 5308 stum.
760 5231 880 5325 Quare
899 5234 1054 5305 sciamus
1067 5232 1174 5303 simul
1188 5256 1268 5303 cum
1286 5233 1491 5310 remissione
1512 5262 1593 5330 pec·
1648 5258 1741 5319 esse,
1768 5248 1913 5327 propter
1926 5230 2024 5307 hanc
2039 5220 2268 5329 expectabant
2282 5243 2402 5314 omnia
2418 5254 2534 5313 caetera
2548 5234 2586 5297 be
2618 5242 2619 5319 j

602 5351 761 5405 catorum
785 5350 821 5408 ει
849 5336 1138 5409 reconciliatione
1166 5334 1393 5407 coniunctam
1425 5362 1500 5407 ease
1529 5342 1595 5411 do·
1646 5336 1783 5409 neficia.
1814 5338 1893 5423 ,Aa
1907 5332 1999 5409 hanc
2015 5340 2286 5431 promissionem
2308 5346 2353 5415 de
2377 5334 2585 5414 venturolibr

601 5436 783 5510 nationem
799 5436 957 5531 Spiritus
970 5436 1102 5521 sancti,
1130 5436 1280 5507 sciamus
1295 5460 1446 5529 regnum
1459 5436 1595 5536 Christi
1617 5492 1622 5523 ,
1645 5455 1782 5524 satore,
1810 5440 2012 5513 referebant
2031 5456 2182 5515 caeteras
2209 5446 2469 5534 prontissiones.
2518 5432 2585 5505 thl·
2618 5490 2619 5501 ι

599 5538 638 5607 in
666 5536 842 5626 Ecclesia,
874 5534 1036 5623 horest,
1072 5539 1192 5624 iustis,
1226 5562 1302 5610 nou
1324 5564 1399 5612 esse
1426 5543 1593 5625 otiosum,
1645 5541 1813 5613 cinantur
1834 5536 2034 5633 Prophetae
2057 5545 2257 5617 rediturum
2291 5572 2364 5617 ease
2396 5544 2584 5639 populanti
2618 5540 2619 5629 J

600 5643 660 5711 sed
685 5667 764 5713 vere
789 5643 911 5713 adesse
932 5639 1038 5710 nobis
1060 5641 1171 5712 lilium
1191 5638 1278 5729 Dei,
1308 5665 1399 5713 vere·
1411 5644 1594 5717 destruere
1644 5640 1850 5737 Babylone,
1891 5644 1974 5738 quia
1998 5660 2129 5717 norant
2157 5663 2319 5739 oportere
2340 5648 2500 5723 Messinm
2521 5633 2583 5713 naui

510 5734 517 5745 ’
597 5766 703 5831 opera
725 5744 881 5825 diaboli,
907 5764 1149 5832 propugnare,
1174 5744 1362 5828 adirsvare,
1392 5757 1427 5817 et
1449 5770 1591 5817 servare
1616 5702 1621 5803 l
1645 5768 1686 5815 ex
1710 5742 1819 5828 luda,
1862 5760 1898 5817 ει
1921 5746 2037 5837 palsna
2066 5751 2169 5819 edere
2197 5746 2431 5842 Evangelium
2461 5750 2494 5818 in
2516 5744 2583 5821 sian.

599 5846 791 5917 credentes.
829 5838 930 5915 ilaec
946 5844 1065 5917 omnia
1081 5844 1330 5939 complectitur
1345 5871 1411 5917 vus
1426 5842 1590 5941 Prophe·
1644 5843 1748 5919 Hanc
1762 5846 1994 5943 principalem
2018 5851 2292 5943 promissionem
2314 5855 2509 5937 intuentur.
2528 5860 2581 5917 ann
