5825 6950
584 680 686 764 1555
1179 674 2022 757 PH11,.MEt,.st)lttPT.-tExEGETlca.
2143 662 2145 665 ’
2515 698 2588 775 ua

576 888 579 894 ·
640 934 646 949 Ι
690 854 856 929 Secundo
884 853 1036 925 affirmat
1062 848 1214 931 Paulus,
1254 868 1351 920 certo
1379 849 1511 919 multos
1540 850 1578 920 in
1680 868 1683 875 ’
1733 851 1881 925 Prodest
1907 850 1993 927 baec
2014 858 2212 929 admonitio
2236 862 2278 929 ad
2303 856 2371 931 boc
2394 888 2590 957 q·roqae‚„,

585 959 745 1035 Ecclesia
768 980 952 1051 sparsurus
982 969 1017 1023 et
1044 952 1252 1021 defensuros
1278 975 1352 1022 esse
1376 954 1469 1021 mala
1493 958 1580 1043 dog·
1604 944 1608 1029 i
1632 958 1808 1027 scandalis
1825 958 1958 1027 turbati
1971 959 2213 1030 existimemus
2228 965 2365 1035 nullam
2383 991 2453 1035 esse
2468 967 2524 1039 Ilei
2538 972 2591 1043 Ee.

587 1075 701 1149 mata,
724 1085 799 1131 non
815 1060 924 1151 igitur
940 1057 1051 1126 securi
1070 1054 1175 1123 nobis
1191 1054 1422 1125 blandiamur
1437 1074 1582 1148 propter
1605 1045 1609 1108 i
1634 1059 1780 1145 clesiae,
1822 1064 1880 1129 secl
1904 1060 2055 1131 sciamus
2079 1063 2172 1133 inter
2196 1062 2258 1137 bas
2286 1068 2378 1157 ipsa,
2400 1072 2593 1147 ammaon„

588 1164 754 1249 titulum,
786 1176 827 1234 ut
849 1162 1043 1252 cogitemus
1059 1159 1180 1228 nullos
1197 1179 1334 1228 errores
1352 1158 1389 1225 in
1407 1154 1472 1227 bac
1488 1160 1583 1229 mul·
1634 1176 1750 1231 tamen
1778 1162 1933 1255 aliquam
1958 1187 2032 1232 esse
2058 1190 2175 1235 veram
2202 1164 2417 1252 Ecclesiam,
2446 1191 2477 1241 et
2499 1178 2592 1247 elisea-

589 1268 746 1342 titudiue
764 1260 930 1349 haerere,
955 1285 1045 1356 quae
1060 1259 1269 1331 nominatur
1285 1256 1454 1332 Ecclesia.
1635 1285 1714 1331 mars
1730 1262 1793 1333 ubi
1816 1267 2016 1358 quaerenda
2040 1266 2105 1351 δὴ,
2132 1282 2166 1337 ,g
2182 1295 2248 1340 Μ,
2264 1272 2294 1340 ,5
2312 1274 2549 1365 ,dgmgamus'
2569 1297 2595 1355 e,

693 1400 820 1473 Tertio
853 1399 985 1470 gisem
1017 1398 1147 1488 ,nqup’
1194 1410 1228 1467 η
1262 1396 1300 1466 gn
1333 1397 1449 1488 ,pede
1483 1396 1585 1489 90⁰3,
1635 1367 1727 1435 inea
1745 1389 1868 1435 verum
1887 1366 2000 1438 Detrm
2028 1368 2065 1437 in
2082 1396 2163 1440 vera
2186 1375 2366 1461 agnitione
2385 1376 2523 1449 Domini
2545 1408 2596 1453 no·

591 1506 764 1611 quaedam
784 1503 942 1594 exempla
960 1500 1216 1582 traditionum,
1240 1514 1281 1569 ut
1303 1500 1445 1588 agerosei
1463 1500 1584 1593 possit,
1634 1483 1698 1539 *Ψ
1722 1465 1799 1536 '⁰⁸¹¹
1820 1464 2069 1589 Chfissififfffl
2094 1475 2215 1544 [idm
2237 1498 2299 1566 ⁸9⁰
2323 1480 2536 1568 i⁸¹‘'⁰⁰0¹¹¹¹¹⁵‚
2571 1503 2596 1557 el

592 1609 655 1705 qui
679 1604 850 1698 Εμὴωρῑ
873 1617 907 1674 ,2
929 1604 1101 1676 Domum
1123 1600 1259 1671 ,pandi
1289 1603 1379 1683 ,inb
1428 1618 1463 1673 ῃ
1495 1625 1586 1696 qu„
1635 1585 1830 1642 statuamus
1851 1595 2104 1661 promrssrones
2130 1577 2233 1647 nobis
2251 1596 2344 1667 ratas
2365 1605 2456 1669 esse,
2481 1600 2509 1653 et
2526 1611 2596 1655 sem.

586 1714 668 1783 'sint
692 1707 822 1800 impiae
851 1705 1073 1779 traditiones.
1139 1702 1355 1798 Ubicunque
1385 1704 1493 1793 igitur
1522 1700 1585 1773 bae
1637 1696 1700 1764 ΡΠ
1718 1696 1781 1741 ¹¹⁰⁸
1796 1673 2021 1792 ⁰⁰⁰⁸⁰lell¹¹¹f
2038 1670 2104 1746 h⁰c
2123 1682 2289 1753 articulo:
2307 1680 2422 1753 Credo
2435 1681 2595 1759 Ecclesiam

592 1826 701 1885 notae
721 1810 975 1893 inveniuntur,
999 1820 1133 1877 certum
1162 1819 1214 1875 est
1239 1808 1441 1876 defensores
1459 1807 1584 1877 talium
1635 1788 1790 1843 ⁸³¹¹C¹²¹¹⁰
1827 1772 2036 1846 ⁰³¹h⁰¹¹fflm
2112 1778 2220 1865 item,
2266 1782 2396 1861 Malth-
2420 1789 2496 1859 28st
2539 1788 2597 1880 Ego

593 1937 755 1987 errorum
776 1935 852 1983 nou
875 1934 950 1982 esse
976 1911 1137 1980 membra
1158 1932 1265 1977 verae
1294 1906 1491 1996 Ecclesiae,
1524 1906 1583 1976 sed
1637 1877 1819 1946 V⁰bi⁵⁰¹¹m
1840 1902 1917 1947 ⁸⁰¹⁰
1937 1900 2047 1973 usque
2072 1883 2114 1949 ad
2141 1890 2479 1959 ⁶⁰⁰⁵t¹¹¹¹¹⁰flfion¹⁸tn
2502 1895 2599 1971 seculi.

594 2040 727 2110 οἴμῃ
753 2014 903 2087 diaboli·
1637 1976 1744 2064 item,
1774 1984 1804 2051 l.
1823 1976 1906 2057 Cor.
1928 1985 2002 2053 11.=
2030 1978 2109 2053 Hoc
2131 1986 2235 2056 facite
2261 1990 2373 2087 donec
2391 1993 2521 2065 versiae.

693 2150 793 2225 Haec
807 2148 1005 2223 admonitio
1024 2147 1127 2216 valde
1143 2147 1327 2217 confirmat
1354 2145 1432 2239 pios
1453 2160 1488 2216 et
1509 2167 1585 2212 mo·
1895 2144 2024 2223 Mum
2049 2148 2213 2247 deficient
2237 2182 2261 2229 a
2287 2154 2375 2251 fide·

593 2259 712 2329 destos
734 2249 898 2324 homines
915 2265 1037 2323 contra
1063 2250 1241 2320 terribiles
1263 2249 1435 2319 clamores
1459 2249 1585 2316 adver-

594 2360 791 2441 sariorum,
823 2356 887 2450 qui
907 2364 1096 2446 opponunt
1121 2352 1226 2421 nobis
1251 2366 1419 2443 tanquam
1444 2345 1586 2438 Gorgo-

594 2484 678 2531 nem
696 2458 939 2529 veuerandum
961 2478 1092 2524 nomen
1117 2452 1314 2539 Ecclesiae,
1339 2468 1372 2523 et
1388 2451 1581 2522 vociferan·

595 2578 657 2635 tur
679 2560 858 2631 Ecclesiae
882 2558 1108 2651 praecipuam
1132 2573 1268 2646 partem
1295 2579 1369 2626 esse
1391 2550 1588 2643 Episcopus

597 2680 630 2737 et
645 2662 880 2737 sacrificulos.
929 2657 998 2728 His
1015 2678 1138 2727 rursus
1154 2673 1357 2728 constanter
1374 2656 1588 2747 opponenda

595 2780 680 2838 sunt
701 2758 788 2834 baec
817 2764 933 2845 dicta,
970 2763 1008 2830 in
1033 2758 1164 2851 quibus
1190 2783 1259 2829 vox
1281 2761 1404 2828 divina
1438 2757 1589 2826 affirmat

595 2866 758 2938 diabolos
780 2878 922 2936 autores
945 2884 1018 2930 esse
1036 2860 1159 2929 talium
1179 2862 1436 2944 traditionum,
1465 2883 1506 2927 ac
1521 2881 1589 2926 no-

595 2968 761 3039 minatim
795 2962 1052 3060 prohibitionis
1086 2964 1263 3053 coniugii,
1302 2978 1336 3035 et
1376 2959 1593 3033 discriminis

596 3072 771 3145 ciborum.

1739 2283 1940 2359 Necessaria
1966 2289 2150 2378 diligentia
2177 2308 2228 2365 est
2252 2296 2478 2368 considerare
2499 2303 2601 2373 discri-

1637 2388 1734 2457 mina
1759 2390 2017 2479 professionum
2043 2393 2080 2465 in
2103 2418 2230 2483 gessere
2247 2392 2418 2475 humano,
2468 2399 2602 2493 Etbniri,

1639 2490 1778 2569 ludaei,
1822 2488 1861 2559 M
1876 2488 2093 2565 »hornetistae
2112 2499 2224 2588 palam
2250 2502 2478 2589 profitentur,
2501 2532 2534 2575 se
2547 2533 2602 2579 esse

1637 2589 1755 2669 hostes
1781 2588 1914 2665 Christi
1942 2609 1976 2666 et
2008 2592 2212 2688 Evangelii,
2261 2618 2295 2673 et
2321 2608 2437 2694 palam
2463 2612 2603 2683 reiiciuat

1637 2697 1808 2789 symbola.
1860 2694 1909 2765 Hi
1924 2697 2027 2768 facile
2042 2701 2182 2787 agnosci
2202 2721 2361 2795 possunt.
2416 2708 2602 2789 Sintauten
2648 2714 2649 2723 ’

1638 2796 1792 2889 primum
1816 2799 1984 2869 adversus
2009 2796 2073 2871 hos
2100 2806 2235 2875 masnila
2260 2824 2420 2899 pectora,
2450 2814 2535 2884 sicut
2557 2820 2604 2889 ad·

1639 2922 1760 2971 versus
1776 2894 1951 2971 Etbnicos
1967 2916 2120 2974 vetustas
2137 2908 2276 2998 collegit
2296 2910 2426 2983 multas
2444 2916 2603 2991 refutatio·

1639 3024 1721 3089 nes,
1748 3026 1837 3093 quas
1859 3004 2011 3093 cogitare
2035 3007 2124 3076 utile
2144 3025 2206 3083 est.

1715 3132 1717 3137 ·
1740 3104 1859 3175 Prima
1877 3120 1993 3175 autem
2009 3122 2044 3177 et
2062 3111 2213 3181 maxime
2237 3112 2385 3185 illustris
2409 3120 2603 3195 confirmatio

808 3232 871 3306 De
896 3230 1108 3306 novissimis
1135 3229 1369 3332 temporibus·
1640 3218 1688 3275 est
1706 3204 1884 3277 Ecclesiae
1901 3208 2071 3281 miracula
2090 3211 2317 3285 inimitabilia
2333 3224 2521 3311 creaturis,
2535 3252 2603 3319 quae

1641 3323 1813 3378 testantur
1831 3306 1921 3379 hanc
1940 3313 2138 3383 doctrinam
2157 3342 2175 3385 a
2192 3313 2269 3387 Deo
2286 3320 2455 3393 traditam
2476 3352 2557 3415 esse,
2576 3344 2603 3401 ut

1641 3410 1859 3482 resuscitatio
1893 3427 2137 3502 mortuorum,
2169 3422 2341 3510 repressio
2375 3450 2501 3497 cursus
2529 3432 2603 3518 solis,

1641 3528 1761 3600 partus
1794 3515 1831 3582 in
1866 3515 1990 3586 effoeta
2023 3533 2152 3610 aetate,
2201 3527 2342 3596 eductio
2377 3555 2421 3600 ex
2457 3532 2603 3630 Aegypto.

1641 3613 1736 3684 llaec
1755 3617 1953 3686 testimonia
1971 3619 2048 3690 vult
2062 3646 2126 3690 nos
2143 3625 2240 3696 Deus
2259 3627 2413 3715 intueri,
2447 3638 2524 3728 quia
2541 3639 2602 3708 ideo

1639 3719 1728 3786 facta
1746 3733 1779 3788 et
1795 3720 1924 3808 scripta
1949 3738 2053 3806 sunt,
2067 3715 2118 3795 ¹ut
2140 3727 2211 3796 sint
2237 3733 2457 3821 testimonia,
2485 3739 2557 3808 item
2576 3755 2604 3810 ut

1639 3843 1867 3906 agnoscamus
1893 3817 1987 3892 herne
2009 3849 2089 3895 vere
2114 3849 2188 3898 esse
2206 3826 2340 3919 Deum,
2368 3841 2431 3930 qui
2449 3863 2485 3908 se
2503 3837 2553 3912 bis
2567 3861 2605 3912 te

1639 3922 1817 3991 stimouiis
1841 3925 2023 4014 patefecit,
2055 3941 2089 4000 et
2113 3931 2355 4007 discernamus
2378 3965 2461 4010 eum
2483 3947 2526 4013 ab
2546 3971 2606 4014 om·

1639 4025 1744 4092 nibus
1773 4029 2023 4098 courmentitiis
2056 4035 2284 4122 nsrminibus,
2323 4041 2416 4112 sieut
2444 4045 2480 4114 in
2512 4049 2607 4135 primo

1640 4141 1823 4215 praecepto
1847 4129 1972 4218 allegat
1997 4135 2281 4221 patefactionem:
2309 4138 2387 4232 Ego
2403 4170 2483 4217 sucu
2504 4147 2607 4219 Domi-

1639 4253 1709 4296 nns
1726 4229 1819 4300 Deus
1837 4245 1935 4316 trrus,
1963 4234 2022 4326 qui
2038 4237 2141 4304 edsrsi
2160 4253 2194 4307 te
2208 4246 2252 4308 de
2267 4243 2445 4340 Aegypto.

1740 4328 1814 4399 Etsi
1832 4346 1948 4402 sertem
1969 4359 2040 4404 non
2057 4337 2145 4409 liunt
2165 4343 2296 4414 similia
2313 4353 2491 4441 quotidie,
2509 4369 2605 4425 tamen

1638 4433 1727 4502 facta
1746 4432 1806 4502 illa
1825 4435 1945 4505 multis
1961 4454 2043 4509 nota
2060 4440 2204 4516 fuerunt
2215 4497 2226 4530 ,
2263 4463 2295 4518 et
2314 4451 2418 4524 alide
2435 4455 2548 4548 dignis
2562 4483 2606 4527 rc-

1638 4536 1805 4605 citantur.
1840 4535 2023 4608 Praeterea
2039 4565 2223 4638 nunqnam
2235 4545 2393 4625 Ecclesia
2409 4577 2500 4630 caret
2516 4560 2604 4629 mira-

1638 4637 1744 4718 culis,
1771 4640 1907 4709 etiamsi
1925 4665 1996 4710 non
2014 4646 2145 4734 pariter
2162 4643 2351 4726 incurrunt
2369 4660 2408 4728 in
2424 4663 2557 4732 oculos:
2579 4677 2603 4733 et

945 4835 947 4840 Δ
1508 4732 1525 4786 ¹
1640 4754 1848 4831 perpetuum
1866 4743 2074 4815 miraculum
2092 4765 2161 4835 est,
2187 4763 2409 4830 conservatio
2434 4777 2468 4834 et
2490 4767 2604 4836 instau-

696 4835 795 4908 Haec
817 4857 946 4926 magua
969 4835 1125 4927 pericula
1151 4847 1294 4904 nostrae
1322 4836 1447 4906 aetatis
1469 4837 1588 4929 aliq'uo
1638 4845 1728 4911 ratio
1759 4839 1934 4916 Ecclesiae
1969 4863 2002 4918 et
2036 4852 2226 4923 ministerii
2259 4866 2474 4952 evangelici,
2525 4869 2602 4960 quod

593 4941 703 5011 modo
725 4934 1009 5018 consideremus,
1037 4954 1071 5008 et
1088 4951 1355 5029 expavescentes
1370 4939 1481 5008 simus
1500 4940 1587 5028 vigi·
1637 4945 1740 5015 toties
1772 4947 1888 5016 delere
1919 4952 2034 5020 conati
2067 4969 2150 5024 snnt
2181 4957 2328 5030 immani
2352 4969 2451 5037 rabie
2478 4971 2603 5061 plurimi

591 5042 766 5113 lentiores
781 5041 821 5110 in
836 5040 1006 5110 discendo
1016 5069 1030 5125 ,·
1051 5053 1086 5110 et
1107 5041 1339 5110 modestiores
1359 5040 1395 5108 in
1420 5043 1588 5111 omnibus
1638 5069 1734 5136 reges
1748 5063 1789 5119 ‚et
1817 5049 1902 5120 mali
1926 5053 2098 5125 doctores.
2159 5057 2325 5134 Caeterae
2352 5085 2465 5140 sectae
2488 5073 2602 5146 etiamsi

591 5143 765 5234 negotiis,
798 5158 839 5238 et,
856 5142 1075 5212 ardentiores
1095 5143 1132 5210 in
1155 5144 1305 5232 petendo
1329 5141 1475 5211 auxilio.
1528 5142 1586 5212 ln·
1636 5148 1841 5242 aliquandiu
1859 5155 2096 5242 duraverunt,
2123 5176 2238 5232 tamen
2261 5191 2449 5260 oppressae
2472 5175 2602 5244 nonin-

591 5260 755 5317 tueamur
772 5245 878 5315 etiam
896 5244 1150 5335 promissiones
1172 5244 1384 5312 nominatim
1407 5246 1514 5314 factas
1531 5246 1586 5315 ul·
1637 5263 1850 5328 staurantur.

590 5349 698 5420 rimae
718 5346 847 5432 aetati,
872 5359 913 5416 ut
933 5344 1060 5416 Esaiae
1085 5345 1164 5418 46:
1190 5344 1308 5415 Etiam
1331 5347 1367 5414 in
1390 5363 1529 5418 senecta
1552 5365 1586 5418 et
1739 5353 1895 5426 Secunda
1917 5360 2137 5432 confirmatio
2160 5379 2227 5451 est,
2252 5366 2461 5468 Antiquitas
2484 5395 2600 5450 nostrae

592 5449 728 5520 canicie
749 5472 813 5519 ros
836 5451 991 5538 gestabo.
1042 5443 1344 5520 Etl’salruo't'l.:
1375 5446 1586 5539 Nonproii-
1637 5455 1824 5551 doctrinae.
1857 5457 1947 5528 Cum
1964 5463 2059 5530 enim
2077 5483 2352 5542 consentaneum
2369 5480 2414 5547 sir
2453 5485 2559 5552 Deum
2572 5505 2598 5550 se

591 5553 663 5621 cias
678 5575 735 5620 me
750 5564 909 5642 tempore
925 5564 1103 5630 senectae,
1121 5573 1201 5619 cum
1219 5550 1357 5619 deficiet
1371 5551 1483 5621 virtus
1498 5575 1584 5626 mea.
1637 5557 1832 5646 patefecisse
1853 5564 1970 5649 generi
1992 5561 2159 5650 humano,
2187 5553 2219 5642 et
2237 5577 2334 5644 nulla
2351 5535 2443 5652 extri
2462 5587 2595 5654 doctrina
2648 5607 2649 5610 ¹

591 5650 697 5723 Item:
724 5649 843 5723 Etiam
868 5653 907 5721 in
933 5665 1071 5721 senecta
1096 5674 1169 5720 non
1194 5652 1376 5744 relinquas
1402 5678 1469 5721 me.
1519 5653 1586 5724 His
1637 5661 1680 5728 de
1705 5661 1931 5750 patefactione
1953 5668 2154 5760 antiquior,
2196 5674 2267 5744 imo
2293 5703 2338 5747 ne
2368 5685 2510 5774 quidem
2532 5685 2595 5755 sciri
2648 5675 2649 5690 ¹

590 5755 870 5844 cogitationibus
894 5754 1128 5825 resuscitemus
1150 5774 1217 5823 nos
1239 5754 1284 5824 ad
1308 5753 1526 5843 vigilantiam
1552 5771 1585 5827 et
1637 5762 1748 5851 possit
1773 5767 1883 5850 unde,
1916 5791 1978 5849 per
1997 5793 2107 5862 quos,
2149 5799 2221 5867 quo
2248 5792 2425 5872 tempure,
2461 5787 2596 5857 ethnicae

591 5857 634 5924 acl
666 5856 917 5948 precationem.
1636 5862 1825 5953 religiones
1845 5867 1994 5941 traditae
2014 5872 2103 5942 siut:
2130 5876 2312 5952 fatendum
2336 5901 2383 5956 est
2409 5883 2501 5962 ham
2521 5891 2593 5960 arrti·

699 3374 775 3447 Etsi
800 3374 919 3445 omnia
942 3376 1057 3444 secula
1075 3375 1162 3443 inde
1174 3396 1286 3465 usque
1302 3373 1347 3439 ab
1359 3357 1469 3457 ‘illisio
1486 3394 1591 3461 genc-

595 3482 646 3552 ris
678 3478 830 3550 humani
863 3479 994 3546 multas
1021 3501 1166 3566 magnas
1194 3475 1422 3546 confusiones
1447 3475 1592 3564 religio-

597 3609 702 3666 num,
729 3582 824 3650 bella
844 3594 876 3647 et
897 3581 1109 3648 vastationes
1132 3573 1353 3647 habuerunt:
1381 3591 1498 3646 tamen
1524 3600 1590 3646 vox

596 3686 719 3756 divina
744 3707 846 3772 saepe
871 3697 1038 3762 testatur,
1078 3681 1116 3750 in
1138 3679 1264 3748 ultima
1298 3692 1435 3747 senecta
1465 3679 1589 3746 mundi
1623 3701 1629 3707 ·

597 3789 749 3858 maiores
772 3788 908 3856 futuras
934 3809 1007 3852 esse
1031 3783 1278 3871 confusiones,
1313 3805 1418 3874 quam
1446 3781 1592 3850 fuerunt
1635 3811 1638 3816 ·

596 3904 711 3962 antea.
762 3885 812 3958 Et
844 3901 1007 3956 crescunt
1043 3884 1133 3953 mala
1173 3899 1317 3975 propter
1349 3897 1418 3950 tres
1451 3907 1590 3954 causas:

482 4051 487 4058 .
595 3989 736 4074 Prima,
764 3987 859 4076 Quia
876 3988 1064 4058 cumulatis
1088 3987 1237 4075 peccatis
1259 3999 1457 4076 sequuntur
1480 3984 1590 4054 rnaio-

595 4115 654 4162 res
680 4113 823 4182 poenae.
875 4089 1060 4173 Secunda,
1096 4087 1137 4158 ln
1166 4082 1222 4156 bis
1256 4087 1343 4178 ipsis
1377 4087 1526 4175 peccatis
1560 4103 1592 4158 et

596 4194 722 4286 poenis
746 4205 871 4262 natura
896 4193 935 4261 lit
957 4191 1161 4281 languidior
1181 4204 1211 4257 et
1233 4190 1420 4280 disciplina
1437 4191 1593 4260 dissulu-

596 4297 678 4370 tior.
738 4293 884 4378 Tertia,
927 4291 1021 4381 Quia
1054 4293 1169 4360 rabies
1199 4291 1425 4360 diabolorum
1449 4291 1593 4376 crescit,

595 4399 659 4493 qui
690 4397 761 4466 iam
791 4396 942 4466 scientes
966 4396 1097 4465 instare
1129 4392 1222 4462 diem
1254 4392 1397 4482 iudicii,
1449 4392 1487 4462 in
1520 4414 1592 4487 quo

596 4524 720 4570 eorum
741 4497 875 4568 malitia
897 4497 1065 4568 omuibus
1086 4494 1222 4583 angelis
1242 4508 1276 4564 et
1298 4488 1505 4564 homnibus
1528 4519 1591 4588 pa·

483 4659 496 4677 .
595 4602 667 4672 lam
684 4603 909 4686 ostendetur,
935 4600 1019 4671 odio
1043 4598 1107 4668 {ilii
1133 4597 1199 4670 Dei
1227 4596 1336 4686 magis
1361 4597 1525 4670 saeviunt
1551 4598 1589 4667 in

593 4703 832 4778 Ecclesiam,-
