5825 6950
260 744 267 757 .
311 688 409 767 1121
485 685 586 763 xttt
636 680 673 763 l.
699 682 1040 767 COMMENTAR.
1066 684 1118 763 IN
1142 684 1296 761 EPIST.
1321 680 1471 761 PAULI
1495 678 1564 759 AD
1588 682 1916 770 CORINTHIOS.
1969 692 2075 773 cat.
2101 697 2170 775 xt.
2240 702 2339 783 1022

307 862 375 937 Dei
400 874 436 935 et
456 860 615 949 iusticia,
645 875 681 933 et
697 860 857 934 serviens
875 858 913 931 in
936 860 1062 933 eodem
1082 860 1295 943 ministerio,
1348 856 1512 929 oriantur
1532 853 1711 947 haereses,
1754 861 1893 937 etiarnsi
1913 864 2015 941 Deus
2038 891 2121 941 vere
2149 866 2205 944 bis
2231 874 2334 949 iuro·

307 990 512 1063 quanquam
534 965 758 1057 angustiore,
792 977 828 1035 et
850 962 944 1035 socia
967 964 1225 1054 generationis,
1260 978 1295 1035 et
1348 962 1448 1049 ribus
1470 961 1653 1050 irascitur,
1680 975 1714 1035 et
1733 987 1957 1063 nequaquam
1983 994 2123 1043 necesse
2136 989 2189 1048 est
2205 978 2335 1049 volun-

305 1068 517 1163 opitulatrix
532 1067 610 1139 viro
624 1064 664 1139 iu
679 1064 804 1137 multis
818 1066 910 1139 vitae
925 1066 1052 1138 oiiiciis
1066 1080 1102 1139 et
1118 1065 1294 1159 perieulis.
1347 1076 1436 1135 tates
1455 1058 1630 1137 humanas
1652 1065 1703 1139 cis
1723 1066 1912 1159 implicari.
1963 1071 2034 1144 Sed
2059 1076 2111 1167 pii
2131 1078 2335 1153 invocantes

305 1169 464 1267 Ideoque
487 1183 524 1242 et
545 1169 660 1261 gloria
682 1168 753 1241 viri
773 1181 845 1253 est,
870 1168 955 1263 quia
975 1180 1029 1241 est
1050 1183 1219 1261 cognata,
1245 1170 1295 1239 si-
1347 1164 1483 1253 Deum,
1508 1180 1544 1238 et
1558 1168 1742 1239 veritatem
1765 1188 1992 1263 quaerentes,
2026 1193 2174 1266 possunt
2199 1204 2258 1250 eas
2280 1184 2335 1251 vi-

302 1273 421 1355 milis‚
449 1272 542 1344 socia
567 1272 825 1362 generationis,
858 1284 893 1341 et
915 1269 1123 1363 opitulatrix
1147 1272 1187 1341 iu
1209 1270 1294 1345 vita.
1347 1281 1440 1354 tare,
1480 1270 1572 1340 sicut
1598 1263 1657 1340 bie
1683 1295 1826 1364 quoque
1855 1276 2028 1365 significat
2050 1277 2184 1351 Paulus
2206 1284 2334 1353 discri-

302 1374 426 1446 Huius
442 1372 598 1445 mirandi
613 1373 752 1444 ordinis
767 1372 939 1463 sapientia
954 1386 993 1445 et
1009 1374 1170 1453 bonitas,
1197 1397 1294 1443 nunc
1348 1370 1444 1441 mina
1468 1371 1692 1443 voluntatum
1716 1395 1813 1445 esse:
1860 1374 2011 1450 Talibus
2033 1380 2161 1469 signis,
2196 1384 2333 1477 inquit,

301 1491 385 1571 post
409 1476 548 1571 lapsum
577 1498 644 1546 nec
669 1473 842 1565 intelligi,
889 1496 955 1545 nec
986 1476 1106 1546 verbis
1134 1475 1294 1545 enarrari
1347 1473 1600 1545 discernuntur
1631 1471 1760 1545 sinceri
1783 1498 1805 1545 a
1831 1478 1971 1554 fucatis.
2039 1481 2181 1553 Sinceri
2213 1501 2334 1557 amant

301 1592 439 1669 potest,
479 1580 571 1650 sieut
595 1576 748 1667 intelligi
775 1590 809 1651 et
833 1575 993 1646 enarrari
1023 1578 1170 1667 poterit,
1213 1600 1292 1647 curn
1347 1574 1532 1647 veritatem
1549 1589 1584 1646 et
1599 1588 1803 1647 constanter
1820 1602 1896 1649 earn
1914 1582 2081 1655 retinent.
2132 1586 2209 1655 Alii
2226 1588 2333 1673 leves,

300 1678 392 1752 baec
415 1678 563 1752 consilia
588 1677 655 1749 Dei
682 1678 986 1749 considerabimus
1007 1680 1046 1749 iu
1066 1680 1128 1749 illa
1152 1692 1294 1749 aeterna
1347 1689 1408 1748 aut
1423 1676 1606 1749 ambitiosi
1620 1690 1683 1749 aut
1695 1679 1792 1748 avari
1809 1680 1911 1753 facile
1923 1684 2170 1775 impelluntur,
2184 1704 2225 1761 ut
2238 1714 2333 1762 nova
2433 1722 2438 1729 ·

300 1784 564 1855 consuetudine
588 1778 679 1866 Dei,
707 1784 751 1849 ad
770 1802 876 1873 quam
891 1780 970 1851 siue
983 1782 1057 1852 ulla
1072 1781 1295 1853 dubitatione
1345 1778 1511 1869 dogmata
1535 1780 1803 1870 amplectantur.

299 1886 444 1957 conditi
467 1899 502 1958 et
522 1883 676 1955 redemti
700 1905 834 1956 sumus.
1448 1880 1525 1953 Hac
1550 1904 1632 1951 vera
1660 1883 1905 1955 admonitione
1932 1889 2097 1963 dedicta
2126 1889 2230 1961 Pauli
2264 1886 2333 1963 lroe

406 1984 458 2057 At
472 1985 605 2057 Paulus
626 2008 682 2055 res
705 1985 874 2055 maximas
894 1983 1051 2055 breviter
1071 1984 1204 2075 attigit,
1229 2008 1295 2055 uec
1346 1982 1424 2054 loco
1444 1984 1604 2054 contenti
1627 1983 1747 2055 simus.
1800 1986 1907 2057 Nunc
1934 1990 2118 2063 videamus
2149 1997 2331 2086 quomodo

299 2088 422 2161 voluit
446 2102 586 2160 tantum
608 2087 794 2180 pueriliter
815 2082 1048 2171 rhetoricari,
1076 2090 1137 2156 sed
1159 2086 1296 2176 gravis-
1347 2106 1493 2155 coenam
1514 2084 1660 2157 Domini
1684 2088 1838 2161 ordinet.

299 2191 397 2263 sime
418 2192 650 2261 concionatus
679 2202 732 2259 cst
757 2190 802 2257 de
824 2189 989 2259 mirando
1011 2188 1153 2259 loedere
1176 2202 1213 2260 et
1231 2212 1293 2257 or·
1449 2185 1611 2257 Primum
1635 2187 1712 2257 vult
1734 2212 1808 2260 esse
1828 2214 2074 2274 communem,
2107 2208 2142 2266 et
2165 2190 2333 2286 probibet

300 2294 389 2365 dine
404 2287 668 2375 Bab-Christi,
694 2288 800 2359 maris
816 2302 851 2360 et
867 2290 1054 2363 foeminae.
1104 2286 1295 2379 Egosum-
1347 2289 1576 2381 particulares
1591 2312 1718 2359 coenas
1730 2290 1769 2359 in
1789 2316 1862 2361 uno
1879 2292 1969 2366 loco.
2020 2292 2106 2365 Fuit
2132 2298 2242 2386 igitur
2258 2324 2331 2369 una

299 2418 360 2464 rna
377 2392 430 2464 rei
446 2407 628 2487 utcunque
650 2392 823 2475 indicata,
849 2390 1016 2461 lectorem
1039 2387 1230 2479 adhortor,
1255 2404 1296 2464 ut
1348 2392 1548 2462 communis
1569 2397 1693 2471 coena,
1725 2407 1759 2461 et
1784 2417 1858 2462 non
1878 2395 1987 2465 unius
2010 2396 2156 2468 oblatio.
2210 2398 2333 2490 Quare

302 2500 349 2567 de
381 2491 440 2565 Iris
471 2497 576 2567 rebus
605 2494 767 2565 maximis
797 2492 892 2585 piam
927 2493 1193 2565 meditationem
1230 2496 1294 2563 ad·
1347 2488 1416 2562 boc
1444 2492 1647 2563 testimonio
1671 2494 1866 2583 improbari
1890 2500 2186 2569 consuetudinem
2210 2502 2332 2597 priva·

302 2594 438 2668 bibeat.
1348 2608 1403 2665 tae
1419 2592 1552 2666 Missae
1566 2608 1686 2686 postea
1699 2610 1838 2683 natam,
1864 2600 2091 2670 manifestum
2109 2615 2171 2673 est.

308 2756 609 2859 Συνερχομένων
636 2758 758 2859 ὑμῶν·
780 2760 821 2834 ἐν
844 2764 893 2857 τῇ
925 2754 1124 2859 ἕνκλησίᾳ,
1168 2756 1296 2837 ἀκούω

305 2865 495 2963 σχίσματα
514 2866 554 2938 ἐν
569 2860 662 2958 ὑμῖν
675 2856 872 2961 ὑπάρχειν.
897 2853 1218 2939 ,Convenientibus
1234 2888 1295 2935 vo-

354 2968 413 3041 his
446 2966 488 3041 irs
517 2962 717 3055 Ecclesia,
763 2962 880 3037 audio
908 2960 1115 3039 schismata
1151 2967 1246 3037 inter

727 3092 790 3139 VOS
806 3089 894 3142 2550·

407 3205 554 3281 Dictum
573 3218 625 3279 est
641 3228 768 3298 supra,
794 3204 910 3274 Deum
929 3204 1040 3291 velle,
1066 3222 1107 3276 nt
1124 3206 1210 3276 fiant
1227 3200 1294 3277 bo·

302 3310 398 3383 nesti
429 3332 637 3402 congressus
661 3308 821 3402 publici,
864 3306 903 3376 in
932 3308 1063 3401 quibus
1094 3321 1198 3379 sonet
1228 3333 1295 3378 vox

301 3414 549 3506 Evangelii,et
563 3434 715 3482 nervum
732 3422 936 3480 nostrorum
955 3432 1203 3501 congressuum
1222 3431 1296 3480 esse

301 3541 454 3590 coenam
477 3513 644 3594 Domini,
677 3513 759 3607 qnia
783 3513 860 3583 vrrlt
876 3511 972 3583 Deus
992 3507 1186 3582 Ecclesiam
1209 3535 1295 3582 con-

301 3619 393 3712 spici
417 3635 453 3690 et
482 3617 619 3702 audiri,
644 3629 685 3686 ut
706 3615 800 3683 iilius
823 3614 861 3683 in
887 3626 963 3684 toto
986 3637 1114 3704 genere
1136 3610 1294 3684 humano

301 3734 537 3812 agnoscatur,
564 3733 597 3791 et
623 3731 708 3789 nota
729 3717 800 3787 sint
819 3716 1008 3808 banebria,
1035 3740 1125 3809 quae
1149 3730 1295 3808 propter

301 3825 420 3894 lilium
444 3823 566 3914 generi
586 3817 745 3892 bumano
764 3820 954 3888 donamur.
1006 3813 1082 3887 llos
1104 3818 1214 3908 igitur
1228 3842 1295 3909 pu-

301 3927 423 3998 blicos
444 3944 651 4016 congressus
676 3916 735 3990 bic
763 3919 906 3989 ordinat
932 3917 1075 3994 Paulus.
1127 3917 1174 3990 Et
1203 3943 1296 4018 quo-

300 4029 415 4098 modo
437 4051 495 4098 eos
517 4027 678 4106 ordinet,
704 4035 738 4092 et
759 4023 941 4114 quomodo
955 4019 1153 4093 discesserit
1169 4022 1213 4091 ab
1229 4017 1295 4091 bac

301 4131 420 4200 torma
439 4127 541 4200 Pauli
559 4125 737 4196 recensior
752 4137 863 4209 aetas,
885 4138 1002 4214 postea
1021 4123 1191 4196 dicemus.

409 4231 516 4302 Prius
536 4227 783 4300 admonendus
809 4240 860 4295 est
889 4227 999 4299 lector
1022 4225 1066 4294 de
1085 4219 1155 4294 boc
1179 4223 1293 4297 dicto:

303 4331 461 4426 Oportet
486 4329 646 4403 haereses
665 4350 752 4401 esse.
802 4325 893 4398 Nota
912 4327 957 4398 sit
972 4326 1134 4398 doctriua
1158 4340 1192 4397 et
1214 4326 1294 4396 aliis

300 4435 603 4507 manifestissimis
629 4428 859 4514 testimonib,
885 4425 999 4498 Deum
1022 4453 1096 4499 nou
1114 4451 1187 4497 esse
1209 4451 1293 4498 cau-

301 4563 379 4608 sam
406 4537 559 4631 peccati,
593 4557 660 4604 nec
685 4532 775 4600 velle
798 4554 864 4600 nec
885 4531 1104 4620 adprobare,
1129 4553 1195 4600 nec
1218 4530 1292 4598 eiii-

304 4663 385 4710 eere
399 4663 467 4711 nec
482 4641 650 4710 adiuvare
674 4645 831 4724 peccata,
857 4632 954 4702 iuxta
971 4631 1079 4700 illud:
1109 4627 1203 4701 Deus
1218 4655 1292 4700 non

304 4741 434 4812 volens
452 4741 667 4833 impietatem
690 4749 731 4806 tu
758 4757 806 4809 es.
858 4731 931 4802 Nec
948 4735 987 4802 in
1005 4735 1084 4804 Deo
1100 4747 1185 4802 strut
1207 4757 1292 4802 eon-

302 4843 535 4915 tradictorine
561 4841 780 4922 voluntates,
812 4835 894 4929 quia
921 4859 1026 4905 verax
1050 4847 1112 4908 est.
1163 4833 1208 4906 Et
1234 4831 1292 4904 lo-

301 4943 437 5016 bannis
454 4947 488 5018 8.
505 4942 652 5016 dicitur:
685 4937 778 5010 Cum
798 4937 1023 5008 mendacium
1048 4936 1225 5029 loquitur,
1252 4963 1292 5008 ex

299 5049 459 5142 propriis
483 5045 653 5138 loquitur.

409 5147 464 5220 Er
487 5143 543 5220 bis
562 5140 824 5222 fundamentis,
851 5163 942 5234 quae
959 5153 1043 5211 sunt
1060 5139 1242 5210 verissima
1260 5151 1293 5208 et

302 5249 528 5334 breuissima,
553 5259 713 5318 sumatur
736 5243 980 5334 interpretatio
1001 5242 1104 5312 dicti:
1139 5236 1293 5332 Oportet

304 5352 469 5424 haereses
492 5373 576 5422 esse.
628 5346 859 5440 Nequaquam
878 5345 973 5416 enim
989 5343 1220 5432 intelligenda
1241 5355 1292 5412 est

305 5456 496 5528 necessitas
516 5453 639 5534 aliter,
678 5447 750 5518 nisi
779 5449 824 5516 de
846 5446 1051 5516 necessitate
1074 5467 1292 5536 reunquen-

305 5559 400 5646 tiae,
428 5555 581 5638 sciIicet‚
605 5554 689 5646 qnia
706 5573 786 5620 cum
804 5547 969 5619 diabolus
983 5549 1112 5617 ardens
1128 5547 1211 5616 odio
1226 5544 1292 5614 lilii

307 5655 397 5742 Dei,
422 5681 497 5730 non
521 5656 660 5726 desinat
682 5649 827 5723 turbare
846 5647 1040 5730 Ecclesias,
1066 5661 1101 5718 et
1120 5647 1211 5718 levia
1234 5646 1292 5714 in-

307 5760 413 5850 genia
435 5757 538 5829 Iacile
560 5755 741 5847 impellat,
770 5773 846 5821 non
867 5763 1005 5821 cessam
1027 5771 1151 5820 musae
1172 5743 1291 5818 borri-

305 5861 438 5931 biliuru
467 5859 708 5930 dissidiorum.
782 5849 836 5922 Ita
866 5853 1043 5947 sequitur,
1089 5863 1131 5923 ut
1158 5850 1292 5921 multae

356 5959 547 6034 Mssarrr.
564 5965 670 6032 Orsa.
697 5952 784 6028 voc.
800 5957 882 6031 XV.

1450 2694 1576 2796 Postea
1600 2696 1677 2766 vult
1702 2698 1786 2767 addi
1810 2699 2034 2771 concionem.
2085 2700 2169 2773 Ideo
2194 2704 2330 2799 inquit:

1349 2794 1498 2887 Quoties
1519 2796 1774 2887 editispanem
1795 2795 1911 2887 bunc,
1937 2817 1971 2872 et
1992 2796 2061 2872 boc
2080 2806 2247 2896 poculum
2270 2806 2332 2876 bi-

1347 2898 1462 2985 betis,
1487 2916 1639 2972 mortem
1654 2895 1802 2971 Domini
1820 2904 2047 2975 annunciate.

1449 2998 1574 3072 Tertio
1596 3002 1673 3071 vult
1694 3024 1818 3073 omnes
1840 3006 1979 3075 adferre
2000 3008 2275 3095 poenitentiam,
2299 3024 2333 3080 et

1348 3098 1514 3195 probibet
1527 3103 1837 3174 manducationem
1851 3107 1928 3177 beri
1945 3108 2065 3188 abiis,
2091 3110 2152 3201 qui
2167 3132 2329 3202 perseve-

1347 3219 1430 3277 rant
1444 3204 1637 3285 indelietis
1652 3217 1776 3276 contra
1792 3208 2054 3282 conscientiam.
2090 3209 2174 3278 Ideo
2196 3211 2331 3303 inquit:

1347 3304 1422 3396 Qui
1445 3306 1592 3395 indigne
1613 3310 1822 3393 manducat,
1847 3332 1929 3380 reus
1952 3324 2003 3380 est
2024 3310 2182 3402 corporis
2201 3324 2235 3381 ct
2249 3335 2331 3382 san·

1347 3408 1466 3498 guinis
1481 3406 1641 3482 Domini.
1695 3405 1802 3481 Item:
1830 3408 1963 3482 Probet
1975 3407 2084 3482 borno
2100 3413 2270 3505 seipsum,
2298 3429 2333 3486 et

1346 3511 1396 3582 sic
1413 3515 1456 3582 de
1476 3534 1567 3604 pane
1588 3511 1792 3594 manducet,
1819 3516 1912 3583 etde
1929 3515 2056 3605 poculo
2080 3517 2188 3589 bibat.
2238 3511 2331 3586 Cum

1347 3615 1442 3686 enim
1460 3612 1547 3684 baec
1560 3635 1667 3683 coena
1689 3614 1915 3701 nominetur,
1943 3630 1976 3686 et
1993 3617 2039 3687 sit
2053 3619 2143 3687 ritus
2157 3617 2243 3687 novi
2259 3616 2332 3687 Te-

1347 3717 1531 3800 stamenti,
1556 3715 1592 3785 id
1618 3727 1687 3795 est,
1718 3739 1833 3785 novae
1857 3717 2105 3808 promissionis
2126 3719 2332 3808 obsignatae

1347 3833 1461 3890 morte
1486 3817 1551 3886 filii
1578 3815 1669 3902 Dei,
1718 3830 1752 3887 et
1776 3819 1821 3888 sit
1845 3819 2087 3890 testimonium
2114 3821 2332 3891 remissionis

1347 3935 1596 4012 peccatorum,
1649 3941 1715 3987 nec
1746 3919 1974 3992 remittantur
2002 3935 2139 4014 peccata
2171 3945 2331 4014 perseve-

1347 4023 1439 4091 ranti
1457 4023 1494 4089 in
1512 4018 1650 4092 delictis
1669 4031 1794 4090 contra
1818 4023 2090 4109 conscientiam,
2116 4036 2150 4094 et
2171 4037 2331 4094 contem·

1346 4123 1445 4196 nenti
1478 4121 1742 4206 remissionem,
1783 4123 2010 4196 manifestum
2037 4140 2105 4210 est,
2152 4128 2331 4197 contemni

1346 4220 1413 4296 boc
1435 4225 1680 4296 testimonium
1702 4225 1924 4296 remissionis
1944 4251 1964 4296 a
1985 4225 2127 4297 talibus.

1449 4325 1573 4421 Itaque
1589 4327 1703 4396 sciant
1717 4327 1834 4396 bonae
1851 4341 1999 4412 mentes,
2022 4328 2109 4421 qnid
2124 4327 2170 4398 ait
2185 4327 2332 4419 indigne

1345 4430 1580 4512 manducare,
1605 4441 1641 4499 et
1658 4428 1775 4520 qualis
1791 4429 1986 4521 exploratio
2003 4429 2216 4521 requiratur.
2284 4447 2289 4453 “

1446 4530 1568 4620 Digne
1589 4529 1800 4608 manducat,
1826 4531 1889 4622 qui
1909 4544 2060 4600 mortem
2073 4530 2140 4597 tilii
2153 4529 2220 4602 Dei
2235 4528 2332 4618 eogi-

1345 4647 1441 4716 tans,
1466 4630 1624 4720 agnoscit
1646 4629 1736 4699 iram
1753 4627 1821 4700 Dei
1845 4635 2014 4702 adversus
2034 4645 2156 4702 nostra
2178 4646 2331 4719 peccata,

1345 4747 1379 4803 et
1401 4734 1473 4823 agit
1496 4731 1772 4823 poenitentiam,
1796 4745 1831 4802 et
1846 4733 1955 4802 simul
1977 4733 2135 4822 agnoscit
2157 4733 2329 4823 placatam

1344 4857 1417 4904 esse
1434 4835 1523 4904 iram
1547 4831 1633 4918 Dei,
1666 4847 1702 4904 et
1722 4833 1856 4902 remitti
1877 4848 2017 4924 peecata
2039 4844 2186 4924 propter
2207 4835 2332 4916 lilium,

1345 4951 1379 5005 ct
1396 4929 1490 5006 hanc
1504 4935 1705 5004 mirandam
1720 4935 1990 5024 promissionem
2012 4932 2080 5007 Dei
2103 4958 2178 5005 esse
2195 4959 2330 5006 nosram

1345 5037 1628 5122 Testamentum,
1639 5035 1886 5107 confirmatum
1902 5051 2019 5108 morte
2030 5037 2095 5105 lilii
2109 5035 2195 5122 Dei,
2217 5049 2253 5107 et
2264 5031 2333 5106 bac

1345 5140 1589 5213 consolatione
1610 5151 1765 5218 erectus,
1791 5137 1906 5211 credit
1926 5162 1964 5211 se
1978 5139 2111 5228 recipi,
2135 5151 2172 5208 et
2193 5137 2331 5228 placere

1344 5239 1434 5326 Deo,
1449 5255 1481 5310 et
1498 5235 1597 5310 bunc
1609 5239 1719 5312 ritum
1736 5240 1860 5312 statuit
1874 5239 2119 5319 testimonium
2133 5261 2208 5310 esse
2222 5235 2332 5312 buius

1345 5342 1506 5412 beneficii
1528 5341 1654 5413 divini.

1445 5441 1658 5535 Requiritur
1671 5462 1757 5531 ergo
1774 5455 1810 5513 rt
1824 5436 1912 5512 baec
1932 5441 2118 5512 mutio:
2143 5439 2205 5512 Au
2230 5441 2330 5514 sitin

1344 5547 1448 5616 nobis
1465 5546 1600 5614 malurn
1622 5543 1865 5635 propositum,
1899 5567 1946 5613 au
1961 5543 2008 5614 sit
2023 5541 2261 5635 poenitentia,
2285 5565 2331 5614 an

1341 5647 1388 5717 sit
1405 5647 1510 5732 fides,
1534 5669 1605 5738 qna
1626 5645 1762 5716 remitti
1778 5645 1885 5715 uobis
1899 5651 2040 5738 peccata
2054 5658 2176 5715 nostra
2196 5655 2332 5716 status·

1343 5769 1441 5837 mus,
1460 5760 1495 5818 et
1514 5769 1561 5814 an
1577 5741 1645 5818 bac
1661 5745 1904 5818 consolatione
1918 5745 2027 5818 erecti
2040 5745 2085 5816 ad
2100 5743 2332 5818 mediatorem

1342 5851 1559 5922 accedamus.
1623 5884 1627 5891 ·

1492 5945 1540 6018 71
