5825 6950
337 646 430 725 8088
577 644 691 729 xlta
750 652 788 725 8.
815 644 1115 726 absentato
1142 646 1296 725 EPIST.
1323 644 1474 725 PAULl
1498 644 1568 722 Al)
1592 644 1857 729 ROMANOS.
1905 647 2014 731 CAP.
2038 650 2140 733 xtv.
2281 663 2381 739 1084

329 818 382 891 bis
401 814 545 889 scribae
570 802 619 891 et
627 812 855 914 hypocritae,
879 818 942 914 qui
966 820 1088 893 colatis
1107 822 1274 907 culicem,
1300 836 1334 895 'ct
1389 819 1469 896 talis
1485 820 1558 894 vita
1576 821 1714 894 reddita
1735 845 1799 915 per
1812 820 1947 904 fllium,
1972 823 2062 912 fide,
2086 850 2178 921 miae
2192 828 2322 903 deinde
2337 834 2377 907 lit

332 918 510 993 devoratis
528 922 729 997 camelum.
762 921 853 994 Cum
870 921 1037 997 videlicet
1049 924 1214 1015 neglectis
1233 948 1335 1016 prae·
1387 922 1523 1014 integra
1539 924 1741 996 obedientia
1759 936 1836 1014 post
1852 926 2158 1004 resurrectionem.
2418 997 2424 1005 ,

330 1021 437 1114 ceptis
454 1022 623 1105 divinia,
648 1035 684 1095 et
707 1024 851 1118 quidem
874 1025 1089 1117 praecipuis,
1114 1026 1333 1119 aliquilreti-
1488 1023 1559 1096 Pax
1595 1024 1769 1115 significat
1808 1026 2134 1100 reconciliationem
2164 1054 2248 1103 rum
2281 1033 2372 1120 Deo,

329 1136 411 1195 nent
436 1122 671 1197 ceremoniae
702 1125 859 1221 aliquas,
874 1142 923 1215 ¹et
945 1130 1034 1199 ritus
1056 1129 1103 1199 ab
1124 1122 1333 1199 bominibus
1383 1127 1474 1200 sirnt
1489 1127 1578 1197 alibi
1600 1127 1719 1220 inquit
1735 1124 1886 1198 Paulus:
1913 1125 2094 1202 iustificati
2117 1154 2238 1221 pacem
2259 1130 2373 1209 babe-

330 1225 500 1306 tsaditos,
536 1241 577 1299 et
607 1250 665 1299 eas
690 1240 851 1299 externae
879 1228 1144 1301 observationes
1171 1230 1330 1301 sentiunt
1382 1252 1462 1299 mus
1474 1230 1567 1321 apud
1585 1224 1719 1315 Deum,
1743 1230 1781 1299 id
1804 1242 1874 1309 est,
1903 1225 2074 1308 babentes
2091 1232 2197 1304 fidem
2214 1234 2284 1307 iam
2308 1261 2370 1312 su.

331 1352 400 1399 esse
425 1326 614 1399 iusticiam
639 1350 759 1399 ruram
784 1328 881 1417 Deo,
916 1344 950 1403 et
975 1330 1189 1401 necessarios
1212 1332 1328 1403 cultus
1380 1354 1460 1401 mus
1478 1330 1717 1413 reconciliati,
1743 1330 1884 1402 liberati
1907 1330 1953 1401 ab
1975 1333 2029 1403 ira
2044 1336 2367 1425 etadamnatione,

329 1427 409 1511 Dei,
437 1442 471 1497 et
492 1429 755 1519 neglectionem
773 1432 927 1523 cogitant
942 1454 1016 1502 esse
1030 1431 1268 1523 impietatem,
1294 1447 1328 1509 et
1378 1445 1413 1503 et
1429 1433 1607 1524 placemus
1620 1429 1711 1507 Deo.
1760 1432 1865 1505 Hanc
1887 1456 2009 1523 pacem
2030 1436 2218 1508 comitatur
2231 1438 2366 1514 laetitia

327 1530 387 1602 bac
415 1530 601 1618 opinione
627 1531 797 1603 acerrime
828 1536 1026 1605 defendunt
1047 1556 1128 1605 suos
1152 1534 1261 1620 ritus,
1283 1527 1326 1605 'et
1378 1533 1417 1601 in
1439 1537 1546 1605 corde
1567 1534 1792 1627 acquiescens
1821 1536 1861 1602 in
1880 1532 1976 1621 Deo,
2014 1549 2049 1606 et
2078 1530 2172 1609 banc
2203 1541 2365 1615 nominat

326 1631 579 1703 crudelitatem
612 1648 775 1705 exercent
800 1636 968 1707 adsersus
999 1635 1088 1707 alios
1117 1648 1210 1707 recte
1242 1658 1323 1705 seu-
1377 1634 1548 1707 laetitiam
1572 1636 1612 1705 in
1633 1632 1771 1727 Spiritu
1793 1650 1933 1721 sancto,
1958 1637 1995 1707 id
2017 1651 2088 1723 est,
2122 1662 2213 1732 quae
2234 1666 2360 1713 acceo-

324 1736 458 1807 tientes.
1375 1735 1474 1809 ditur
1506 1762 1525 1807 a
1552 1735 1691 1828 Spiritu
1724 1753 1864 1819 sancto,
1900 1738 1962 1832 qui
1981 1752 2034 1809 est
2060 1762 2162 1809 amor
2190 1756 2225 1812 et
2256 1744 2358 1816 laeti-

420 1830 474 1907 Ut
490 1848 618 1907 antem
640 1834 681 1905 in
699 1834 867 1907 omnibus
892 1836 998 1907 rebus
1020 1860 1160 1909 neeesse
1182 1849 1235 1909 est
1250 1836 1323 1909 dia-
1375 1838 1422 1908 tia
1437 1838 1691 1911 substantialis.
1738 1836 1822 1909 ldeo
1837 1842 1924 1910 tales
1938 1854 2057 1911 motus
2069 1842 2249 1926 accendit,
2270 1869 2360 1939 qna·

326 1959 466 2009 manere
481 1938 686 2009 necessaria
703 1960 723 2009 a
738 1956 814 2007 non
831 1936 1055 2025 necessariis,
1080 1940 1128 2010 ita
1140 1941 1180 2009 in
1197 1936 1321 2010 Eccle·
1373 1938 1418 2010 lis
1440 1954 1494 2011 est
1519 1941 1606 2032 ipse.
1673 1937 1762 2012 Cum
1788 1955 1906 2014 antem
1937 1942 2106 2012 accendat
2133 1956 2252 2015 motus
2272 1969 2359 2017 con-

325 2040 370 2111 sir
385 2038 548 2108 maxime
566 2038 802 2110 neceesarium
820 2052 872 2110 est
887 2040 1087 2112 discernere
1102 2041 1315 2111 fundamen·
1371 2056 1537 2130 gruentes
1550 2041 1717 2111 omnibus
1728 2044 1921 2133 praeceptis
1937 2040 2021 2128 llei,
2041 2043 2288 2137 complectitur
2301 2043 2360 2120 bic

327 2155 394 2211 tum
417 2162 438 2209 a
458 2140 631 2231 stipulis,
657 2141 748 2212 sicut
771 2140 889 2235 iuquit
916 2139 1062 2211 Paulus:
1089 2139 1319 2213 Fundamen·
1371 2140 1695 2213 Paulnsincoatam
1711 2143 1967 2229 obedientiam,
1993 2146 2090 2215 iuxta
2104 2147 2226 2217 omnia
2249 2172 2352 2240 prae-

326 2256 392 2313 tum
408 2238 512 2313 aliud
533 2244 625 2334 puni
641 2264 716 2313 nou
733 2256 862 2331 potest,
889 2256 1028 2333 praeter
1046 2244 1083 2313 id
1106 2246 1202 2337 quod
1222 2244 1319 2334 posi·
1371 2258 1471 2335 cepta
1487 2244 1572 2328 Dei,
1596 2244 1766 2316 laetitiam
1782 2246 1821 2315 in
1840 2244 2081 2329 invocatione,
2106 2246 2145 2315 in
2165 2249 2356 2322 dilectione

326 2358 393 2414 tum
406 2357 480 2427 est,
507 2346 611 2437 quod
629 2357 681 2415 est
694 2339 856 2417 Christus
874 2340 979 2413 lesus.
1031 2338 1319 2419 trementes:
1370 2343 1458 2431 Dei,
1491 2345 1683 2436 gratiarum
1706 2346 1884 2417 ortionem
1905 2358 1941 2417 et
1961 2346 2238 2432 confessionem,
2271 2353 2358 2422 obe-

329 2444 361 2517 Si
383 2444 572 2533 esuriero,
605 2467 680 2516 nou
710 2446 825 2516 dicam
847 2445 934 2536 tibi,
968 2441 1097 2517 luvoca
1117 2470 1175 2517 me
1198 2447 1236 2517 in
1260 2446 1320 2517 die
1369 2447 1540 2517 dientiam
1564 2447 1601 2517 in
1623 2446 1816 2517 dilectione
1841 2446 2012 2539 proximi,
2041 2448 2207 2521 castitate
2226 2464 2261 2524 et
2276 2452 2357 2522 aliis

331 2544 576 2619 tribulationis
595 2560 662 2620 etc.
720 2541 769 2618 Et
786 2544 1023 2618 leremiae‘l.c
1048 2546 1130 2619 Nou
1154 2548 1316 2641 praecepi
1368 2550 1579 2634 virtutibus,
1603 2549 1696 2622 sicut
1715 2562 1901 2622 enumerat
1922 2550 2057 2621 tructus
2078 2548 2243 2641 spiritus,
2280 2548 2356 2625 Ga·

335 2648 425 2719 eisde
447 2644 695 2734 holocaustis,
726 2651 785 2718 sed
814 2645 882 2719 boo
903 2648 1086 2741 praecepi,
1110 2652 1232 2722 audite
1250 2674 1316 2721 me.
1367 2651 1428 2724 lat.
1442 2644 1478 2721 5·
1493 2666 1527 2723 et
1549 2650 1649 2727 alibi.

327 2742 365 2820 Et
386 2742 634 2823 Ecclesiastae
654 2747 711 2823 4.:
746 2748 879 2821 Melior
900 2766 951 2824 est
975 2752 1179 2823 obedientia
1208 2776 1314 2847 quam
1467 2749 1523 2823 De
1539 2746 1596 2822 bis
1611 2751 1704 2823 reris
1715 2751 1871 2823 cultibus
1885 2762 2006 2843 postea
2023 2750 2128 2823 dicit:
2153 2748 2226 2841 Qui
2243 2752 2282 2825 in
2297 2749 2356 2825 his

326 2848 480 2922 victimae
503 2852 723 2938 stultorum,
747 2852 830 2945 quia
852 2853 1034 2937 nesciunt,
1066 2867 1240 2948 quantum
1261 2854 1316 2927 ia·
1365 2854 1478 2926 servit
1490 2848 1657 2936 Christo,
1683 2852 1794 2944 placet
1810 2851 1910 2943 neo,
1931 2866 1966 2925 et
1983 2856 2153 2943 probatus
2168 2867 2220 2925 est
2235 2850 2355 2925 bomi-

323 2950 529 3029 riantmali.
587 2950 684 3025 Haec
705 2954 849 3048 quarela
870 2954 915 3025 de
938 2954 1081 3049 quantis
1095 2956 1246 3049 peccatis
1258 2956 1309 3029 lo·
1366 2955 1486 3027 uibus.
1547 2952 1617 3024 llic
1656 2955 1925 3027 meminerimus
1964 2954 2058 3025 tradi
2098 2954 2356 3041 testimonium,

324 3066 444 3145 quatur
463 3055 669 3127 ostendunt
684 3055 854 3145 exempla.
1365 3058 1463 3151 qnod
1494 3078 1655 3144 expresse
1684 3056 1848 3130 adfirmat
1877 3055 1973 3126 bona
2007 3079 2116 3149 opera
2146 3072 2352 3127 renatorum

414 3153 558 3248 Magna
578 3180 659 3249 pars
674 3152 862 3229 hominum
882 3156 1010 3247 cogitat
1031 3157 1249 3229 oblationem
1273 3158 1311 3227 in
1366 3159 1503 3249 placere
1528 3156 1624 3242 Deo,
1661 3158 1754 3228 sicut
1781 3179 1846 3231 sno
1879 3158 1958 3226 loco
1992 3156 2169 3246 copiosius
2205 3158 2352 3231 dicetur.

324 3252 424 3329 atim
432 3258 673 3351 praecipuum
688 3257 825 3330 cultum
838 3280 923 3342 esse,
938 3272 973 3327 et
989 3282 1031 3329 eo
1049 3260 1147 3333 cultu
1163 3260 1314 3330 maxime
1364 3257 1492 3330 Petrus
1514 3260 1648 3353 inquit:
1675 3253 1814 3330 Offerte
1835 3252 1968 3329 hostias
1990 3256 2191 3351 spirituales
2209 3258 2351 3351 placen-

322 3358 479 3441 conbdit,
512 3383 601 3431 enm
624 3360 676 3430 ibi
698 3354 875 3431 horrenda
899 3359 1117 3431 idolomania
1136 3360 1193 3431 ait.
1261 3358 1310 3433 lli
1363 3358 1506 3434 tesllco
1525 3384 1588 3451 per
1605 3358 1721 3431 lesnm
1734 3354 1933 3431 Christum.

323 3481 389 3530 non
404 3461 641 3553 intelligunt,
660 3475 834 3557 quantum
849 3462 980 3532 faciant
998 3463 1094 3538 mali.
1146 3458 1311 3554 Opponit
1464 3461 1656 3547 Secundo,
1695 3460 1907 3534 nominatim
1940 3458 2080 3556 inquit:
2128 3458 2201 3551 Qui
2242 3460 2352 3534 servit

323 3559 422 3648 igitur
444 3563 586 3636 Paulus
615 3565 773 3656 regulam
796 3587 838 3634 ex
869 3563 1076 3636 definitione
1103 3565 1206 3655 regni
1224 3563 1310 3638 Dei:
1362 3560 1524 3650 Christo,
1548 3577 1590 3634 ut
1611 3563 1803 3655 significet,
1838 3585 1875 3632 se
1899 3563 1944 3631 de
1966 3557 2024 3633 bis
2048 3562 2216 3654 operibus
2238 3563 2352 3659 loqui,

321 3657 477 3752 Regnum
494 3665 569 3738 Dei
597 3679 743 3736 nonest
766 3688 842 3736 esra
866 3679 900 3736 et
922 3681 1046 3757 potus,
1072 3667 1110 3736 id
1132 3679 1202 3752 est,
1235 3690 1309 3738 non
1361 3691 1452 3762 quae
1466 3666 1558 3739 liunt
1574 3665 1613 3734 in
1629 3665 1812 3755 agnitione
1827 3677 1861 3734 et
1878 3663 2007 3733 fidncia
2022 3663 2237 3738 mediatoris.

321 3777 453 3838 externa
478 3768 686 3842 observatio
709 3767 750 3841 in
776 3765 866 3840 cibis
896 3782 931 3836 et
959 3768 1139 3858 vestibus,
1172 3770 1231 3840 sed
1257 3782 1311 3841 est
1464 3767 1608 3848 Tertio,
1643 3767 1719 3838 vult
1742 3768 1840 3837 etad
1867 3760 1964 3835 hunc
1986 3765 2091 3834 finem
2118 3765 2242 3836 referri
2265 3765 2352 3836 obe-

324 3863 473 3956 iusticia,
500 3893 573 3962 pax
591 3882 625 3942 et
647 3869 817 3961 gaudium
839 3867 878 3938 in
894 3867 1030 3960 Spiritu
1054 3885 1188 3944 sancto.
1241 3869 1309 3940 His
1359 3868 1553 3954 dientiam,
1578 3880 1618 3939 ut
1640 3879 1835 3960 praestetur
1849 3889 1923 3935 non
1939 3880 2084 3958 propter
2099 3880 2257 3938 nostram
2273 3867 2350 3958 glo-

321 3971 616 4059 sppellationibus
639 3965 913 4070 comprehendit
941 3993 1064 4042 omnes
1092 3974 1308 4044 necessarios
1358 3971 1462 4052 riam,
1475 3983 1538 4040 aut
1549 3980 1872 4061 proptereeutrem,
1888 3971 1949 4036 sed
1960 3966 2226 4060 propteripsum
2236 3967 2350 4039 lilium

322 4069 426 4142 tultus
442 4073 531 4158 llei,
556 4086 596 4144 ut
611 4071 720 4144 alibi:
747 4068 869 4143 Milite
891 4073 1022 4143 bonam
1039 4073 1226 4161 militiam,
1250 4100 1305 4146 re·
1359 4071 1444 4158 Dei,
1469 4071 1623 4156 scilicet,
1647 4069 1731 4164 quia
1746 4068 1917 4139 sentimus
1931 4069 1963 4138 ei
1978 4063 2075 4139 hunc
2091 4063 2265 4138 bonorem
2285 4070 2349 4138 dc-

324 4170 428 4244 tinens
443 4175 555 4246 fldem
574 4188 609 4245 et
625 4176 755 4244 bonam
772 4172 1036 4246 conscientiam.
1357 4173 1453 4260 beri,
1475 4188 1513 4246 et
1529 4167 1597 4243 boe
1612 4167 1749 4242 bonore
1762 4171 1997 4256 ostendimus,
2022 4193 2087 4240 nos
2104 4169 2228 4256 fateri,
2252 4171 2349 4264 quod

413 4275 548 4348 Tradit
569 4289 604 4346 ct
626 4271 739 4346 Oreas
759 4275 912 4347 similem
934 4275 1162 4349 senteutiam:
1193 4269 1305 4345 Mise-
1356 4270 1416 4347 hie
1430 4275 1477 4347 sit
1493 4273 1591 4346 Deus
1606 4286 1640 4345 et
1652 4273 1827 4358 salvator,
1851 4284 1887 4342 et
1904 4295 1986 4341 eum
2005 4271 2236 4344 celebramus.
2275 4268 2349 4340 lle·

325 4371 509 4449 ricordiam
533 4377 632 4462 volo,
658 4399 733 4448 nun
749 4376 980 4458 sacrificium,
1003 4377 1219 4466 amisionem
1236 4374 1304 4447 Dei
1357 4377 1468 4471 nique
1499 4371 1557 4446 bic
1588 4373 1865 4465 complectamur
1894 4373 2098 4443 nniversam
2135 4371 2349 4456 doctrinam,

323 4479 555 4573 magtsqmm
579 4473 798 4552 holocausta.
855 4472 1047 4550 Zacharias
1075 4477 1210 4572 inquit:
1237 4476 1303 4549 lli-
1355 4478 1392 4550 in
1410 4502 1479 4572 qua
1495 4477 1638 4568 exponit
1653 4475 1834 4570 quomodo
1849 4475 1943 4542 bona
1961 4496 2066 4563 opera
2082 4469 2161 4543 Deo
2176 4473 2328 4564 placent.

322 4573 407 4666 ligite
424 4583 613 4654 veritatem
629 4593 665 4654 et
679 4602 812 4672 pacem.
866 4575 918 4652 lta
941 4580 1069 4672 passim
1088 4605 1156 4650 vox
1179 4579 1301 4652 divina
1457 4576 1529 4651 Sed
1554 4601 1663 4673 quare
1685 4576 1811 4646 addit:
1844 4571 1910 4646 Est
1934 4577 2104 4663 probatus
2128 4566 2349 4658 bominibus,

320 4695 429 4754 nouat
462 4681 660 4754 Ecclesiam
696 4683 741 4752 de
777 4679 985 4752 discrimine
1025 4705 1190 4756 verorum
1224 4682 1301 4754 cul·
1353 4704 1433 4753 cnm
1469 4694 1591 4751 tamen
1634 4677 1673 4747 iu
1714 4675 1879 4769 plurimis
1919 4671 2128 4744 bominibus
2162 4667 2348 4744 horribilis

321 4789 410 4851 tunm
427 4797 461 4854 et
475 4783 649 4855 falsorum
667 4781 840 4854 cultuum.
1318 4869 1321 4878 ⁸
1353 4780 1526 4853 acerbitas
1549 4781 1596 4852 sit
1611 4777 1686 4850 odii
1699 4781 1869 4851 adversus
1887 4788 2042 4856 sanctos,
2067 4786 2110 4847 nt
2133 4774 2240 4844 multi
2262 4797 2347 4846 crn-

409 4883 459 4958 Ut
473 4897 593 4956 autem
612 4885 700 4956 alibi
716 4884 843 4956 Daniel
860 4881 997 4976 inquit:
1023 4881 1190 4956 Messiam
1210 4882 1301 4954 alla·
1352 4884 1529 4954 delissime
1551 4879 1832 4959 interficiuntur,
1874 4877 1935 4972 qui
1961 4890 2079 4947 tamen
2113 4889 2197 4946 sunt
2226 4874 2344 4966 ornati

322 4989 523 5058 lummesae
544 4984 721 5058 iusticiam
738 4985 1008 5076 sempiternam,
1036 4984 1083 5058 ita
1107 4980 1165 5054 lric
1190 4985 1297 5058 intel·
1352 4985 1564 5058 testimoniis
1582 4981 1736 5066 divinis,
1759 4994 1800 5051 ut
1817 4979 1892 5070 ipse
1918 4977 2012 5047 filius
2026 4973 2116 5058 Ilei,
2142 4977 2207 5071 qui
2228 5001 2345 5048 resus-

321 5077 439 5168 ligatur
455 5085 598 5160 iusticia
612 5087 658 5158 de
675 5101 749 5159 toto
766 5083 939 5157 beneficio
954 5085 1019 5155 blii
1035 5082 1122 5172 Dei,
1148 5087 1242 5178 quod
1260 5085 1299 5156 in
1351 5087 1522 5157 citaverat
1550 5095 1731 5165 mortuos,
1766 5080 1884 5165 Abel,
1924 5075 2072 5166 Esaias,
2118 5074 2286 5152 leremias
2310 5091 2347 5149 et

323 5173 379 5254 ltac
398 5189 471 5262 vita
495 5189 660 5259 incoatur
684 5188 774 5275 fide,
799 5187 837 5260 id
859 5199 911 5258 est
934 5187 1061 5258 fiducia
1077 5187 1297 5269 mediatoris,
1350 5185 1439 5258 alii'l

323 5305 516 5372 quesumus
533 5289 636 5375 iusti,
661 5289 697 5360 id
714 5305 785 5370 est,
807 5288 940 5380 accepti
957 5289 1048 5376 Deo,
1070 5301 1189 5382 quaet
1206 5288 1299 5358 lilius
1450 5282 1682 5376 Respondco:
1708 5281 1842 5355 Paulus
1857 5281 2019 5376 loquitur
2041 5281 2087 5353 de
2112 5279 2255 5351 iudiciis
2270 5273 2342 5350 Ec-

323 5379 384 5454 Dei
406 5391 558 5464 vivificat
578 5393 777 5476 credentes,
811 5404 846 5462 et
868 5391 1024 5461 ostendit
1046 5403 1204 5484 patrem,
1237 5391 1300 5464 dat
1350 5385 1493 5471 clesiae,
1518 5383 1666 5474 Semper
1680 5380 1813 5457 babent
1836 5385 1950 5456 sancti
1973 5381 2176 5454 testimonia
2193 5405 2273 5450 vers
2302 5379 2342 5448 in

323 5479 483 5574 Spiritum
504 5506 684 5576 sanctum,
718 5505 758 5565 ut
781 5491 946 5564 incoetur
968 5515 1060 5562 nova
1083 5489 1299 5575 obedientia,
1348 5485 1519 5560 Ecclesia.
1565 5484 1668 5558 Sicut
1688 5484 1876 5582 Syracides
1899 5510 1976 5577 cap.
1995 5481 2058 5556 44.
2083 5483 2217 5574 inquit:
2241 5479 2342 5552 Lau·

323 5606 399 5674 (tuae
415 5609 534 5684 postea
550 5595 617 5666 erit
634 5595 768 5682 integra
784 5593 822 5662 in
843 5594 914 5662 vita
939 5605 1099 5680 aeterna,
1125 5616 1205 5663 curn
1231 5595 1297 5664 erit
1322 5565 1325 5619 ¹
1348 5591 1429 5659 dem
1457 5588 1615 5682 ipsorum
1641 5588 1825 5662 nunciabit
1846 5585 2017 5660 Ecclesia.
2076 5581 2125 5655 Et
2143 5582 2239 5654 Deus
2266 5581 2343 5671 ipse

320 5679 405 5760 lleus
420 5695 537 5768 omnia
553 5693 592 5765 in
610 5695 787 5768 omnibus.
813 5693 878 5766 Est
895 5693 1005 5784 igitur
1019 5696 1132 5788 reipsa
1148 5715 1295 5784 regnum
1321 5692 1324 5713 '
1348 5689 1483 5782 inquit:
1514 5687 1726 5758 benedicam
1760 5690 2053 5760 benedicentibus
2085 5683 2164 5756 tibi.
2226 5679 2342 5752 Texat

321 5779 379 5860 Dei
399 5793 534 5873 iusticia
555 5813 717 5884 aeterna,
753 5810 791 5870 ut
810 5791 941 5868 Daniel
963 5797 1145 5882 nominat,
1170 5794 1207 5867 id
1233 5808 1296 5882 est,
1319 5790 1324 5872 l
1347 5806 1467 5866 autem
1490 5787 1624 5863 Paulus
1643 5792 1870 5885 quorundam
1900 5780 2141 5879 arrogantium
2178 5781 2341 5878 tyranni·
