5825 6950
523 723 575 801 59
1125 709 1251 793 tutu.
1280 705 1396 782 utut,
1419 705 1632 782 scitura
1658 705 1960 784 uxuuurtca.
2038 771 2043 780 .

526 919 607 972 cum
622 891 753 964 Mosen
769 893 906 975 excitat,
933 913 972 959 ac
987 909 1118 958 novam
1133 886 1292 978 politiam
1309 867 1518 954 lsrae'l'cou-
1568 895 1639 951 tarn
1663 882 1825 952 miranda
1850 895 1885 954 et
1910 883 2062 954 illustria
2088 879 2231 966 habuit,
2263 898 2303 956 ut
2328 907 2402 956 non
2424 885 2569 958 luerint

525 995 654 1072 stituit.
695 994 783 1067 ltem
793 1018 874 1066 cum
887 1007 1006 1086 postea
1017 989 1143 1060 excitat
1153 987 1367 1067 Samuelem,
1389 981 1520 1068 Elium,
1568 985 1738 1056 iuferiora
1757 986 1972 1058 testimoniis
1990 985 2085 1058 Moai
2104 1001 2140 1058 ct
2152 985 2265 1063 Eliae.

526 1101 729 1190 Elisaeum,
755 1095 962 1176 Ieremiam,
989 1094 1052 1188 qrri
1075 1113 1200 1162 omnes
1222 1104 1346 1161 contra
1372 1088 1520 1158 ordina-
1672 1085 1888 1181 Quanquam
1913 1103 2030 1162 autem
2055 1091 2133 1182 pios
2154 1105 2190 1161 et
2206 1087 2379 1160 loannem
2403 1085 2490 1160 haec
2508 1102 2569 1159 te-

529 1206 619 1276 riam
645 1216 851 1293 potestatem
872 1198 1043 1268 maximas
1059 1217 1115 1266 res
1128 1205 1330 1262 moverunt.
1382 1189 1521 1260 Namet
1568 1190 1735 1261 stimonia
1751 1191 2029 1272 confirmabant,
2056 1217 2146 1284 quae
2161 1194 2304 1286 quidem
2320 1194 2400 1263 curn
2418 1194 2572 1286 publice

530 1307 731 1379 doctrinam
753 1303 855 1397 prius
867 1301 1036 1373 traditam
1051 1310 1332 1380 renovaverunt,
1358 1307 1394 1366 et
1410 1307 1521 1364 certas
1571 1292 1880 1384 praedicarentur,
1913 1297 2018 1369 etiarn
2042 1297 2263 1366 adversarios
2287 1295 2426 1367 flectere
2450 1296 2571 1366 debe-

531 1435 588 1481 res
611 1410 700 1479 alias
725 1403 900 1496 singulari
922 1403 1090 1472 mandato
1112 1411 1277 1490 egerunt,
1304 1407 1523 1467 vocaverunt
1571 1398 1678 1480 bant,
1709 1408 1828 1466 tamen
1851 1397 2087 1488 interrogatus
2110 1399 2155 1468 ab
2177 1399 2407 1485 adversariis,
2433 1398 2572 1488 allegat

530 1535 646 1602 reges,
673 1526 706 1580 et
722 1513 892 1605 quosdam
909 1517 1145 1577 excusserunt.
1197 1500 1412 1572 Habuerunt
1424 1499 1520 1568 euim
1571 1499 1704 1569 dictum
1723 1494 1919 1591 Prophetae
1935 1497 2079 1586 Εειιὶιιε,
2104 1515 2146 1572 ut
2168 1503 2331 1571 ostendat
2345 1524 2382 1570 se
2396 1501 2503 1572 etiam
2520 1525 2572 1570 ex

533 1615 749 1703 singularem
780 1609 1023 1689 vocationem,
1064 1605 1258 1696 singularia
1289 1606 1460 1673 mandata
1488 1613 1523 1670 et
1572 1603 1682 1671 verbo
1704 1598 1770 1674 Dei
1794 1603 1995 1676 testimonia
2021 1626 2104 1674 suae
2126 1605 2322 1678 vocationis
2347 1601 2496 1690 habere,
2520 1629 2572 1674 at:

533 1716 737 1788 testimonia
754 1715 887 1784 divina.
941 1706 1113 1783 SicDeus
1128 1708 1280 1777 subinde
1295 1703 1522 1776 renovatEc-
1572 1705 1693 1774 divina
1729 1706 1918 1776 autoritate
1953 1707 2168 1776 concionari.
2236 1703 2461 1777 Audiverant
2489 1707 2572 1776 iarn

535 1821 695 1905 clesiam,
722 1831 756 1887 et
778 1815 933 1886 ostendit
954 1837 1031 1882 eam
1054 1836 1129 1881 non
1150 1812 1222 1900 regi
1239 1821 1380 1879 tantum
1395 1804 1522 1878 huma·
1571 1805 1761 1878 Pontifices
1776 1821 1809 1879 et
1820 1807 1964 1878 Levitae
1978 1833 2018 1879 ex
2035 1805 2323 1902 patreZaeharia,
2352 1805 2572 1886 huucloan-

534 1923 591 1991 nis
613 1919 772 1990 consiliis
792 1933 855 1990 aut
878 1914 1179 1987 ordinationibus.
1243 1909 1329 1981 ldeo
1352 1911 1522 2004 scriptum
1572 1933 1654 1978 nem
1677 1911 1937 2000 praentmcium
1955 1913 2033 1981 lore
2047 1907 2218 1997 Messiae,
2244 1926 2278 1982 et
2294 1913 2453 2002 legerant
2466 1915 2571 2005 apud

535 2039 603 2095 est:
629 2024 833 2101 Ascendit,¹
847 2023 947 2091 dedit
970 2021 1066 2089 dona
1081 2011 1312 2099 hominibus,
1337 2015 1426 2085 alios
1444 2012 1523 2106 qni·
1574 2009 1789 2084 Malachiam
1805 2013 1983 2104 deangelo
1996 2037 2220 2106 praecessuro
2233 2015 2457 2090 salvatorem.
2508 2015 2571 2087 Itu

536 2129 616 2196 dem
641 2120 860 2217 Prophetas,
892 2123 982 2192 alios
1002 2120 1217 2214 Apostolos,
1244 2132 1308 2192 etc.
1369 2115 1423 2188 Ac
1453 2118 1523 2185 fre-
1573 2129 1608 2186 et
1623 2112 1747 2184 Esaias
1761 2119 1995 2188 concionatur
2008 2120 2052 2188 de
2069 2141 2154 2189 voce
2167 2119 2341 2189 clamante
2356 2118 2394 2186 in
2413 2121 2568 2194 deserto.

535 2243 634 2300 mant
648 2242 823 2320 quantum
842 2227 970 2297 volunt
985 2224 1159 2293 ordinarii
1174 2223 1447 2312 gubernatores,
1472 2232 1523 2288 ta·
1575 2217 1672 2288 Haec
1686 2219 1779 2289 dicta
1796 2216 2001 2311 prophetica
2015 2222 2256 2311 congruebant
2267 2245 2347 2290 cum
2358 2222 2501 2292 caeteris
2512 2237 2569 2293 te-

536 2354 619 2400 men
641 2327 740 2402 Deus
769 2354 830 2399 sua
859 2327 996 2417 ingenti
1025 2325 1271 2395 misericordia
1300 2325 1412 2415 pluris
1442 2323 1527 2392 facit
1575 2320 1915 2392 stimoniislnannis.
1949 2321 2070 2412 Quare
2084 2321 2568 2416 oportuitloannemservire

537 2432 751 2518 Ecclesiam,
778 2457 885 2526 quam
902 2424 1120 2499 ordinariam
1140 2440 1357 2519 potestatem.
1410 2425 1527 2496 Mittit
1576 2447 1659 2494 suae
1690 2427 1890 2510 vocationi,
1922 2441 1957 2498 et
1979 2427 2103 2496 audire
2124 2450 2206 2495 eum
2231 2449 2355 2496 omnes
2375 2428 2564 2502 debebunt.

538 2536 634 2606 enim
656 2535 824 2604 meliores
847 2535 1103 2625 gubernatores
1124 2546 1158 2603 et
1182 2533 1360 2613 doctores,
1385 2527 1526 2606 Mosen,
1576 2527 1647 2597 Nec
1664 2541 1800 2616 poterat
1814 2528 1934 2614 obiici,
1959 2531 2054 2621 quod
2071 2523 2269 2600 schismatis
2285 2543 2389 2600 autor
2402 2545 2500 2612 esset,
2528 2546 2564 2602 et

2511 709 2569 785 40

536 2637 670 2719 Etiam,
703 2633 906 2721 Elisaeum,
940 2633 1147 2718 Ieremiam,
1174 2647 1212 2701 ut
1232 2630 1425 2701 Ecclesiam
1452 2631 1524 2698 cul·

539 2745 672 2830 lapsam
704 2741 834 2809 scelere
863 2739 1068 2808 ordinariae
1101 2733 1284 2829 potestatis
1317 2757 1439 2804 rursus
1471 2735 1526 2800 in·

537 2855 707 2940 staurent.

641 2993 742 3066 Talis
763 2995 832 3066 luit
854 3007 889 3069 et
906 2991 1078 3078 loannes,
1102 2987 1163 3062 hic
1183 2991 1399 3082 singularem
1424 3015 1529 3060 voca·

538 3102 691 3180 tionem,
717 3096 895 3189 singulare
916 3097 1144 3181 mandatum,
1170 3110 1203 3168 et
1221 3093 1414 3184 singularia
1430 3094 1529 3165 testi-

538 3204 657 3272 monia
677 3197 814 3274 habuit.
864 3197 959 3270 Huic
976 3197 1154 3268 vocationi
1170 3211 1205 3270 et
1220 3197 1389 3268 mandato
1407 3220 1529 3286 parere

537 3327 677 3376 necesse
699 3304 784 3389 init,
810 3316 844 3372 et
865 3301 949 3395 quia
965 3301 1158 3392 singularia
1175 3299 1376 3379 testimonia
1392 3293 1529 3382 habuit,

537 3431 677 3480 necesse
693 3405 761 3480 luit
776 3404 939 3479 assentiri
957 3402 1034 3474 eius
1049 3404 1243 3477 doctrinae.
1283 3401 1397 3475 Erant
1410 3415 1527 3472 antem
1609 3450 1617 3470 .

516 3510 760 3599 testimonia,
785 3508 885 3609 quod
904 3507 998 3600 patri
1013 3502 1207 3577 Zachariae
1231 3531 1316 3578 voce
1337 3507 1454 3597 angeli
1471 3500 1529 3575 hic

538 3613 633 3684 lilius
662 3610 857 3704 promissus
888 3610 977 3694 luit,
1015 3611 1112 3701 quod
1144 3624 1250 3680 natus
1281 3631 1323 3679 ex
1353 3609 1466 3679 sterili
1496 3621 1530 3678 et

538 3715 663 3785 effoeta
688 3728 819 3799 matre,
843 3726 878 3784 et
893 3712 988 3807 quod
1008 3712 1101 3802 patri
1119 3712 1281 3781 ademtus
1298 3724 1348 3781 est
1362 3725 1395 3781 et
1409 3711 1529 3781 reddi-

435 3910 441 3919 *
537 3832 596 3888 tus
627 3840 764 3902 sermo,
790 3815 890 3911 quod
925 3828 1027 3907 pater
1058 3814 1270 3887 vaticinatur
1298 3816 1343 3883 de
1372 3816 1529 3885 adventu

536 3918 701 3993 Messiar.

636 4072 783 4143 Deinde
806 4071 882 4164 ipse
898 4069 1051 4142 loannes
1073 4072 1301 4142 confirmatus
1324 4084 1374 4141 est
1398 4071 1528 4141 illustri

538 4174 764 4259 testimonio,
797 4197 864 4244 nec
884 4174 958 4245 ulla
980 4174 1195 4245 describitur
1215 4188 1333 4245 tantae
1353 4174 1406 4245 rei
1429 4198 1529 4243 reve-

539 4278 646 4367 latio,
672 4301 739 4345 nec
757 4277 795 4345 in
805 4275 951 4347 Patrum
965 4289 1027 4348 aut
1042 4272 1302 4368 Prophetarum
1318 4275 1530 4361 visionibus,

539 4396 578 4451 ut
597 4381 636 4448 in
655 4380 793 4450 visione
810 4377 972 4462 loannis,
995 4381 1041 4448 de
1055 4403 1125 4473 qua
1142 4379 1285 4473 quidem
1304 4379 1379 4471 ipse
1394 4380 1528 4471 inquit:

537 4478 615 4573 Ego
640 4483 736 4568 vidi,
762 4499 798 4555 et
814 4483 915 4554 testis
929 4506 1020 4555 sum.
1073 4477 1244 4552 Ostendit
1261 4504 1297 4551 se
1314 4480 1438 4561 loanni
1455 4494 1527 4553 tota

539 4585 730 4669 divinitas,
756 4585 805 4655 ita
826 4599 866 4655 ut
889 4606 1121 4675 personarum
1138 4584 1330 4656 discrimen
1347 4585 1529 4675 conspice-

538 4700 649 4758 retur.
707 4684 886 4757 Aeternus
907 4700 1007 4778 pater
1028 4686 1128 4757 coelo
1151 4702 1274 4777 aperto
1297 4712 1370 4757 sese
1394 4689 1527 4780 patela-

538 4788 635 4859 ciens
656 4812 779 4858 vocem
800 4803 921 4875 sonat,
947 4814 1017 4884 qua
1042 4792 1088 4859 de
1108 4790 1183 4859 lilio
1202 4803 1361 4885 testatur.
1412 4788 1529 4860 Filius

539 4912 658 4960 coram
688 4889 728 4959 in
760 4888 912 4961 lordane
943 4917 1034 4986 aqua
1065 4893 1310 4983 perfunditur,
1346 4893 1528 4963 descendit

1577 2631 1671 2722 quod
1691 2631 1729 2698 in
1747 2631 1878 2721 populo
1894 2632 2104 2701 seditionem
2119 2644 2296 2716 moveret,
2322 2646 2355 2704 et
2368 2631 2442 2702 sine
2454 2647 2559 2702 auto-

1578 2733 1680 2803 ritate
1696 2733 1818 2804 divina
1834 2757 1946 2804 novos
1960 2735 2076 2805 cultus
2091 2734 2290 2806 institueret
2305 2757 2344 2804 ac
2359 2735 2443 2823 legis
2457 2748 2563 2805 auto-

1455 2873 1458 2878 ·
1578 2836 1717 2906 ritatem
1734 2837 1915 2907 minuerit.
1968 2833 2020 2906 De
2035 2831 2092 2905 his
2105 2838 2213 2907 tantis
2226 2838 2335 2906 rebus
2349 2861 2428 2908 curn
2446 2861 2487 2907 eu
2502 2863 2566 2907 ex·

1579 2939 1805 3029 postulabant
1820 2939 2024 3010 adversarii.
2068 2935 2166 3010 Haec
2180 2940 2247 3010 luit
2261 2939 2448 3029 legationis
2460 2939 2567 3009 carisa

1578 3055 1613 3113 et
1634 3063 1791 3126 summa,
1821 3058 1859 3112 ut
1882 3066 1978 3113 nunc
2002 3036 2209 3136 hypocritae
2233 3054 2473 3134 qrraeruntur,
2498 3066 2568 3111 nos

1579 3144 1759 3213 discedere
1772 3145 1818 3215 ab
1832 3145 2013 3214 ordinaria
2031 3156 2218 3236 potestate,
2246 3165 2320 3216 esse
2335 3138 2567 3216 schismatum

1579 3261 1613 3318 et
1629 3270 1804 3317 novorum
1822 3247 2027 3338 dogmatum
2043 3261 2194 3318 autores.

1681 3347 1750 3420 Sed
1767 3350 1872 3419 nobis
1889 3349 2028 3420 facilior
2044 3364 2096 3421 est
2110 3350 2313 3440 responsio,
2338 3374 2446 3445 quam
2462 3347 2570 3420 loan-
2613 3351 2614 3356 ’

1579 3478 1632 3524 ιιι.
1686 3449 1781 3541 Quia
1796 3448 1948 3523 loannes
1966 3466 2040 3525 erat
2061 3466 2165 3524 autor
2185 3453 2269 3523 novi
2286 3454 2377 3525 ritus
2389 3453 2575 3547 baptismi,

1581 3570 1615 3649 et
1630 3554 1821 3646 recipiebat
1836 3572 1974 3647 gentes,
2001 3569 2034 3625 et
2050 3556 2217 3627 sacrificia
2233 3557 2451 3648 negligebat,
2478 3581 2575 3651 quae

1581 3673 1700 3729 tamen
1724 3658 1802 3729 iure
1825 3659 1950 3729 divino
1972 3660 2100 3730 tradita
2123 3673 2234 3731 erant.
2294 3658 2370 3731 Nos
2390 3684 2475 3732 vero
2497 3661 2574 3730 sci-

1581 3784 1660 3833 mus
1688 3775 1765 3852 post
1790 3761 2110 3853 promulgationem
2131 3756 2320 3852 Evangelii
2340 3786 2413 3833 non
2436 3762 2577 3833 instare

1582 3865 1680 3935 aliud
1712 3867 1878 3950 verbum,
1910 3866 1971 3935 sed
2000 3862 2210 3955 simpliciter
2237 3888 2358 3934 vocem
2382 3862 2579 3955 Evangelii

1582 3968 1803 4039 retinendam
1832 3990 1924 4051 esse,
1955 3969 2069 4036 donec
2091 3990 2128 4037 se
2149 3968 2263 4056 palam
2288 3968 2423 4038 mundo
2444 3990 2578 4039 rursus

1582 4072 1744 4143 ostendat
1780 4069 1874 4140 filius
1903 4068 1980 4140 Dei.
2048 4066 2128 4138 Hoc
2164 4071 2371 4142 mandatum
2404 4070 2448 4141 de
2477 4069 2577 4143 lilio:

1581 4172 1688 4243 Hunc
1712 4174 1851 4259 audite,
1878 4195 2023 4265 prorsus
2041 4171 2269 4243 immutabile
2292 4186 2353 4245 est.
2405 4171 2525 4261 Quare
2541 4177 2579 4245 si

1582 4275 1644 4369 qui
1667 4276 1861 4367 pugnantia
1878 4300 1958 4346 cum
1974 4273 2171 4363 Evangelio
2185 4275 2403 4361 docuerunt,
2427 4290 2488 4347 aut
2501 4277 2579 4349 do-

1582 4393 1679 4464 cent,
1717 4402 1931 4472 quocunque
1963 4392 2141 4470 tempore,
2179 4378 2360 4448 refutandi
2389 4392 2490 4458 sunt,
2535 4396 2579 4454 et

1582 4506 1669 4575 pura
1692 4506 1759 4551 vox
1771 4479 1958 4571 Evangelii
1979 4482 2175 4553 retinenda.
2228 4478 2308 4550 Hoc
2332 4493 2384 4551 est
2405 4484 2579 4570 generale

1581 4586 1788 4653 mandatum
1812 4585 1856 4654 ad
1879 4606 2004 4653 omnes
2022 4586 2100 4653 sine
2118 4583 2192 4653 ullo
2211 4583 2434 4669 discrimine,
2459 4585 2578 4675 perti.

1581 4710 1680 4761 nens.
1734 4685 1818 4756 ldeo
1840 4686 1943 4757 sacile
1967 4708 2151 4783 pnsstrmus
2167 4686 2305 4757 diluere
2322 4685 2456 4757 crimen
2474 4682 2579 4758 schi-

1581 4790 1719 4873 smatis,
1745 4791 1805 4859 sed
1822 4788 1925 4860 venio
1942 4792 1986 4859 ad
2004 4800 2150 4861 textum.

1682 4888 1773 4978 Cur,
1806 4892 1996 4986 inquiunt,
2028 4890 2204 4983 baptizas,
2236 4888 2369 4963 sinon
2398 4918 2433 4965 es
2461 4888 2580 4965 Chri·
2668 4918 2669 4923 ¹

539 4988 695 5084 Spiritus
722 5007 863 5065 sanctus
892 4994 1026 5064 visibili
1056 4995 1195 5085 speciei.
1255 4992 1417 5080 Mentes,
1446 5019 1527 5064 cum
1580 5007 1675 5079 stus,
1706 5018 1772 5064 nec
1792 4992 1909 5080 Elias,
1941 5018 2006 5065 nec
2027 4988 2232 5085 Propheta?
2293 4992 2403 5083 Quasi
2428 4996 2576 5072 dicant:

539 5118 595 5164 res
623 5108 739 5165 tantas
767 5096 937 5182 audiunt,
969 5098 1212 5186 imaginantur
1239 5099 1346 5169 luisse
1373 5098 1527 5168 otiosum
1580 5094 1655 5167 Cur
1678 5120 1811 5167 novum
1834 5097 2142 5183 ritumiustituis,
2167 5098 2264 5191 quod
2289 5097 2383 5169 nulli
2399 5098 2481 5171 licet
2497 5100 2580 5173 nisi

488 5252 491 5257 .
539 5198 798 5289 spectaculum,
839 5190 872 5267 et
910 5198 1113 5270 curiositate
1149 5202 1303 5294 quadam
1342 5201 1528 5271 mirantur.
1582 5198 1751 5283 Messiae,
1777 5215 1838 5272 aut
1853 5199 2010 5269 fortassis
2024 5197 2127 5269 Eliae
2144 5222 2370 5293 praecessuro
2386 5200 2579 5293 Messinm,

539 5300 611 5371 Sed
641 5300 794 5370 sciamus
817 5300 988 5391 singulari
1012 5299 1080 5371 Dei
1103 5304 1254 5373 consilio
1275 5298 1368 5373 hanc
1391 5302 1528 5372 revela·
1582 5302 1675 5371 utin
1694 5296 1869 5372 Malachia
1884 5302 2055 5392 scriptum
2071 5316 2140 5383 est,
2165 5316 2227 5374 aut
2240 5302 2347 5374 alicui
2362 5304 2470 5374 simili
2479 5302 2581 5377 Pro·
2668 5320 2669 5325 ’

539 5403 674 5473 tionem
700 5398 893 5473 exhibitam
919 5426 1012 5488 esse,
1038 5418 1072 5475 et
1095 5428 1240 5497 magnas
1261 5406 1370 5476 luisse
1395 5428 1528 5476 causas.
1581 5399 1708 5495 phetae
1733 5426 1956 5496 praecessuro
1981 5402 2161 5479 Messinm.
2218 5403 2370 5477 loannes
2393 5407 2471 5478 sine
2492 5432 2579 5479 am-

539 5502 699 5577 Plurima
717 5502 869 5575 loannes
891 5505 1015 5577 didicit
1037 5508 1077 5576 in
1099 5502 1165 5579 hac
1187 5522 1285 5579 tanta
1301 5507 1529 5587 revelatione,
1582 5506 1754 5603 bignitate
1776 5506 1982 5597 respondet,
2012 5528 2052 5575 ac
2076 5508 2182 5580 simul
2206 5508 2292 5601 quid
2316 5532 2389 5578 non
2412 5510 2477 5593 sit,
2509 5534 2580 5581 ex-

459 5638 463 5644 ⁴
540 5609 584 5678 de
605 5608 737 5702 quibus
760 5621 881 5699 postea
900 5624 933 5681 et
948 5625 1101 5682 caeteros
1118 5612 1260 5683 erudiit.
1312 5609 1527 5702 Quanquam
1583 5609 1704 5699 pouit,
1725 5620 1761 5679 et
1784 5624 2036 5681 commemorat
2060 5610 2099 5679 in
2114 5634 2184 5705 qua
2198 5612 2385 5681 roratione
2400 5626 2579 5703 versetur,

540 5709 648 5799 igitur
662 5708 814 5782 loannes
833 5736 909 5781 non
934 5712 1064 5784 dicitur
1079 5714 1201 5784 fecisse
1215 5713 1404 5796 miracula,
1431 5712 1529 5782 scili·
1582 5724 1616 5782 et
1630 5710 1781 5804 quaesit
1795 5733 1878 5781 suae
1892 5711 2236 5786 doctrinaesumma.
2287 5710 2449 5785 Primum
2465 5732 2580 5807 negat

540 5825 613 5896 cet,
645 5829 684 5885 ut
713 5815 841 5884 caeteri
866 5814 906 5883 in
930 5815 1139 5904 corporibus
1162 5812 1371 5900 hominum,
1406 5830 1467 5883 aut
1491 5816 1528 5882 in
1581 5837 1618 5883 se
1641 5836 1716 5882 esse
1738 5810 1925 5898 Messinm,
1952 5828 1986 5885 et
2008 5838 2109 5903 saepe
2132 5815 2300 5889 discernit
2325 5840 2424 5887 suam
2447 5842 2576 5910 perso-

541 5915 684 6007 politica
701 5918 970 6008 gubernatione,
995 5933 1114 5989 tamen
1129 5917 1312 5989 doctrinae
1329 5918 1527 5989 testimonia
1582 5940 1664 5987 nam
1691 5916 1866 5997 officium,
1901 5938 2095 6009 apersoua
2120 5916 2288 6004 Messiae,
2320 5932 2354 5991 et
2378 5921 2577 6007 beneficiis,
2668 5984 2669 5989 ,
