5825 6950
566 660 643 735 586
1166 656 1295 736 PHlL,
1320 654 1439 734 Mlili.
1464 651 1674 733 SCRIPTA
1700 650 2007 734 EXEGETICA.
2352 663 2357 675 ’
2509 671 2560 748 ill

680 833 784 906 Hanc
816 835 848 907 ei
874 832 1017 906 laudem
1045 857 1120 906 nou
1155 833 1321 908 tribuunt
1351 827 1569 928 hypocritae.
1623 826 1942 922 ctitur,qusteuus
1958 831 2116 922 ipsorum
2134 832 2505 930 naturacousideratur,
2523 870 2566 920 uer
2612 853 2613 948 l

575 937 661 1012 Nou
687 939 831 1025 dicunt,
871 951 1015 1031 expecto
1048 937 1208 1024 veniam,
1223 962 1227 966 “
1244 949 1292 1008 ut·
1306 937 1508 1008 iustificeris
1531 935 1570 1004 in
1624 929 1878 1021 intelliguntur
1892 933 2244 1026 permisericurdiam
2255 941 2474 1015 reconciliati.
2496 946 2567 1020 Seu-

577 1043 803 1114 sermonibus
818 1042 908 1127 tuis,
935 1054 975 1113 ut
990 1041 1250 1134 praedicemus,
1276 1055 1312 1112 te
1326 1053 1473 1133 propter
1487 1063 1570 1132 pro·
1623 1057 1688 1128 pec
1702 1049 1820 1105 autern
1834 1030 1920 1107 baec
1935 1038 2139 1131 exaequatio
2154 1061 2222 1110 noe
2237 1042 2429 1131 admoneat,
2441 1052 2568 1141 quodsu-

577 1145 721 1215 missam
753 1144 1029 1214 misericordiam
1061 1144 1216 1234 recipere
1247 1144 1425 1232 indignos.
1497 1141 1570 1214 Sed
1622 1137 1752 1231 peritos
1770 1132 2176 1233 hypocritasetsecuros
2198 1145 2440 1232 perterrefacit.
2466 1147 2570 1224 Rursus

576 1261 707 1338 negant
720 1249 830 1340 recipi
846 1249 903 1317 vel
919 1246 1080 1317 exaudiri
1093 1245 1272 1336 indiguos.
1332 1244 1439 1316 Prior
1460 1246 1572 1316 inter·
1623 1241 2032 1338 prostratuserigit,quia
2042 1257 2200 1330 testatur,
2209 1248 2304 1339 quod
2314 1244 2406 1319 Deus
2415 1255 2570 1340 reregratir
2612 1267 2613 1344 l

577 1350 749 1443 pretatio,
789 1374 880 1445 quac
914 1362 966 1419 est
997 1374 1066 1420 vox
1098 1349 1203 1438 legis,
1243 1349 1385 1419 facilius
1418 1347 1571 1439 intelligi
1623 1356 1768 1437 propter
1780 1339 1964 1416 Christum
1991 1344 2095 1416 nobis
2117 1346 2300 1437 ignoscere
2323 1350 2416 1422 velit.
2460 1351 2570 1426 Cunbr-
2612 1345 2613 1350 ¹

578 1465 707 1545 potest.
736 1448 918 1525 Posterior
930 1453 1114 1544 aliquanto
1133 1466 1184 1523 est
1198 1451 1393 1533 obscurior,
1410 1453 1470 1522 sed
1489 1473 1571 1521 vera
1622 1459 1695 1518 mat
1717 1459 1835 1517 autem
1859 1448 2139 1540 propositionem
2163 1450 2278 1523 citatis
2307 1455 2518 1542 testimoniis,
2545 1459 2569 1528 iu

580 1569 718 1635 umen,
746 1570 780 1625 et
803 1559 845 1624 ad
872 1549 963 1624 banc
983 1551 1117 1625 Paulus
1143 1555 1253 1645 magis
1277 1555 1432 1646 respicit.
1485 1553 1571 1624 ideo
1622 1549 1752 1641 quibus
1772 1572 1846 1618 non
1860 1564 1998 1622 tantum
2023 1551 2141 1622 civilia
2160 1554 2291 1625 delicta
2312 1556 2510 1647 culpantur,
2530 1563 2571 1628 sel

581 1657 704 1728 attexit
728 1670 930 1750 sequentem
953 1656 1222 1752 quaestionem:
1267 1657 1308 1730 Si
1329 1655 1570 1730 misericordia
1623 1651 1794 1722 interiora
1812 1667 1969 1743 peccata,
1995 1667 2117 1724 contra
2137 1656 2286 1746 primam
2310 1660 2474 1730 tabulam.
2515 1660 2571 1730 Nor

580 1755 650 1831 Dei
667 1760 902 1849 amplificatur
916 1783 979 1851 per
1000 1755 1086 1846 hoc,
1112 1761 1210 1854 quod
1235 1760 1360 1852 recipit
1381 1786 1420 1830 ac
1442 1761 1572 1838 iustili—
1623 1767 1676 1824 est
1691 1752 1891 1843 intelligens
1911 1779 1975 1824 uec
1989 1759 2172 1850 requirens
2182 1755 2316 1844 Deum,
2344 1761 2461 1847 idest,
2482 1785 2573 1833 omncs
2612 1803 2613 1858 p

550 1876 637 1934 ·cat
652 1862 838 1952 indignos,
863 1887 903 1931 ac
918 1876 1056 1933 tautum
1072 1877 1210 1954 peccata
1227 1865 1436 1950 adferentes,
1463 1885 1573 1960 quare
1624 1870 1863 1928 contemnunt
1877 1856 2013 1944 Deum,
2041 1875 2123 1932 sunt
2145 1861 2222 1931 siue
2247 1863 2376 1935 timore
2391 1863 2454 1934 Dei
2475 1878 2505 1935 et
2523 1865 2573 1934 sine
2612 1897 2613 1962 p

581 1961 679 2035 Deus
689 1965 855 2034 irascitur
868 1965 1105 2054 peccantibus,
1115 1966 1291 2058 siquidem
1302 1983 1440 2058 peccata
1451 1979 1571 2038 nostra
1625 1957 1707 2039 fide,
1735 1974 1919 2051 propterea
1935 1956 2067 2032 habent
2082 1963 2210 2055 impias
2225 1965 2414 2058 opiniones
2429 1983 2461 2038 et
2475 1967 2573 2037 doctri·
2612 1975 2613 2044 l

583 2067 801 2158 amplificant
816 2068 967 2156 gloriam
986 2068 1249 2138 misericordiae
1268 2069 1410 2159 ipsius?
1436 2069 1524 2144 ltem
1542 2067 1571 2136 si
1623 2084 1709 2145 nas,
1735 2077 1768 2134 et
1789 2063 1899 2154 impia
1924 2065 2093 2152 consilia,
2119 2080 2152 2139 et
2177 2092 2240 2161 per
2254 2071 2454 2160 superbiam
2468 2069 2573 2140 etfidu·
2612 2081 2613 2084 ’

581 2193 658 2238 nun
681 2193 802 2240 sumus
821 2171 904 2239 iusti
930 2185 1075 2260 propter
1094 2187 1233 2241 nostras
1248 2173 1416 2246 virtutes:
1451 2172 1572 2263 Quor·
1623 2164 1715 2234 clem
1737 2165 1791 2236 sul
1810 2167 1920 2237 mulis
1941 2169 2214 2240 vudenitosslrss
2233 2171 2450 2245 voluntalem
2464 2170 2533 2256 Del,
2553 2183 2574 2242 ‘l

581 2293 660 2340 sum
675 2297 764 2362 opus
779 2287 830 2342 est
848 2272 1076 2343 benefacere?
1103 2271 1205 2356 Item,
1226 2299 1298 2368 quo
1315 2274 1416 2367 plura
1434 2289 1571 2369 peccata
1624 2283 1886 2361 persequuntur
1901 2271 1959 2361 pia
1977 2273 2145 2342 docentes
2170 2286 2205 2344 et
2222 2289 2424 2347 monentes.
2478 2271 2521 2344 lta
2533 2275 2573 2341 de

582 2375 731 2447 remittit
747 2374 1006 2460 misericordia,
1032 2399 1073 2445 eo
1088 2375 1126 2446 bt
1144 2375 1331 2450 illustrior.
1383 2377 1573 2450 Peccemus

581 2476 710 2567 igitur,
737 2490 770 2547 et
787 2478 944 2549 laxemus
960 2480 1059 2549 irena
1077 2478 1344 2572 cupiditatibus.

674 2627 772 2701 Haec
785 2630 936 2702 absurda
951 2630 1169 2703 obiiciebaut
1185 2630 1296 2703 Paulo
1310 2634 1470 2722 docenti,
1492 2655 1573 2722 gra-

582 2733 628 2805 tis
652 2733 883 2822 pronunciari
906 2733 1017 2805 iustos
1038 2757 1119 2824 eus,
1159 2735 1221 2829 qui
1244 2737 1405 2812 creduut.
1471 2736 1512 2809 Si
1534 2736 1573 2807 lit

581 2835 824 2906 misericordia
856 2835 1055 2922 illustrior,
1094 2861 1175 2906 cum
1207 2852 1346 2928 peccata
1369 2840 1574 2923 adferimus,

583 2961 666 3029 ergo
680 2939 817 3032 prolixe
830 2961 1023 3028 peccemus.
1077 2937 1172 3009 inira
1195 2954 1313 3012 autem
1335 2941 1483 3013 adhaec
1504 2943 1573 3012 ab·

582 3043 692 3110 surda
723 3040 972 3132 respondebit,
1013 3066 1125 3137 eaque
1156 3043 1290 3129 diluet,
1322 3047 1435 3135 capite
1463 3060 1572 3117 sexto.

582 3141 688 3214 Nunc
710 3158 847 3215 tautum
871 3146 1054 3240 abrumpit
1078 3145 1214 3216 adiecta
1244 3147 1493 3240 obiurgatione
1514 3174 1571 3220 ca-

580 3245 848 3318 lumniatorum.

746 3446 854 3553 Quid
867 3451 1013 3549 igitur?
1042 3447 1309 3529 Proecellimus
1322 3456 1410 3530 eos?

682 3608 753 3681 Hic
767 3610 861 3681 redit
878 3611 922 3679 ad
942 3611 1145 3682 institutum
1162 3612 1381 3706 principale,
1407 3614 1573 3685 videlicet

580 3716 627 3786 ad
640 3713 928 3806 exaequationem
948 3710 1160 3785 ludaeorum
1176 3728 1209 3786 et
1227 3713 1422 3802 Gentium,
1448 3731 1489 3788 ut
1505 3718 1572 3787 do-

580 3831 657 3888 ceat
678 3838 802 3886 omnes
824 3808 989 3885 homines
1020 3820 1088 3889 sub
1118 3832 1278 3903 peccato,
1319 3818 1454 3905 idest,
1492 3844 1571 3891 reos

580 3942 656 3991 esse
671 3917 806 4010 peccati
823 3917 946 3989 eticae
962 3916 1043 3995 Dei.
1096 3915 1316 3991 Observabis
1332 3936 1448 3992 autem
1467 3924 1570 3993 dissi-

578 4022 683 4093 miles
704 4015 950 4112 responsiones
974 4023 1018 4090 ad
1044 4024 1267 4116 quaestiones
1291 4023 1330 4091 in
1353 4024 1570 4114 digressione

579 4124 728 4198 additas.
780 4120 941 4193 Primum
964 4124 1171 4196 affirmative
1186 4128 1393 4216 respondet,
1421 4125 1570 4198 ludaeos

579 4222 711 4298 babere
732 4248 896 4316 magnam
920 4229 1215 4317 praerogativam,
1240 4232 1337 4323 quod
1354 4231 1397 4299 ad
1417 4232 1570 4321 promis—

578 4329 715 4400 sionem
755 4327 907 4413 attinet,
941 4353 1015 4397 non
1054 4332 1152 4423 quod
1183 4332 1230 4401 ad
1266 4332 1391 4403 merita
1432 4334 1569 4408 attinet.

578 4428 665 4503 ldeo
680 4428 740 4503 hic
756 4430 904 4502 additur
919 4433 1083 4527 negativa
1098 4432 1306 4524 responsio:
1334 4433 1457 4507 ludaei
1475 4434 1568 4509 nihil

575 4546 773 4629 praestant,
798 4532 950 4617 scilicet,
973 4537 1070 4628 quod
1088 4537 1131 4605 ad
1149 4535 1316 4607 meritum
1331 4539 1467 4611 attinet.
1504 4536 1569 4613 Est

582 4660 666 4727 ergo
698 4636 887 4711 sententias
919 4632 1152 4733 Nequaquam
1178 4639 1400 4728 excellimus,
1433 4643 1471 4713 id
1505 4658 1569 4731 cst,

578 4764 652 4809 uon
668 4764 790 4812 sumus
804 4738 887 4809 iusti
905 4752 1049 4832 propter
1062 4756 1221 4813 nostram
1236 4742 1458 4831 dignitatem,
1481 4772 1565 4839 pro-

578 4854 655 4933 pter
668 4864 773 4932 opera
788 4839 893 4931 legis,
919 4853 1066 4943 propter
1082 4858 1222 4915 nostrat
1239 4843 1388 4918 virtutes
1404 4860 1470 4923 etc.

1624 2369 1747 2441 scribit
1765 2372 1952 2464 praecipue
1970 2368 2236 2473 hypocritarum
2252 2400 2384 2449 arcana
2401 2377 2496 2462 vitia,
2513 2397 2574 2468 que

1624 2475 1944 2592 mundus-suspicit
1962 2491 2130 2592 tanquam
2156 2480 2388 2553 excellentem
2409 2477 2573 2573 sapientiam

1622 2591 1658 2646 et
1675 2590 1865 2650 tustrcram.

1662 2740 1734 2816 Ex
1758 2745 1927 2845 operibus
1957 2744 2051 2846 Iegis
2077 2776 2151 2823 non
2175 2747 2441 2864 iustificabitur
2461 2747 2549 2822 omnis
2612 2729 2613 2788 l

2033 2878 2120 2924 caru
2147 2865 2209 2934 cic.

1797 2988 2027 3059 conclusione
2054 2991 2183 3062 iterum
2210 2993 2343 3085 repetit
2367 2990 2577 3063 universalem:

1625 3087 1675 3163 Ut
1687 3113 1792 3160 omne
1807 3113 1848 3159 os
1867 3092 2094 3174 obstruatur,
2119 3109 2155 3167 et
2170 3107 2267 3166 totus
2290 3099 2447 3172 mundus
2466 3095 2505 3164 sit
2522 3111 2577 3161 reut

1623 3215 1741 3263 coram
1768 3190 1855 3268 Deo.
1930 3194 2001 3267 Sed
2027 3196 2172 3290 quidam
2199 3197 2262 3292 qui
2286 3199 2429 3289 lingunt
2453 3193 2577 3266 homines

1625 3296 1752 3364 mereri
1780 3298 2023 3368 remissionem
2058 3314 2312 3391 peccatorum,
2353 3317 2389 3372 et
2412 3324 2479 3370 esse
2498 3298 2577 3367 iustos

1625 3410 1770 3491 propter
1792 3400 1886 3468 bona
1908 3425 2015 3493 opera
2039 3404 2207 3490 moralia,
2241 3403 2397 3476 eludunt
2418 3399 2501 3472 hanc
2521 3398 2576 3468 uni-

1623 3502 1814 3587 versalem,
1842 3517 1876 3574 et
1892 3506 2016 3576 dicunt
2029 3530 2103 3575 esee
2115 3502 2394 3602 synecdochen,
2407 3505 2499 3601 quasi
2513 3502 2577 3571 Pau·

1624 3604 1680 3673 lus
1702 3628 1776 3673 nou
1801 3629 1947 3695 prorsus
1962 3631 2086 3677 omnes
2109 3623 2252 3700 arguet,
2277 3614 2341 3681 sed
2368 3610 2540 3703 plurimos,
2557 3615 2579 3673 et
2610 3656 2611 3659 ,

1624 3708 1669 3777 ab
1688 3702 1754 3776 hac
1770 3710 1963 3779 universali
1986 3711 2058 3781 sint
2080 3712 2280 3805 excipiendi
2305 3710 2502 3805 paucissimi
2522 3706 2577 3800 qni·

1624 3813 1706 3878 darn
1730 3809 1835 3881 boui:
1870 3828 1910 3881 ut
1934 3815 2097 3907 quamvis
2119 3812 2258 3886 Romae
2283 3815 2431 3907 plurimi
2456 3814 2518 3881 siut
2536 3806 2579 3885 cd.

1623 3925 1743 3982 tameo
1769 3914 1909 4004 lingunt
1940 3940 1981 3985 ex
2013 3916 2076 3985 illo
2105 3942 2255 3989 numero
2286 3918 2509 4011 excipiendos
2530 3931 2578 3978 esse

1623 4038 1753 4104 paucos
1783 4019 1976 4110 quosdam,
2019 4017 2245 4112 Scipionem,
2287 4018 2461 4093 Atticum.
2526 4009 2579 4083 ttici

1622 4117 1717 4189 inter
1733 4114 1883 4190 ludaeos
1895 4120 2040 4212 plurimi
2057 4138 2212 4215 peccant,
2230 4138 2353 4195 tamen
2369 4134 2580 4214 paucosque

1622 4222 1704 4289 darn
1727 4222 1840 4315 excipi
1862 4224 2007 4310 volunt,
2040 4241 2081 4295 ut
2104 4220 2324 4314 iohannem,
2358 4224 2517 4305 Petrum,
2537 4232 2579 4287 tlt·

1624 4322 1803 4394 Adversus
1827 4319 2032 4397 huiusmodi
2052 4329 2296 4401 cavillationes
2319 4327 2502 4399 muniendi
2522 4330 2579 4391 suut

1621 4424 1753 4517 animi,
1786 4440 1828 4498 ut
1851 4428 2048 4519 simplicem
2073 4444 2109 4511 et
2130 4454 2249 4503 veram
2272 4433 2483 4503 sententiam
2505 4416 2579 4494 Pauli

1621 4529 1854 4616 retineamus,
1888 4555 1928 4601 ac
1951 4534 2144 4624 prudenter
2167 4536 2260 4606 cavit
2283 4537 2361 4629 ipse
2383 4532 2526 4611 Paulus,
2551 4540 2579 4590 nt

1622 4623 1708 4700 haec
1723 4635 1880 4723 exceptio
1895 4634 2013 4724 affingi
2033 4651 2163 4727 posset.
2215 4637 2382 4709 Primum
2398 4636 2489 4705 enirn
2505 4644 2579 4715 saepe

1619 4733 1785 4815 inculcat,
1808 4737 2069 4808 universalem:
2113 4739 2244 4811 deiude
2278 4741 2384 4811 addit
2425 4736 2578 4805 rationem,

1620 4858 1712 4930 quae
1734 4840 1891 4909 ostendit
1908 4838 1994 4933 quid
2013 4857 2162 4913 accuset.
2214 4842 2276 4913 Ait
2292 4844 2406 4912 enim:
2441 4836 2493 4909 Eo
2507 4828 2577 4925 quod

1496 4971 1501 4980 ·
1619 4940 1851 5030 exoperibus
1878 4941 1965 5032 legis
1994 4966 2068 5013 non
2102 4945 2352 5015 iustificabitur
2377 4941 2493 5015 omnis
2512 4954 2580 5005 caro.

626 5072 732 5153 Nam
763 5088 850 5152 onte
881 5076 1004 5152 causis
1039 5076 1195 5156 redditis
1228 5082 1454 5157 ostendimus
1482 5096 1513 5156 et

576 5169 580 5180 ’
940 5174 1105 5255 Iudaeos
1132 5195 1192 5264 etc.

677 5330 856 5425 Repetitio
886 5348 939 5405 est
963 5336 1216 5427 propositionis
1232 5366 1264 5407 τι
1288 5340 1342 5410 Ac
1373 5341 1564 5433 diligenter

1618 5038 1689 5111 llic
1703 5042 1832 5115 diserte
1849 5068 1923 5114 non
1938 5059 2075 5117 tantum
2091 5071 2257 5139 personas
2272 5060 2435 5135 accusat,
2461 5042 2514 5111 sed
2527 5034 2579 5104 illis

1618 5144 1705 5233 ipsis
1719 5144 1826 5215 bonis
1839 5148 2008 5239 operibus
2022 5148 2176 5221 detrahit
2192 5150 2490 5225 iustificationem,
2514 5156 2580 5231 quit

1617 5246 1673 5314 illi
1698 5248 1825 5319 volunt
1848 5250 1973 5341 excipi.
2035 5248 2175 5323 Deinde
2195 5249 2330 5323 Psalm.
2357 5250 2490 5345 inquit:
2518 5239 2578 5353 Not

1616 5349 1726 5419 intres
1743 5350 1782 5418 in
1800 5352 1971 5421 iudicium
1989 5376 2070 5424 curn
2086 5376 2188 5424 servo
2208 5370 2288 5439 tuo,
2313 5355 2399 5449 quia
2417 5374 2487 5423 uon
2502 5348 2579 5416 iusu-

576 5436 837 5506 obserrandum
855 5450 926 5522 est,
952 5439 1134 5532 quodiam
1151 5440 1354 5512 effert'eam
1378 5445 1562 5517 universa·
1614 5450 1778 5523 beabitur
1804 5454 1841 5522 in
1866 5472 2055 5545 conspectu
2080 5472 2140 5529 tuo
2164 5456 2281 5526 omuis
2306 5458 2444 5529 virens.
2504 5445 2577 5517 ΗΜ
2612 5534 2613 5557 ¹

573 5536 676 5621 liter,
710 5553 745 5608 et
772 5540 840 5622 ait,
876 5561 1000 5610 omnes
1034 5542 1101 5611 sub
1133 5557 1276 5633 peccato
1308 5568 1402 5629 esse,
1436 5546 1473 5617 id
1500 5564 1562 5636 est,
1613 5556 1785 5625 sententio
1811 5571 1844 5627 et
1866 5558 2052 5651 pleraeque
2074 5560 2208 5629 similes
2230 5572 2410 5630 testantur
2431 5547 2577 5641 exceptio·

444 5716 450 5725 .
577 5635 700 5707 omnes
717 5636 879 5712 homines
895 5663 969 5714 esse
983 5664 1062 5713 reos
1077 5646 1220 5735 peccati,
1245 5646 1318 5715 irae
1330 5646 1395 5717 Dei
1414 5662 1447 5718 et
1463 5674 1560 5720 mor·
1612 5680 1694 5724 nem
1717 5658 1815 5727 illam
1839 5660 1963 5729 falsam
1986 5684 2079 5748 esse,
2105 5662 2188 5756 quia
2212 5662 2306 5731 clare
2332 5665 2462 5733 docent
2484 5660 2574 5724 11⁰⁵!n

574 5742 620 5809 tis
635 5753 808 5813 aeternae.
857 5743 1034 5837 Loquitur
1049 5760 1168 5817 autem
1190 5751 1234 5816 de
1257 5747 1558 5823 omnibus-homi·
1609 5759 1705 5829 bona
1722 5784 1829 5849 opera
1845 5784 1918 5831 nou
1936 5786 2037 5857 posse
2051 5763 2186 5856 opponi
2204 5764 2342 5834 iudicio
2361 5764 2438 5836 Dei.
2494 5754 2576 5824 Prae·
2612 5790 2613 5845 ι

574 5842 681 5913 nibus
702 5856 842 5940 excepto
865 5842 1029 5937 Christo,
1054 5872 1096 5919 ac
1115 5867 1255 5963 sanctos
1273 5851 1378 5923 etiam
1399 5856 1557 5947 comple·
1609 5873 1702 5933 terea
1725 5863 1756 5933 si
1779 5865 1927 5935 moralia
1954 5890 2058 5959 opera
2075 5866 2330 5955 iustificarent,
2357 5860 2575 5939 iustificastttl
2612 5862 2613 5881 ¹
