5825 6950
319 738 384 821 stt
581 734 684 815 xltt.
736 739 772 817 8.
797 736 1097 815 ENARRATIO
1123 736 1279 817 netsr.
1304 728 1455 810 ruunt
1481 731 1554 805 AD
1578 714 1841 808 Romanos.
1893 727 1996 813 CAP.
2020 732 2085 809 ill.
2264 736 2345 895 878.

315 908 445 985 iliiDei
458 907 660 1005 dupliciter,
676 909 922 1002 imputatione,
936 910 1070 985 scilieet
1084 910 1122 981 in
1136 906 1299 999 haesita,
1353 902 1484 997 allec,
1516 904 1676 993 iusticia,
1699 919 1735 980 et
1760 905 1989 977 sanctificatio
2011 919 2048 978 et
2070 908 2264 995 redemtio,
2288 910 2339 979 si·

314 1016 387 1111 qnia
401 1027 519 1085 reatm
536 1012 685 1098 tollitur,
700 1026 734 1084 et
749 1034 899 1103 persona
916 1014 954 1085 lit
969 1011 1081 1100 iusta,
1104 1014 1142 1085 id
1158 1028 1221 1100 est,
1237 1037 1296 1085 ac·
1350 1021 1410 1079 cut
1425 1006 1598 1098 seriptum
1613 1023 1681 1080 est:
1703 1006 1777 1098 Qui
1793 1010 1968 1101 gloriatur
1979 1010 2019 1079 in
2036 1007 2193 1081 Domino
2207 1012 2340 1103 glorie·

313 1132 399 1209 cepta
417 1118 486 1187 lide
503 1126 653 1209 propter
661 1116 905 1187 mediatorem.
953 1112 1001 1189 Et
1021 1117 1152 1209 reipsa
1171 1116 1295 1209 incipit
1348 1124 1420 1185 tur.
1471 1107 1569 1180 Haec
1583 1124 1637 1182 est
1660 1112 1755 1182 enim
1780 1113 1933 1205 perlecta
1956 1126 1991 1184 et
2012 1113 2149 1205 integra
2172 1114 2337 1204 gloriatio

313 1220 487 1293 renovatio
503 1221 542 1288 in
558 1220 665 1289 corde
679 1206 871 1309 perlilium
886 1231 920 1291 et
933 1217 1107 1313 Spiritum
1124 1234 1296 1303 sanctum,
1348 1212 1387 1283 in
1410 1208 1509 1298 Deo,
1540 1214 1686 1306 quando
1707 1237 1754 1285 ne
1776 1216 1922 1310 quidem
1944 1228 2090 1307 propter
2108 1236 2208 1286 susm
2230 1214 2339 1289 iusti-

312 1344 392 1419 quae
405 1336 526 1416 postes
539 1319 606 1395 erit
622 1320 759 1411 integra
775 1320 816 1393 iu
830 1322 1101 1395 resurrectione.
1353 1315 1442 1385 ciam
1465 1315 1596 1409 aliquis
1623 1317 1825 1402 extollitur,
1859 1320 1919 1389 sed
1942 1318 2198 1409 agnoseitssese
2219 1339 2337 1389 carere

544 1486 626 1565 oo
640 1498 691 1563 est
708 1460 1048 1586 ,summm
1345 1416 2338 1614 tramittedgrttli'tllttiltffitz

408 1624 523 1700 Addit
549 1622 787 1720 epiphonema
817 1650 860 1697 ex
878 1628 1070 1700 collatione
1109 1629 1290 1703 contrarii,
1344 1635 1397 1693 esi
1415 1622 1669 1717 glodulfo-pel·
1681 1627 1881 1696 doctrinam
1902 1628 1946 1696 de
1960 1627 2050 1716 ⁸ilde.
2095 1624 2202 1696 Hanc
2220 1648 2340 1717 oppo-

308 1728 391 1803 Cum
407 1753 490 1801 vera
507 1725 654 1802 sit·haec
675 1730 873 1812 sententia,
897 1724 1061 1801 homines
1086 1730 1197 1803 iustos
1217 1755 1292 1803 esse
1343 1722 1398 1795 nit
1414 1723 1485 1815 legi
1498 1748 1646 1817 operum
1654 1778 1666 1813 ,
1690 1741 1847 1821 quaeest
1862 1729 2025 1799 doctrina
2041 1726 2263 1821 praecipiens
2279 1730 2337 1797 in-

275 1868 276 1873 *
307 1836 369 1905 fide
385 1854 506 1904 coram
523 1832 609 1907 Deo,
659 1830 832 1928 Sequitur
847 1832 987 1903 nullam
1011 1856 1086 1904 osse
1109 1834 1291 1925 gloriatio.
1345 1836 1479 1915 iegram
1494 1828 1746 1915 obedientiam,
1770 1844 1805 1901 ei
1819 1833 1951 1901 docens
1965 1832 2142 1902 iusticiam
2158 1852 2245 1913 este,
2270 1826 2339 1899 ba·

309 1960 383 2007 nem
403 1947 583 2020 nostram,
605 1936 728 2020 idest,
760 1958 827 2005 nos
850 1956 925 2005 non
955 1931 1087 2007 babere
1110 1936 1291 2029 propriam
1344 1930 1426 1999 bere
1439 1928 1613 2019 integram
1628 1932 1890 2019 obedientiam,
1917 1933 2009 2004 sicut
2026 1933 2125 2019 ¹inira
2143 1932 2338 2025 inquitca·

308 2036 496 2119 iusticiam,
528 2054 592 2109 sen
618 2036 706 2127 legis
739 2037 985 2129 impletionem
1015 2059 1077 2110 seu
1113 2041 1291 2115 meritum,
1341 2027 1415 2123 pite
1440 2032 1497 2107 10.
1521 2029 1656 2103 Moises
1672 2034 1842 2108 describit
1853 2035 2053 2123 iusticiam,
2077 2055 2168 2129 quae
2190 2057 2234 2103 er
2254 2034 2333 2125 lege

307 2136 433 2234 licique
463 2139 646 2232 perspicus
669 2140 892 2213 confirmatio
912 2153 1057 2212 nostrae
1079 2140 1290 2233 interpreta-
1341 2146 1413 2218 est,
1438 2134 1503 2229 qui
1531 2135 1654 2208 iecerit
1677 2160 1737 2217 eo,
1770 2137 1928 2209 viverio
1949 2136 2010 2207 eis
2059 2133 2233 2207 Nominat
2248 2158 2333 2227 ergo

305 2243 426 2329 tionis,
467 2236 554 2311 haec
577 2241 655 2333 ipsa
682 2236 881 2312 antithesis.
956 2240 1177 2314 arescemus
1207 2245 1289 2314 iusti
1341 2236 1453 2326 issem
1479 2258 1650 2335 operum,
1689 2239 1890 2311 doctrinam
1917 2240 2024 2329 legis,
2055 2238 2093 2308 id
2122 2251 2193 2323 eii,
2219 2236 2333 2329 ipim

306 2344 507 2435 impletione
523 2343 628 2435 legis,
658 2339 870 2415 haberemus
889 2345 1039 2435 gloriam
1061 2358 1096 2415 et
1112 2346 1290 2433 meritum,
1341 2339 1453 2427 legem
1476 2339 1527 2409 sic
1552 2342 1697 2434 proprie
1723 2342 1872 2429 dictam,
1904 2343 1950 2412 de
1974 2364 2050 2448 qna
2067 2339 2157 2411 alibi
2179 2339 2331 2413 dicitur:

305 2450 359 2517 sed
377 2441 470 2516 henr
492 2446 641 2535 gloriam
663 2458 697 2515 et
720 2448 887 2517 meritum
913 2470 1073 2540 expresse
1095 2448 1291 2521 detrahunt
1339 2438 1413 2511 lae!
1428 2439 1648 2515 irsmefficit.
1699 2443 1872 2516 Libenter
1883 2446 2003 2517 'aulem
2021 2463 2085 2514 usa
2101 2454 2154 2513 eii
2169 2442 2231 2513 iile
2245 2464 2333 2534 sent

275 2540 277 2617 l
304 2550 403 2619 nobis
420 2543 506 2619 haee
522 2548 638 2633 utera,
663 2546 781 2619 Palm
802 2548 906 2623 tte:
940 2548 1023 2621 Non
1039 2551 1289 2625 iustificabitur
1339 2542 1487 2613 nomine
1500 2543 1728 2639 leeioquare
1744 2568 1847 2640 saepe
1856 2546 2068 2638 generaliter
2081 2544 2147 2636 'pro
2156 2545 2332 2631 domina,

305 2653 337 2719 in
360 2665 549 2743 conspectu
579 2663 641 2721 tuo
665 2650 785 2721 ortlnis
813 2652 950 2726 vivens,
1008 2647 1057 2723 Et
1082 2650 1164 2724 lob:
1197 2652 1288 2725 Vero
1339 2666 1399 2715 seu
1415 2668 1480 2734 pro
1495 2647 1680 2719 verboDei
1694 2664 1900 2743 usurpatur,
1913 2660 1954 2721 ui
1969 2649 2009 2719 ἰιι
2023 2659 2099 2719 tolo
2114 2644 2208 2718 Psal.
2228 2646 2331 2723 118st

303 2756 386 2839 scio,
412 2754 508 2847 quod
532 2767 607 2824 no'n
631 2752 677 2825 sit
700 2747 809 2824 homo
830 2754 945 2825 iustos
961 2776 1083 2825 eoram
1101 2755 1187 2831 Deo,
1240 2753 1288 2829 Et
1337 2743 1441 2819 Basti
1454 2749 1675 2822 immaculati
1690 2751 1728 2821 in
1744 2752 1820 2836 via,
1836 2751 1899 2846 qui
1916 2752 2101 2821 ambulant
2117 2749 2155 2820 in
2170 2747 2332 2840 legeDo-

275 2854 548 2929 ¹l'tsulusdissit:
573 2848 711 2926 Omnes
728 2870 849 2929 tarem
865 2858 976 2949 gloria
994 2854 1073 2933 Dei.
1113 2856 1221 2946 ltem,
1248 2876 1288 2931 ut
1338 2849 1441 2925 mint.
1494 2849 1602 2926 item:
1623 2851 1695 2923 Par
1712 2854 1825 2925 multa
1838 2853 2072 2946 diligentibus
2092 2852 2204 2945 legem
2219 2866 2330 2933 tuam,

304 2972 390 3029 totus
407 2960 565 3029 mundus
580 2978 662 3027 reus
677 2957 723 3029 sit
738 2954 827 3031 Deo.
1096 3033 1099 3041 ,
1338 2964 1373 3023 ει
1390 2967 1535 3025 nonest
1552 2954 1607 3025 eis
1617 2957 1841 3032 scandalum.

394 3054 463 3130 Est
488 3060 599 3151 igitur
621 3059 804 3152 perepicuo
839 3057 1041 3134 antithesis:
1083 3060 1178 3151 Ergo
1204 3087 1285 3135 cum

306 3164 406 3233 amns
421 3162 505 3232 iusti
527 3161 601 3233 sola
625 3162 886 3247 misericordia,
912 3187 988 3233 non
1013 3159 1186 3235 habemus
1208 3166 1286 3251 glo.

275 3266 385 3345 ¹riam
411 3264 578 3356 propriae
608 3260 767 3336 iusticias
797 3266 836 3335 in
866 3265 1000 3336 iudicio
1023 3262 1101 3339 Dei.
1173 3264 1286 3358 Saepe
1467 3338 1473 3349 ,

304 3368 502 3437 antemium
523 3365 746 3451 dictumest,
771 3361 837 3439 bas
855 3368 1115 3460 propositiones
1131 3370 1285 3439 correla·
1437 3358 1721 3456 Epiphanemati
1742 3367 1872 3440 adiecit
1885 3363 2182 3449 conclusionem,
2206 3366 2330 3458 inqua

275 3533 276 3548 ,
302 3469 365 3540 tire
378 3468 632 3563 intelligendus
647 3491 740 3555 esse,
766 3492 830 3561 per
845 3471 1123 3543 misericordiam
1140 3485 1286 3564 propter
1338 3464 1496 3537 breviter
1509 3467 1636 3558 repetit
1652 3491 1826 3540 summam
1842 3470 2117 3566 propositionis,
2140 3479 2176 3541 el
2200 3468 2330 3540 iterum

275 3555 405 3644 iulium
422 3567 491 3642 Dei
504 3593 636 3644 sumus·
650 3572 751 3654 iusti,
777 3573 814 3642 id
835 3585 905 3652 est,
930 3573 1058 3644 fiducia
1083 3575 1283 3645 misericor·
1336 3569 1492 3641 inculcat
1520 3567 1759 3644 Exclusivam.
1826 3571 1917 3642 Nam
1942 3575 1987 3644 ad
2009 3569 2079 3643 hoc
2100 3572 2329 3666 repetitiones

275 3676 368 3764 ffdiae
383 3685 530 3766 propter
546 3675 790 3746 mediatorem.
826 3671 875 3746 Ut
890 3671 1136 3748 Romanomm
1152 3677 1188 3750 4.
1206 3701 1285 3748 cor·
1336 3674 1562 3761 conducunt,
1589 3686 1630 3744 ut
1650 3674 1739 3743 sciat
1763 3672 1875 3746 lector
1896 3699 1970 3746 non
1992 3678 2109 3746 obiter
2127 3699 2207 3745 earo
2219 3674 2329 3765 parti-

300 3777 436 3848 relative
451 3776 631 3850 connectit·
646 3777 916 3868 promissionem
931 3789 967 3848 et
987 3780 1110 3849 tidem:
1137 3777 1222 3850 ldeo
1243 3805 1284 3850 ex
1336 3773 1451 3844 culam
1470 3773 1604 3843 dicenti
1619 3775 1806 3861 excidisse,
1835 3781 1895 3848 sed
1920 3779 2013 3848 serio
2026 3793 2062 3849 et
2076 3801 2115 3847 re
2132 3777 2329 3848 deliberata

301 3881 358 3948 ide
378 3879 509 3970 gratis,
545 3893 585 3951 nt
606 3881 652 3950 sit
674 3880 778 3964 firme
795 3879 1001 3968 promissio:
1031 3881 1149 3974 inquit
1174 3883 1283 3972 igitur
1336 3877 1525 3946 vellerum
1542 3871 1639 3963 hoc,
1656 3881 1753 3970 quod
1770 3881 1874 3950 toties
1891 3881 2057 3954 inculcat.
2110 3878 2330 3949 Necobscu·

302 3979 437 4067 l‘aulus‚
452 3981 664 4052 exclusivum
679 4005 752 4055 esse
767 3981 1015 4072 gloriationem
1035 3984 1109 4073 lege
1126 3984 1220 4068 fidei,
1246 3985 1282 4054 id
1335 3979 1421 4048 ritas
1436 3990 1489 4048 est
1504 3979 1544 4047 in
1558 3979 1654 4050 dicto
1677 3978 1802 4066 Pauli,
1827 3983 1888 4053 sed
1915 3985 2106 4054 verborum
2129 3980 2328 4074 pmprietes
2412 4005 2421 4021 ⁴

275 4095 276 4106 ¹
302 4099 359 4168 est,
385 4084 549 4155 doctrine
565 4084 711 4164 deiide,
737 4107 828 4177 qnae
842 4083 995 4156 affirmat
1010 4108 1075 4154 nos
1093 4109 1155 4174 per
1177 4089 1283 4156 mire.
1334 4081 1542 4151 retineatur.
1599 4080 1743 4152 Puerile
1766 4097 1837 4170 est,
1863 4089 1959 4180 quod
1978 4086 2125 4179 qnidam
2143 4083 2328 4174 disputant

302 4185 483 4256 virontiam
498 4200 644 4278 propter
658 4188 886 4258 mediatorem
912 4186 1024 4258 iustos
1046 4209 1138 4274 esse,
1166 4203 1200 4259 et
1225 4212 1282 4259 ac·
1335 4185 1380 4251 de
1406 4183 1518 4252 verbo
1544 4184 1786 4257 arbitramur:
1823 4179 1906 4257 n'am
1932 4184 2070 4258 Graece
2096 4179 2326 4284 λογιζόμεθα

301 4288 438 4380 quiescit
452 4289 492 4356 in
508 4286 584 4358 Deo
603 4301 749 4380 propter
769 4287 1019 4375 mediatorem,
1046 4312 1122 4360 nnn
1139 4306 1284 4379 propter
1335 4281 1509 4373 significat
1527 4289 1823 4358 asseverationem
1838 4291 2020 4360 collectam
2036 4314 2078 4358 ex
2100 4286 2325 4381 praecedenti

303 4391 472 4482 propriam
504 4389 728 4480 dignitatern.
789 4389 958 4463 Excludit
987 4415 1071 4483 ergo
1100 4394 1281 4485 propriam
1334 4385 1573 4477 copulatione.
1632 4385 1739 4459 Fides
1764 4392 1938 4480 significat
1965 4392 2223 4472 assensionem,
2256 4409 2330 4481 qua

303 4493 500 4582 dignitatem
522 4507 557 4563 et
578 4493 759 4562 meritum.
827 4489 933 4562 Hanc
961 4517 1036 4564 esse
1064 4496 1222 4564 nativam
1248 4509 1282 4566 et
1334 4488 1584 4586 amplectimur
1598 4492 1870 4580 promissionem
1882 4495 2025 4584 gratiae,
2043 4515 2137 4587 quae
2150 4493 2189 4560 in
2203 4485 2328 4560 Evan-

301 4595 589 4686 simplicissimam
619 4594 882 4667 enarrationem
912 4609 1169 4684 congruentem
1197 4597 1282 4666 uni·
1334 4591 1431 4678 gello
1448 4603 1597 4681 propter
1617 4594 2041 4679 mediatoremoffertur,
2066 4607 2102 4666 et
2123 4605 2176 4664 est
2197 4591 2327 4662 fidncia

303 4720 410 4770 versae
434 4691 662 4792 propheticae
682 4697 899 4788 scripturae,
923 4692 1015 4766 nihil
1039 4697 1190 4768 dubium
1214 4713 1281 4768 est.
1334 4693 1526 4783 promissae
1549 4693 1833 4782 misericordiae,
1867 4713 1908 4769 ut
1932 4691 2019 4766 baec
2036 4695 2200 4766 vocabuli
2221 4713 2327 4763 enar·

303 4801 351 4868 Sic
366 4811 446 4870 orat
462 4796 610 4869 Daniel:
638 4794 777 4870 Exaudi
796 4822 863 4870 nos
874 4821 948 4868 non
963 4813 1110 4892 propter
1122 4813 1280 4872 nostram
1339 4797 1428 4864 ratio
1453 4816 1557 4884 saepe
1578 4796 1707 4866 tradita
1739 4812 1807 4869 est:
1835 4813 1873 4870 nt
1889 4794 2065 4889 Ephesios
2086 4809 2214 4892 quarto
2231 4794 2329 4866 Pau·

306 4903 489 4987 iusticiam,
514 4903 576 4972 sed
598 4921 664 4999 per
686 4900 966 4972 misericordiam
989 4915 1134 4994 pmpter
1154 4900 1282 4972 Domi·
1335 4896 1390 4966 lus
1414 4911 1556 4966 enarrat
1578 4920 1690 4968 unum
1716 4902 1928 4971 vomhulum
1951 4901 2091 5002 moltis:
2124 4897 2193 4969 Per
2217 4919 2327 4991 quem

305 5029 400 5089 oum,
440 5017 475 5074 et
496 4997 612 5074 David
643 5003 776 5096 inquit:
806 5001 953 5076 Salvum
981 5026 1038 5072 me
1059 5005 1115 5074 isc
1137 5019 1283 5096 propter
1333 5001 1509 5068 audemus
1532 5002 1697 5069 accedere
1722 5001 1763 5070 in
1785 5003 1914 5074 fiducia
1940 5025 2004 5094 per
2031 4997 2136 5072 fidem
2158 5001 2253 5085 eins,
2284 5012 2325 5071 nt

304 5106 568 5177 misericordiam
591 5121 701 5178 tuam.
761 5103 822 5176 Sic
855 5105 1061 5176 secedamus
1090 5107 1134 5175 ad
1164 5100 1280 5176 Deum
1333 5113 1366 5170 el
1394 5097 1560 5170 Psalmtts
1593 5101 1769 5196 loquitur:
1814 5104 1919 5177 Beati
1953 5126 2079 5175 omnes
2111 5105 2177 5198 qui
2211 5101 2328 5174 confi·

302 5209 446 5300 procidis
477 5208 516 5278 io
546 5207 776 5280 invocatione
795 5207 925 5278 fidncia
950 5208 1177 5292 mediatoris,
1205 5231 1281 5277 non
1332 5203 1423 5272 dunt
1438 5203 1477 5270 in
1497 5224 1552 5272 eo·

305 5313 417 5382 iducis
435 5324 578 5382 nostrae
590 5306 773 5401 dignitatis
788 5325 850 5382 sut
865 5309 1027 5381 iusticias
1038 5309 1243 5382 essentialis.
1436 5303 1622 5374 iustificari
1631 5304 1975 5399 significatamipere
1982 5308 2225 5381 remissionem
2239 5307 2324 5404 pec·

392 5412 484 5484 Nota
500 5412 573 5483 sint
589 5427 623 5484 ει
637 5409 726 5482 haec
740 5427 836 5482 recte
850 5411 943 5482 dicta
960 5412 1185 5503 scriptorum,
1201 5405 1280 5481 Au·
1340 5419 1500 5477 catorum
1519 5420 1553 5476 et
1568 5409 1908 5493 reconciliationem,
1933 5426 1966 5481 et
1983 5413 2253 5504 imputationem
2269 5409 2328 5477 iu·

304 5517 457 5600 ptstinus
467 5516 606 5608 inquit:
627 5511 759 5585 Totius
772 5515 921 5584 lidusiae
935 5515 1111 5584 certitudo
1124 5532 1202 5584 esse
1211 5515 1280 5583 sle-
1331 5509 1451 5578 sticise
1466 5532 1530 5578 sen
1543 5513 1841 5600 acceptationem,
1866 5535 1947 5582 cum
1963 5539 2032 5609 qna
2052 5515 2159 5584 annul
2169 5523 2235 5581 'est
2245 5509 2325 5578 etti·

304 5619 350 5688 let
365 5619 399 5688 in
416 5617 574 5710 pretioso
596 5611 931 5706 sanguineGltristi.
974 5611 1021 5685 Et
1039 5613 1198 5684 Basilius
1219 5617 1277 5684 in·
1330 5633 1391 5680 east
1414 5611 1510 5681 filius
1525 5607 1614 5695 Dei,
1641 5613 1728 5682 dicit
1750 5614 2033 5692 consolationem
2058 5613 2325 5699 soeeEvassge·

305 5722 368 5812 quit
381 5723 421 5791 in
444 5719 617 5792 concione
641 5721 686 5789 de
708 5713 926 5802 humilitate,
957 5717 1153 5806 pamtldssu
1181 5717 1275 5789 Dicit
1331 5711 1372 5781 lii
1387 5713 1425 5781 in
1443 5728 1583 5794 mente,
1606 5727 1639 5784 et
1655 5717 1814 5786 ostendit
1832 5716 2057 5788 voltrntatem
2069 5718 2201 5808 patris,
2218 5727 2253 5782 et
2269 5713 2326 5780 vi·

304 5837 403 5894 eutem
421 5819 635 5912 Apostolus:
662 5819 734 5910 Qut
758 5819 934 5910 gloriatur
955 5819 993 5888 in
1014 5815 1172 5889 Domino
1196 5819 1275 5908 glo·
1329 5815 1444 5886 vilitat
1467 5816 1688 5901 credentem,
1711 5841 1756 5889 sc
1777 5818 1932 5890 effundit
1958 5819 2136 5914 Spiritum
2160 5829 2325 5889 scrutum

305 5923 420 6012 rietur,
449 5927 592 6012 dicem,
610 5923 710 6020 quod
722 5919 885 5994 Christus
902 5921 1009 5994 nobis
1026 5921 1074 5993 sit
1097 5921 1273 6015 sapientia
1329 5917 1368 5988 in
1385 5941 1475 6006 cor,
1492 5917 1582 5991 sicut
1602 5922 1640 5996 1.
1657 5914 1784 6001 lolium
1798 5919 1839 6000 4.
1857 5920 2009 5996 dicitur:
2032 5918 2080 5992 ln
2099 5915 2169 5994 isos
2191 5937 2329 6007 cogns-

1363 3116 1634 3197 adseveramus
1656 3122 1777 3221 igitur
1790 3120 1875 3219 fids
1897 3120 2096 3221 iustfficari
2117 3118 2304 3197 hontinem

1690 3226 1771 3301 sine
1792 3228 1977 3329 operibus.
