5825 6950
338 719 405 797 εοε
520 715 621 794 xtn
670 717 707 790 ε.
732 709 1034 792 ananuarro
1060 701 1216 788 arur.
1240 705 1391 786 rann
1414 707 1484 781 an
1509 707 1774 790 nonanus.
1812 713 2191 792 aunnnuuruu.
2226 653 2229 662 ¹
2291 720 2366 790 oto

284 934 285 945 .
405 887 761 983 llac'imaginatione
787 903 977 962 moventur
1002 888 1192 982 praecipue
1215 887 1321 959 multi
1373 878 1483 968 insti,
1510 907 1584 955 non
1601 877 1669 956 hoc
1686 887 1773 972 dici,
1798 912 1864 959 nos
1878 904 2022 982 propter
2037 891 2196 960 nostram
2211 891 2364 984 qualita-

336 1019 402 1066 non
417 994 574 1078 indocti,
602 1007 643 1064 ut
655 994 766 1063 ‘valde
784 987 1003 1064 abhorreant
1027 992 1073 1061 ab
1097 985 1163 1060 bac
1188 1013 1323 1082 propo·
1375 998 1447 1054 lem
1466 987 1578 1058 iustos
1592 1011 1683 1072 esse,
1709 991 1928 1084 sedproptcr
1948 993 2196 1078 mediatorem,
2218 1006 2253 1063 ει
2268 987 2365 1064 bunc

337 1098 474 1180 sitione,
508 1094 597 1165 Pide
617 1094 868 1180 iugtificflmup,
906 1097 968 1166 sed
994 1093 1176 1164 peripsima
1203 1108 1237 1165 et
1261 1093 1320 1162 fir.
1370 1086 1443 1158 fide
1467 1087 1887 1196 apprehendlopporiel,
1914 1107 1948 1165 el
1965 1094 2165 1165 itastilicatio
2188 1095 2364 1190 significat

288 1186 295 1285 l
338 1200 484 1270 nissima
508 1197 693 1290 responsio
709 1209 780 1282 εει,
810 1200 1012 1287 negandum
1037 1216 1111 1266 esse
1134 1195 1321 1268 minorem.
1371 1191 1617 1262 remissionem
1645 1210 1887 1286 peccatorum,
1923 1195 2268 1280 reconciliationem,
2294 1199 2364 1268 im.-

338 1301 416 1373 Nom
433 1300 473 1368 in
489 1295 557 1370 hac
573 1298 817 1392 propositione
832 1302 925 1391 apud
942 1295 1108 1384 Paulum,
1128 1297 1199 1369 fida
1216 1297 1320 1371 iusti-
1372 1293 1591 1381 putationem
1615 1295 1804 1382 iusticias,
1843 1299 1880 1368 id
1906 1314 1979 1384 εει,
2020 1298 2293 1390 acceptationem
2317 1302 2363 1368 ad

340 1403 419 1474 beati
440 1425 561 1494 pacem
578 1396 771 1487 babemus,
796 1413 830 1472 et
845 1402 884 1470 in
898 1401 1004 1473 dictis
1018 1401 1207 1485 similibus,
1234 1401 1320 1468 tides
1371 1395 1479 1464 vitam
1496 1411 1693 1484 aeternam,
1720 1424 1800 1469 cum
1823 1424 1894 1494 qua
1914 1401 2150 1496 acceptatione
2174 1403 2363 1472 coniuncta

295 1508 301 1609 ἰ
343 1525 555 1599 nequaquam
584 1502 759 1595 significat
792 1517 933 1576 tantum
963 1503 1158 1588 noticiam,
1203 1501 1319 1597 qualis
1370 1509 1423 1566 εει
1440 1499 1587 1572 donatio
1606 1499 1763 1594 Spiritus
1779 1503 1902 1576 sancti.

342 1609 444 1678 estin
468 1605 642 1692 diabolis,
668 1628 759 1699 qnae
785 1605 916 1678 noticia
940 1619 1044 1697 auget
1069 1629 1237 1698 pavores,
1261 1607 1320 1675 iu·
1528 1609 1533 1622 ¹

341 1733 409 1802 gam
430 1721 466 1778 ει
484 1709 821 1780 consternationem.
876 1706 960 1778 ldeo
979 1709 1076 1777 enim
1092 1723 1207 1780 metus
1224 1708 1320 1776 iudi-

295 1874 300 1883 .
341 1813 377 1882 cii
394 1823 428 1882 et
453 1833 653 1904 poenarum
674 1809 830 1881 atrocior
855 1824 890 1882 ει
906 1810 1022 1880 maior
1044 1823 1096 1880 εει
1113 1811 1152 1878 in
1174 1813 1319 1880 daemo-
1523 1803 1600 1896 Qui
1613 1831 1688 1878 non
1709 1809 1847 1900 diligit,
1872 1826 1993 1881 manet
2010 1813 2048 1880 in
2065 1823 2196 1882 morte:

340 1915 454 1994 uibus,
495 1911 580 2006 qnia
609 1913 721 2002 magis
753 1911 960 2004 intelligunt
980 1913 1263 2003 magnitudinem
1286 1925 1320 1982 et
1524 1907 1639 2000 lgitur
1655 1935 1729 1981 nou
1746 1913 1819 1982 sola
1837 1913 1905 1982 fide
1920 1935 2042 1984 snmus
2058 1915 2155 1985 insti.

340 2014 551 2086 atrocitatem
573 2037 719 2086 suorum
743 2014 916 2093 scelerum
947 2015 1115 2085 adversus
1138 2014 1254 2087 Deum
1286 2028 1320 2084 et
1471 2009 1697 2083 Antecedens
1720 2013 1931 2105 simpliciter
1952 2029 1992 2087 ut
2017 2031 2117 2087 sonat
2138 2013 2363 2086 verissimum

341 2119 502 2188 adversus
530 2116 644 2188 filium
669 2115 754 2202 Dei,
788 2130 823 2187 ει
852 2117 963 2207 magis
985 2130 1119 2190 norunt
1142 2117 1320 2210 magnitu·
1370 2125 1433 2188 εει.
1486 2112 1576 2185 Nam
1604 2111 1691 2185 haec
1714 2117 1836 2188 omnia
1858 2129 1998 2210 oportet
2019 2119 2057 2188 in
2078 2137 2250 2188 converso
2273 2138 2360 2198 esse,

339 2221 451 2290 dinem
476 2219 550 2288 irae
562 2213 650 2304 Dei,
674 2233 708 2290 ει
728 2217 858 2289 certius
877 2233 1058 2301 statuunt,
1085 2217 1200 2290 Deum
1224 2219 1319 2290 iudi·
1370 2217 1642 2298 contritionem,
1676 2218 1802 2299 fidem,
1836 2218 2085 2305 dilectionem,
2118 2221 2253 2290 bonum
2279 2241 2361 2308 pro-

338 2347 405 2392 cem
436 2343 530 2391 esse:
574 2322 635 2391 sed
666 2321 772 2405 fides,
812 2321 857 2390 de
883 2345 952 2414 qna
982 2321 1117 2392 Paulus
1150 2322 1322 2415 loquitur,
1370 2319 1547 2410 positum,
1585 2320 1845 2407 obedientiam,
1877 2336 2047 2416 quaeest
2075 2320 2214 2395 iusticia
2244 2321 2362 2389 bonae

339 2445 477 2515 prorsus
506 2423 703 2493 contrarios
726 2421 869 2495 effectus
891 2420 1014 2510 habet,
1052 2438 1152 2495 sanat
1172 2445 1321 2514 pavores
1370 2420 1616 2492 conscientiae.

340 2543 370 2597 et
398 2525 541 2594 adducit
573 2547 641 2596 uos
670 2526 715 2594 ad
748 2525 867 2596 Deum
901 2527 1090 2597 adiunctos
1120 2526 1321 2610 mediatori,
1472 2521 1543 2596 Sed
1562 2524 1601 2592 iu
1619 2524 2097 2618 argumentocnnsequentia
2115 2526 2276 2615 neganda
2299 2537 2362 2595 εει.

341 2628 418 2722 qnia
436 2649 511 2699 non
526 2639 578 2699 εει
592 2639 730 2700 tantum
755 2627 888 2698 noticia
906 2623 1094 2714 historiae,
1119 2630 1179 2697 sed
1198 2641 1249 2700 est
1264 2650 1322 2697 aa·
1370 2623 1455 2694 Non
1479 2625 1576 2696 enim
1597 2627 1775 2721 sequitur:
1808 2624 1950 2696 lusticia
1978 2628 2094 2698 bonae
2125 2627 2363 2698 conscientiae

342 2753 472 2811 sensus,
498 2752 571 2824 quo
586 2729 808 2820 amplecteris
829 2729 1100 2823 promissiones,
1123 2732 1171 2801 ita
1195 2744 1235 2801 ut
1254 2753 1322 2799 no·
1371 2742 1423 2799 εει
1439 2728 1566 2814 simul,
1592 2723 1687 2819 Ergo
1701 2741 1846 2820 propter
1862 2752 1938 2798 eam
1956 2751 2107 2820 persona
2122 2743 2174 2799 εει
2190 2731 2296 2810 iusta,
2325 2729 2361 2796 id

344 2833 496 2900 minutim
515 2831 602 2901 'l'ibi
621 2846 801 2922 peccatum
822 2833 973 2913 remitti,
1001 2846 1036 2904 et
1059 2844 1095 2903 te
1116 2833 1225 2925 recipi
1251 2845 1322 2902 sta·
1371 2843 1443 2914 εει,
1468 2843 1609 2922 accepta
1634 2831 1672 2900 in
1695 2831 1829 2901 iudicio
1851 2827 1940 2912 Dei,
1966 2834 2057 2902 sicut
2085 2832 2279 2902 clarissime
2304 2830 2364 2900 in-

346 2953 423 3016 tuas,
440 2947 474 3006 et
490 2955 571 3003 cum
582 2929 651 3002 hoc
666 2955 808 3003 assensn
825 2935 1022 3006 necessario
1043 2937 1149 3006 simul
1164 2949 1216 3004 εει
1230 2935 1322 3004 lidu-
1372 2932 1449 3025 quit
1465 2929 1617 3004 Paulus:
1643 2929 1744 3003 Nihil
1761 2929 1849 3003 milri
1867 2935 2028 3004 tenacius
2042 2955 2134 3014 sum,
2160 2936 2219 3002 sed
2239 2936 2276 3002 in
2297 2930 2365 3002 boe
2385 2990 2389 3000 .

347 3038 388 3106 cia
409 3035 633 3130 acquiescens
646 3034 686 3102 in
700 3035 915 3126 mediatore,
944 3050 1106 3130 quaeest
1129 3038 1167 3105 iu
1192 3037 1321 3106 voluu-
1371 3057 1447 3103 non
1469 3033 1674 3107 iustificatos
1697 3057 1789 3105 sum.
1854 3031 1956 3104 Bona
1979 3057 2035 3104 res
2061 3048 2130 3119 εει,
2164 3059 2226 3106 seu
2250 3039 2363 3104 virtus

351 3152 425 3223 tate,
451 3152 486 3209 et
501 3137 592 3209 laeta
606 3136 742 3208 aceedit
755 3139 800 3207 ad
815 3132 931 3207 Deum
947 3143 1099 3211 ducente
1116 3139 1322 3219 mediatore,
1371 3134 1741 3232 dareEleernosyuas.
1797 3134 1869 3208 Sed
1885 3159 2056 3227 persona,
2090 3135 2130 3206 in
2152 3132 2362 3230 quaadbuc

302 3260 306 3269 ⁴
350 3241 533 3312 etinvocat
584 3237 640 3312 De
653 3233 720 3308 bae
736 3239 804 3310 fide
822 3239 920 3332 loqui
940 3239 1092 3310 Paulum
1108 3241 1322 3310 manifestis-
1372 3237 1525 3310 multum
1547 3251 1598 3309 εει
1628 3240 1809 3320 sordium,
1857 3260 1931 3307 non
1963 3251 2110 3333 propter
2132 3238 2220 3310 tales
2250 3240 2363 3308 virtu-

351 3343 462 3412 sinum
484 3353 556 3425 εει,
581 3365 652 3439 qna
670 3341 806 3434 inquit:
837 3339 1017 3415 lustilicati
1036 3344 1105 3414 fide
1121 3366 1240 3435 pacem
1258 3338 1323 3411 ba·
1372 3353 1424 3410 tes
1455 3341 1494 3408 in
1523 3340 1658 3412 iudicio
1684 3338 1750 3412 Dei
1780 3352 1920 3430 accepta
1945 3354 2016 3426 εει,
2052 3342 2111 3411 sed
2135 3363 2199 3432 per
2223 3341 2363 3410 miseria

305 3472 312 3556 p
351 3448 469 3515 bmua
501 3438 550 3515 Ει
563 3438 678 3536 pre.
688 3443 739 3515 S:
765 3441 836 3513 Per
849 3467 955 3539 quem
971 3448 1143 3516 audemus
1158 3447 1324 3515 accedere
1372 3443 1532 3515 cordiam
1561 3459 1709 3536 propter
1738 3443 1990 3526 mediatorem,
2031 3455 2073 3515 ut
2095 3443 2243 3514 dicitnr:
2283 3443 2364 3514 Non

305 3565 311 3590 ¹
351 3548 554 3617 confidenter
568 3568 634 3645 per
647 3544 751 3616 fidem
770 3546 856 3621 eius.
911 3544 999 3617 lnde
1021 3544 1114 3619 banc
1134 3548 1217 3617 fidei
1236 3548 1324 3616 deli-
1373 3546 1623 3619 iustificabitur
1646 3547 1685 3617 in
1709 3558 1901 3637 conspectu
1922 3562 1985 3617 tuo
2010 3562 2076 3620 etc.
2148 3543 2252 3615 ltem:
2288 3542 2362 3635 Q'ui

305 3645 309 3744 J
350 3650 507 3720 uitionem
520 3670 711 3720 sumemus.
1372 3648 1565 3738 gloriatur,
1599 3648 1636 3717 in
1654 3648 1811 3721 Domino
1832 3648 2014 3737 glorietur.
2061 3646 2112 3725 Et
2139 3660 2257 3717 tamen
2285 3672 2363 3715 ma·

303 3755 311 3898 p
436 3750 817 3830 Praetereamus,
844 3748 1323 3843 qtrnomniverboDeino-
1374 3764 1435 3821 net
1456 3750 1543 3822 dicti
1573 3750 1671 3820 illius
1694 3750 1842 3821 immota
1868 3750 2020 3819 veritas:
2065 3750 2159 3839 Quia
2183 3772 2255 3818 non
2279 3748 2363 3817 dili-

304 3907 309 3922 .
351 3854 394 3922 bis
407 3853 556 3936 tradito,
580 3874 621 3923 ac
639 3851 863 3942 promissioni
880 3853 1180 3925 reconciliationis
1205 3877 1324 3922 aascn-
1372 3853 1441 3942 git,
1466 3865 1585 3922 manet
1607 3852 1646 3920 iu
1674 3868 1806 3939 morte,
1839 3852 1901 3945 qui
1924 3852 2032 3921 simul
2058 3876 2132 3923 esse
2155 3876 2292 3921 necesse
2311 3864 2362 3921 εει

352 3958 471 4041 timor,
509 3968 546 4026 et
574 3968 627 4025 εει
656 3954 785 4024 fidncia
810 3956 1034 4048 acquiescens
1056 3956 1094 4025 in
1116 3956 1324 4041 mediatore,
1373 3954 1503 4025 multas
1524 3954 1684 4026 virtutes.

351 4060 511 4126 clamans:
537 4058 642 4127 Abba
657 4054 773 4129 Pater.
1745 4125 1752 4142 ,

438 4158 570 4230 Differt
594 4172 712 4228 autem
734 4158 822 4229 fides
844 4179 912 4261 seur
932 4160 1058 4231 fiducia
1084 4184 1103 4229 a
1127 4184 1206 4252 spe,
1241 4161 1323 4253 quia
1646 4120 1812 4197 Tmmm
1827 4134 2099 4223 “Summum

292 4288 297 4294 ·
348 4285 411 4351 spes
433 4274 485 4332 εει
508 4261 701 4352 expectatio
722 4262 864 4330 futurae
897 4261 1137 4333 liberationis:
1172 4274 1207 4331 at
1235 4262 1322 4333 fides
1528 4258 1680 4334 Dilectio
1698 4276 1750 4335 εει
1766 4264 1922 4335 iusticia:

347 4365 461 4455 accipit
486 4384 654 4456 praeseus
672 4363 902 4446 beneficium,
927 4365 1061 4435 scilicet
1080 4363 1325 4433 remissionem
1529 4360 1628 4454 Ergo
1640 4352 1835 4437 dilectione
1850 4368 1961 4436 sumis
1980 4364 2072 4436 ius'ti.

346 4480 561 4557 peccatorum
578 4464 617 4532 in
640 4465 856 4555 praesentia,
882 4478 918 4535 ει
937 4466 1263 4538 reconciliationem
1287 4488 1327 4535 ac
1478 4462 1582 4534 Valet
1610 4469 1861 4561 consequentia
1895 4481 1929 4537 et
1965 4467 2045 4537 loco
2082 4462 2365 4550 coniugatorum.

347 4568 613 4661 imputationem
630 4567 801 4637 iusticiae.
1375 4564 1425 4636 Ut
1444 4588 1524 4637 cum
1546 4568 1717 4637 dicimus:
1743 4566 1887 4639 Albedo
1908 4582 1959 4639 εει
1980 4566 2099 4649 color,
2132 4563 2229 4653 Ergo
2251 4560 2364 4653 paries

439 4669 583 4743 Scimus
597 4682 714 4738 autem
733 4664 927 4741 monachos
944 4668 1133 4744 fascinatos
1148 4669 1220 4739 auia
1237 4671 1327 4739 ima·
1375 4669 1480 4739 albus
1493 4668 1658 4739 albedine
1674 4684 1725 4739 εει
1740 4672 1929 4745 coloratus.

282 4796 285 4806 ’
344 4772 584 4861 ginationibus
598 4770 757 4841 furenter
780 4772 925 4843 reiicere
946 4768 1040 4844 hanc
1064 4774 1329 4863 interpretatio·
1484 4768 1585 4839 Valet
1608 4773 1824 4843 conscientia
1843 4775 1883 4842 in
1906 4769 2119 4861 conirrgatis,
2146 4769 2176 4836 si
2201 4766 2299 4835 nulla
2321 4765 2366 4834 sit

343 4900 441 4960 uem,
466 4874 530 4943 sed
547 4872 742 4942 dolendum
759 4885 831 4958 est,
855 4870 1049 4944 Ecclesiam
1068 4874 1168 4968 quasi
1185 4875 1329 4965 linguae
1377 4872 1611 4963 ambiguitas,
1640 4888 1679 4945 nt
1702 4876 1732 4944 si
1755 4870 1813 4945 bie
1838 4875 1975 4945 iusticia
2000 4871 2219 4960 intelligatur
2242 4868 2367 4951 virtus,

345 5000 425 5047 suae
448 4975 599 5047 oblitam
622 4996 714 5059 esse,
754 4998 835 5045 cnm
855 4976 901 5046 de
924 4977 1098 5046 vocabulo
1121 4976 1203 5045 lidei
1231 4990 1328 5047 tanta
1377 4999 1460 5045 vera
1485 4988 1537 5045 εει
1564 4977 1760 5066 propositio
1784 4974 1869 5047 baec
1888 4977 2034 5046 dilectio
2058 4986 2108 5043 εει
2132 4972 2292 5054 iusticia,
2325 4970 2364 5037 id

345 5080 412 5151 sint
435 5076 642 5149 certamina.
708 5071 937 5167 Perspicuum
959 5093 995 5150 ει
1013 5078 1255 5148 firmissimum
1279 5091 1330 5148 est
1379 5090 1448 5162 εει,
1472 5076 1593 5168 pulcra
1619 5090 1653 5147 et
1675 5078 1849 5149 excellens
1873 5080 1997 5150 virtus.
2052 5070 2148 5165 Ergo
2175 5072 2365 5143 dilectione

346 5178 585 5251 testimoninm
601 5176 702 5249 Pauli
720 5174 826 5249 llum.
842 5176 890 5264 4..
917 5178 1042 5251 Fidem
1059 5202 1134 5249 esse
1151 5180 1329 5264 fiduciam,
1378 5202 1501 5249 sumus
1516 5178 1617 5265 iusti,
1642 5179 1678 5249 id
1695 5194 1764 5263 est,
1789 5176 1959 5250 babentes
1976 5175 2067 5249 hanc
2083 5178 2261 5249 virtutem.
2294 5172 2366 5245 Sed

1600 1667 1815 1778 ⁸Secundum
1844 1681 2116 1769 argumentum.

351 5306 412 5375 qna
434 5280 629 5372 accipimus
649 5280 932 5371 promissionem.
998 5281 1189 5375 Postquam
1214 5298 1329 5353 autem
1380 5281 1477 5351 alind
1503 5293 1556 5351 εει
1571 5280 1671 5375 loqui
1694 5282 1737 5352 de
1753 5282 1890 5353 iusticia
1910 5282 2103 5363 Personae,
2128 5278 2226 5349 aliud
2249 5278 2294 5347 de
2311 5276 2366 5345 iu-

350 5388 389 5453 de
401 5407 484 5455 vera
498 5382 755 5471 significatione
768 5384 931 5454 vocabuli
948 5385 1082 5453 dictum
1101 5396 1171 5468 est,
1199 5384 1331 5452 deinde
1379 5382 1480 5454 stiria
1503 5404 1650 5477 operum
1674 5407 1737 5455 seu
1768 5384 1952 5457 virtutum.
2023 5382 2162 5452 iusticia
2195 5400 2365 5471 personae

349 5481 648 5557 etbocmonendi
669 5494 753 5553 sunt
775 5486 934 5557 studiosi.
987 5482 1067 5554 Hoc
1085 5499 1331 5575 argumentum
1381 5496 1434 5554 εει
1454 5482 1643 5576 imputatio
1674 5486 1832 5557 iusticias
1860 5508 1921 5556 seu
1955 5483 2146 5577 acceptatio
2170 5479 2367 5550 in'iudicio

351 5590 461 5659 oritur
491 5610 534 5656 ex
563 5584 816 5674 imaginatione
846 5580 1092 5677 philosophica
1126 5609 1186 5657 seu
1218 5587 1333 5675 legali,
1381 5582 1469 5669 Dei,
1494 5608 1585 5680 quae
1610 5586 1649 5658 tt:
1673 5603 1819 5680 propter
1841 5585 2071 5658 mediatorem
2094 5586 2167 5657 sola
2186 5582 2265 5654 lide.
2318 5576 2367 5647 Αι

352 5694 441 5783 quod
478 5686 563 5759 insti
594 5688 705 5757 simus
742 5702 886 5777 propter
921 5700 1078 5757 nostram
1114 5690 1332 5781 qualitatem.
1380 5687 1520 5756 iusticia
1549 5710 1696 5778 operum
1720 5692 1867 5762 virtutes
1887 5704 1970 5761 sunt
1995 5689 2033 5756 in
2056 5686 2179 5769 nobis,
2218 5696 2252 5753 ει
2276 5684 2368 5750 bona

354 5790 432 5864 ldeo
455 5788 614 5886 quaerit,
637 5790 700 5858 nbi
714 5790 761 5858 sit
775 5785 836 5858 illa
852 5787 1015 5882 qualitas.
1068 5788 1192 5861 Toties
1214 5803 1331 5859 autem
1381 5808 1508 5879 opera,
1541 5812 1632 5882 quae
1655 5806 1740 5863 snut
1767 5793 1912 5887 quidem
1934 5812 1989 5859 res
2014 5790 2117 5858 valde
2140 5788 2271 5868 bonae,
2307 5782 2368 5851 sed

354 5896 418 5967 iam
441 5896 579 5965 dictum
603 5906 655 5963 est
681 5891 722 5961 iu
740 5886 806 5961 lrac
820 5891 1080 5987 propositione:
1113 5892 1198 5963 lide
1211 5914 1333 5962 sumus
1354 5946 1361 5971 .
1383 5892 1483 5963 aliud
1512 5904 1581 5978 est,
1621 5906 1769 5987 propter
1795 5895 1892 5989 quod
1922 5914 2072 5989 prrsum
2104 5889 2239 5983 placet,
2281 5906 2371 5979 quae
