5825 6950
564 699 616 772 53
1158 675 1283 748 Plllb.
1311 671 1428 748 Mun
1457 671 1666 746 SCRlPTA
1695 672 1993 752 uxuuuttcat.
2553 679 2599 752 ot

498 856 502 861 ⁴
569 873 688 946 bolus.
739 860 819 936 Etsi
840 871 957 932 autem
976 848 1062 924 vicit
1077 847 1258 933 Christus,
1281 870 1320 918 ac
1332 845 1469 938 repulit
1486 847 1563 916 dia·
1587 863 1590 954 q
1613 850 1752 920 clesiam
1786 873 1966 942 sponsam.
2029 847 2114 920 Ideo
2144 851 2267 922 multis
2297 853 2384 924 locis
2416 853 2601 944 descriptio

571 975 718 1055 b⁰l¹¹ffl2
750 981 887 1051 ¹³¹⁰0ss.
902 963 947 1032 ²d
978 970 1175 1028 ‘nmmum
1195 948 1391 1020 Ecclesiam
1415 947 1564 1018 vastavit
1587 969 1591 1030 ἒ
1614 953 1819 1042 nuptiarum
1850 955 1889 1020 in
1903 947 2078 1024 ·l1istoriis
2099 953 2206 1022 sacris
2228 968 2320 1024 recte
2343 955 2515 1046 significat
2537 951 2602 1026 Ec-

573 1075 662 1148 baec
682 1068 842 1144 tentatio.
909 1049 1144 1140 Mahometb,
1177 1051 1296 1143 Papa,
1327 1064 1474 1144 propter
1495 1050 1564 1120 im·
1615 1055 1775 1138 clesiam,
1801 1067 1841 1124 ut
1864 1050 1923 1124 hic
1946 1057 2050 1125 valde
2068 1055 2242 1126 concinna
2259 1071 2309 1128 est
2328 1059 2518 1147 allegoria,
2543 1059 2601 1127 sed

575 1179 672 1274 peria
696 1173 939 1261 excogitarunt
961 1161 1166 1234 idolatricos
1189 1156 1324 1236 cultus,
1348 1167 1383 1223 et
1403 1154 1564 1224 videmus
1615 1181 1681 1226 nos
1705 1157 1802 1248 prius
1817 1152 2003 1228 historiam
2020 1181 2278 1246 percurremus.
2330 1159 2517 1250 Praecipui
2535 1159 2602 1228 loci
2652 1179 2653 1224 t

576 1277 780 1372 conspirare
793 1269 987 1366 potentiam
1003 1261 1130 1334 mundi
1146 1261 1190 1328 ad
1210 1257 1468 1327 defendendam
1485 1256 1564 1324 ido·
1616 1275 1699 1329 sunt
1721 1260 1929 1350 approbatio
1947 1260 2175 1351 nuptiarum,
2201 1262 2399 1352 exemplum
2418 1285 2602 1332 aerumna·

574 1383 736 1456 latriam:
762 1390 803 1447 ut
827 1374 915 1444 olim
939 1370 1166 1459 imperatores
1186 1363 1380 1430 tuebantur
1401 1356 1560 1428 ethnicas
1617 1387 1696 1432 rum
1720 1361 1894 1452 coniugii:
1926 1361 2169 1432 testimonium
2196 1364 2415 1453 praesentiae
2438 1361 2507 1436 Dei
2529 1365 2603 1455 opp,
2652 1333 2653 1372 l

576 1480 828 1562 idolomanias,
861 1476 911 1548 ita
933 1493 1031 1542 nunc
1051 1464 1239 1536 Pontifices
1267 1475 1302 1531 et
1332 1458 1431 1550 reges
1454 1460 1565 1530 stabi·
1616 1463 1765 1534 tulantis
1786 1464 1824 1532 in
1848 1459 1904 1532 bis
1925 1464 2339 1536 oeconomicisrniseriis.
2392 1463 2604 1538 Deinvoca-

577 1591 673 1660 liunt
694 1575 977 1674 impiasMissas,
1004 1570 1138 1640 cultum
1156 1578 1379 1648 sanctorum,
1405 1563 1560 1630 coeliba-

578 1707 667 1762 tum.
720 1685 803 1756 Non
834 1679 930 1774 quod
962 1672 1119 1744 sentiant
1148 1668 1332 1760 probanda
1364 1688 1459 1756 esse,
1502 1665 1562 1734 sed

579 1804 719 1864 tantum
748 1799 789 1857 ut
817 1771 919 1874 opes,
951 1774 1158 1866 dignitates,
1190 1783 1226 1839 et
1255 1769 1452 1859 voluptates
1479 1765 1567 1837 reti-

579 1907 698 1965 neant.
764 1886 868 1957 Hanc
893 1876 1191 1970 conspirationem
1215 1885 1420 1962 potentum,
1454 1869 1567 1938 sciens

580 1994 765 2077 diabolus,
808 1983 986 2080 promittit
1019 1974 1163 2050 Christo
1200 1974 1390 2062 imperium
1429 1971 1567 2050 muudi,

580 2123 656 2170 non
673 2097 769 2189 quod
787 2089 1040 2167 arbitraretur,
1064 2104 1100 2149 se
1118 2078 1231 2148 invito
1248 2073 1324 2145 Deo
1338 2097 1440 2165 posse
1455 2075 1568 2164 irnpe-

580 2203 635 2273 ria
659 2196 860 2269 transferre.
911 2187 986 2259 Scit
1012 2184 1107 2253 enim
1132 2179 1275 2271 politias
1295 2199 1369 2246 esse
1392 2174 1478 2260 Dei,
1507 2176 1569 2244 sed

581 2303 678 2399 quod
703 2321 783 2382 eos,
806 2294 870 2388 qui
894 2301 1017 2363 tenent
1031 2282 1199 2374 imperia,
1225 2281 1424 2372 plerunque
1440 2279 1570 2368 impios

583 2428 657 2475 esse
685 2394 957 2477 animadvertit,
988 2403 1024 2458 et
1053 2384 1186 2474 ingenti
1213 2383 1334 2452 lurore
1357 2381 1450 2451 tueri
1473 2379 1570 2449 idola
1647 2436 1655 2452 .

584 2505 777 2597 comperit,
799 2513 843 2570 ut
858 2493 1083 2567 autoritatem
1098 2501 1132 2557 et
1147 2509 1231 2576 opes
1247 2485 1433 2556 retineant.
1477 2499 1490 2516 ⁰

687 2605 785 2674 Vicit
799 2614 915 2672 autem
929 2590 1094 2666 Christus
1106 2584 1170 2658 has
1184 2587 1411 2670 tentationes,
1437 2597 1471 2654 et
1486 2578 1572 2659 haec

583 2711 693 2784 scribi
709 2705 844 2787 voluit,
868 2715 910 2772 ut
922 2694 1079 2768 Ecclesia
1093 2689 1294 2774 admonita,
1318 2688 1406 2763 sciat
1421 2709 1458 2754 se
1473 2683 1573 2754 simi-

584 2820 636 2886 les
665 2808 896 2884 tentationes,
930 2814 967 2871 et
992 2795 1124 2868 similia
1158 2791 1350 2862 certamina
1374 2789 1573 2858 subituram

585 2943 670 2988 esse.
722 2907 841 2983 Erunt
865 2906 974 2996 igitur
996 2897 1124 2992 aliqui,
1151 2895 1214 2987 qui
1238 2894 1381 2963 diabolo
1397 2912 1576 2982 repugna-

584 3025 697 3107 bunt,
724 3031 898 3082 memores
920 3002 1088 3076 victoriae
1104 2993 1258 3082 Christi,
1282 2995 1346 3088 qui
1366 2995 1441 3064 eius
1456 3015 1574 3062 exem-

584 3125 646 3216 plo
678 3114 942 3188 dimicationem
972 3104 1163 3183 subibunt,
1195 3113 1231 3170 et
1256 3099 1302 3168 ab
1330 3121 1371 3167 eo
1401 3095 1574 3165 auxilium

587 3235 717 3318 petent.
772 3216 857 3286 ldeo
881 3211 977 3284 enim
997 3207 1092 3276 filius
1115 3202 1182 3274 Dei
1208 3201 1325 3282 venit,
1357 3212 1397 3268 ut
1418 3200 1576 3269 destruat

587 3350 698 3420 opera
717 3318 865 3393 diaboli.
923 3311 977 3383 lta
999 3329 1124 3378 omnes
1145 3303 1259 3375 sancti
1280 3302 1429 3371 vincunt
1449 3299 1575 3406 diabo-

589 3433 686 3518 lum,
720 3425 781 3495 sed
807 3419 870 3491 alii
893 3413 1126 3486 anteferentes
1149 3406 1367 3501 potentiam,
1391 3426 1492 3495 opes,
1520 3401 1577 3470 di-

588 3532 777 3622 gnitatem,
802 3522 1019 3610 voluptates,
1045 3513 1291 3602 obtemperant
1305 3507 1449 3576 diabolo
1465 3506 1502 3573 in
1518 3529 1578 3573 co-

590 3633 707 3705 lendis
736 3642 771 3697 et
803 3618 1001 3694 retinendis
1030 3613 1151 3684 idolis.
1216 3608 1430 3680 Prasmonet
1462 3618 1577 3675 autem

589 3733 754 3808 Christus
776 3747 900 3798 omnes
919 3717 1104 3801 homines,
1137 3708 1230 3784 banc
1252 3734 1376 3783 vocem
1399 3723 1578 3800 repetens:

590 3836 788 3913 Dominum
803 3828 920 3899 Deum
942 3836 1043 3894 tuum
1066 3816 1251 3897 adorabis,
1276 3827 1311 3885 et
1326 3809 1409 3882 huic
1423 3811 1492 3881 soli
1507 3832 1581 3879 ser-

592 3944 678 4011 vies.
729 3933 808 4004 Hoc
829 3926 989 4018 exemplo
1006 3917 1159 4000 Christi,
1185 3931 1220 3988 et
1243 3912 1310 3986 hac
1331 3914 1480 3985 victoria
1503 3936 1581 3981 mo·
1655 3970 1663 3985 ‚

591 4043 676 4125 niti,
700 4037 850 4109 sciamus
872 4032 913 4099 in
937 4026 1104 4099 omnibus
1126 4019 1383 4091 tentationibus
1403 4010 1491 4085 haec
1510 4016 1581 4085 duo

592 4144 779 4239 praecipue
800 4134 960 4204 iacienda
980 4150 1064 4200 esse.
1114 4120 1325 4193 Intueamur
1341 4121 1489 4188 verbum
1504 4116 1583 4200 Dei,

599 4261 634 4319 et
648 4246 733 4315 inde
747 4236 937 4310 consilium
951 4244 1131 4323 petamus,
1157 4248 1224 4293 nec
1236 4221 1342 4292 avelli
1355 4242 1422 4291 nos
1436 4244 1456 4289 a
1472 4220 1582 4289 verbo

590 4349 660 4422 Dei
682 4344 869 4439 patiamur.
921 4332 1088 4404 Petamus
1107 4330 1192 4396 item
1215 4324 1387 4395 auxilium
1408 4347 1428 4392 a
1450 4321 1584 4391 victore

592 4448 757 4535 Christo,
795 4455 831 4512 et
860 4438 1012 4509 sciamus
1036 4428 1227 4503 Ecclesiam
1259 4426 1391 4496 talibus
1420 4437 1585 4495 certami-

594 4555 703 4623 nibus
726 4542 898 4626 exerceri,
930 4551 966 4607 et
986 4536 1077 4605 velle
1098 4528 1314 4601 certantibus
1336 4528 1456 4597 adesse
1471 4524 1583 4595 lilium

1617 1567 1734 1649 tione,
1767 1577 1807 1634 ut
1838 1560 1897 1634 hic
1919 1565 2261 1658 mater-interpellat
2282 1563 2484 1652 Christum,
2519 1581 2554 1638 et
2576 1569 2602 1636 is

1618 1669 1756 1738 duriter
1775 1669 1974 1756 respondet,
1999 1681 2118 1738 tamen
2132 1681 2250 1760 postea
2265 1669 2472 1761 opitulatur.
2512 1669 2603 1740 llaec

1618 1770 1736 1840 omnia
1754 1769 1940 1841 continent
1955 1770 2079 1842 utilem
2095 1771 2307 1842 doctrinam.

1719 1919 1774 1990 De
1798 1921 1914 2012 primo
1938 1921 2017 1990 loco
2039 1921 2195 1991 breviter
2215 1924 2462 1994 admonendus
2487 1938 2538 1994 est
2557 1925 2603 1994 le-

1619 2037 1714 2105 ctor,
1738 2023 1820 2118 quia
1836 2025 1931 2092 enim
1950 2025 2047 2092 adest
2062 2018 2244 2110 Christus,
2270 2039 2303 2093 et
2319 2039 2424 2096 ornat
2437 2027 2601 2096 miraculo

1620 2126 1779 2218 nuptias,
1815 2140 1907 2196 certe
1930 2148 1987 2195 eas
2008 2127 2194 2217 approbat.
2257 2123 2305 2198 Et
2328 2123 2399 2198 huc
2424 2131 2600 2200 addendae

1519 2278 1527 2292 .
1621 2242 1704 2299 sunt
1725 2228 1918 2298 sententiae
1940 2251 1982 2296 ex
2005 2228 2085 2296 aliis
2107 2228 2194 2297 locis
2210 2227 2353 2316 multis,
2374 2255 2465 2324 quae
2480 2245 2602 2303 testan-

1620 2347 1679 2404 tur
1694 2331 1868 2418 legitimas
1880 2331 2024 2422 nuptias
2039 2327 2116 2399 Deo
2135 2332 2287 2422 placere,
2314 2345 2348 2402 et
2365 2333 2518 2404 refutant
2535 2336 2601 2402 im-

1621 2457 1697 2527 pras
1718 2431 1907 2523 opiniones
1930 2433 2090 2501 omnium
2107 2432 2360 2517 fanaticorum,
2376 2435 2447 2528 'qui
2463 2437 2600 2505 damna·
2652 2441 2653 2470 ³

1621 2548 1769 2619 verunt,
1802 2547 1863 2604 aut
1887 2529 2155 2626 prohibuerunt
2177 2534 2373 2624 legitimum
2394 2539 2595 2626 coniugium.

1624 2637 1756 2726 Quales
1776 2638 1921 2706 fuerunt
1948 2635 2136 2721 Marcion,
2162 2633 2386 2724 Manichaei,
2406 2635 2594 2708 Encratitae

1624 2754 1657 2810 et
1674 2739 1883 2820 Pontifices,
1908 2739 1969 2830 qui
1993 2734 2109 2808 adhuc
2130 2736 2326 2810 defendunt
2341 2741 2450 2829 legem
2465 2743 2506 2809 de
2524 2764 2598 2809 coe-

1624 2845 1756 2922 libatu,
1784 2854 1818 2911 et
1842 2836 2033 2926 Monacbi,
2058 2841 2119 2933 qni
2143 2840 2281 2930 fingunt
2305 2843 2514 2913 coelibatum
2535 2865 2601 2910 esse

1625 2946 1792 3015 eximium
1810 2941 1876 3012 Dei
1900 2943 2055 3028 cultum,
2082 2958 2116 3012 et
2130 2945 2256 3012 mereri
2272 2945 2514 3015 remissionem
2531 2969 2601 3036 pec-

1626 3061 1805 3130 catorum,
1839 3058 1873 3115 et
1903 3046 1971 3114 alia
2001 3047 2112 3152 multp
2135 3046 2301 3134 praemia.
2369 3044 2468 3116 Haec
2490 3047 2602 3116 deliria

1625 3151 1805 3243 quomodo
1829 3147 2015 3216 refutanda
2038 3147 2129 3228 sint,
2163 3147 2250 3216 alias
2271 3170 2373 3241 saepe
2392 3150 2536 3219 dicitur:
2559 3146 2600 3219 tlt

1626 3248 1686 3321 hic
1709 3251 1794 3320 satis
1816 3250 1946 3319 illustri
1970 3250 2172 3320 testimonio
2195 3249 2395 3320 refutantur
2418 3252 2601 3343 praesentia

1629 3348 1787 3437 Christi,
1820 3353 1882 3445 qui
1912 3352 2068 3420 ostendit
2091 3373 2127 3420 se
2150 3351 2269 3421 favere
2291 3354 2445 3444 nuptiis,
2481 3377 2557 3423 cum
2576 3367 2606 3424 et

1627 3457 1743 3537 adest,
1769 3463 1882 3525 et'eas
1907 3453 2079 3524 miraculo
2103 3466 2218 3523 ornat.
2267 3451 2315 3523 Et
2338 3480 2449 3525 unum
2476 3452 2542 3527 hoc
2557 3457 2606 3526 di·
2652 3544 2653 3553 ἵ

1628 3575 1745 3641 ctum,
1778 3581 1857 3626 cum
1889 3556 1938 3623 ait
1959 3551 2139 3627 Christus:
2173 3555 2275 3644 Quos
2297 3554 2394 3627 Deus
2423 3559 2608 3645 coniunxit,
2652 3570 2653 3605 l

1629 3662 1713 3732 satis
1742 3660 2003 3729 clare-testatur
2026 3658 2169 3749 nuptias
2192 3658 2371 3731 institutas
2394 3683 2469 3730 esse
2492 3688 2512 3731 a
2531 3660 2610 3747 Deo,

1630 3778 1665 3833 et
1685 3762 1823 3855 placere
1838 3757 1929 3832 Deo.
1982 3754 2030 3829 Et
2053 3760 2199 3853 quidem
2223 3760 2400 3851 copiosam
2419 3764 2609 3834 doctrinam
2652 3776 2653 3817 ³

1630 3864 1878 3957 complectitur
1901 3856 1988 3932 haec
2015 3862 2205 3954 particula,
2236 3884 2317 3931 cum
2349 3878 2474 3939 monet
2498 3866 2611 3937 coniu-

1631 3991 1727 4057 gium
1752 3989 1825 4035 esse
1843 3964 2129 4034 coniunctionem
2150 3964 2330 4051 divinam,
2357 3966 2392 4034 id
2410 3978 2483 4051 est,
2511 3968 2611 4037 socie·
2652 3984 2653 4017 ³

1632 4084 1738 4151 tatem
1762 4067 1960 4137 institutam
1984 4090 2004 4135 a
2025 4066 2121 4145 Deo,
2155 4089 2262 4159 quam
2284 4065 2381 4138 Deus
2404 4093 2480 4138 non
2507 4072 2612 4142 solum
2652 4086 2653 4125 1

1632 4172 1824 4263 approbat,
1850 4170 1912 4238 sed
1935 4168 2039 4238 etiam
2056 4168 2220 4249 adiuvat,
2247 4169 2355 4257 regit,
2382 4183 2522 4253 tuetur,
2547 4196 2613 4243 ser·

1634 4287 1692 4342 vat
1709 4274 1749 4341 in
1765 4266 1831 4340 bac
1846 4272 1939 4355 vita,
1966 4282 2000 4339 et
2015 4270 2093 4340 vult
2106 4283 2250 4360 propter
2263 4268 2374 4362 ipsam
2392 4278 2524 4360 amari,
2549 4298 2614 4345 ma·
2651 4312 2653 4329 2

1554 4424 1564 4441 .
1633 4374 1789 4465 galluri,
1815 4385 1849 4443 et
1864 4386 1956 4443 certa
1971 4372 2046 4461 lege
2062 4372 2207 4447 servari.

1737 4524 1922 4598 Secundus
1950 4525 2050 4596 locus
2073 4538 2125 4597 est
2149 4526 2350 4619 exemplum
2371 4530 2615 4603 aerumnarum
2652 4580 2653 4615 2

595 4654 674 4728 Dei.
726 4649 822 4720 llaec
840 4639 998 4716 breviter
1017 4638 1061 4707 de
1085 4631 1342 4704 tentationibus
1364 4641 1510 4721 propter
1530 4651 1586 4697 se·
1635 4627 1811 4718 coniugii,
1833 4628 1979 4717 vulgare
2003 4650 2095 4699 onus
2120 4640 2172 4698 est
2193 4628 2335 4720 inopia,
2361 4644 2533 4703 ettamen
2550 4658 2617 4705 non
2652 4622 2653 4643 ¹

595 4761 683 4829 ,iem
702 4749 870 4822 historia,
889 4742 975 4815 dixi,
1634 4731 1729 4815 leve,
1756 4731 1815 4801 sed
1830 4730 1901 4799 alia
1917 4729 2029 4799 multa
2043 4728 2209 4799 incidunt
2223 4730 2386 4818 duriora,
2411 4738 2545 4822 morbi,
2568 4738 2618 4804 in·
2652 4810 2653 4829 χ

699 4854 786 4925 Post
811 4846 1024 4919 tentationes
1052 4837 1181 4909 exactis
1210 4832 1260 4905 40
1288 4833 1435 4918 diebus,
1481 4831 1587 4901 rediit
1635 4832 1754 4903 felices
1775 4844 1916 4925 partus,
1941 4832 2066 4902 funera
2090 4842 2276 4917 natomm,
2301 4834 2449 4918 delicta,
2476 4853 2540 4910 aut
2561 4839 2620 4909 tri·
2652 4916 2653 4929 χ

598 4957 760 5036 Christus
790 4954 834 5021 ad
855 4948 1070 5040 Baptistam,
1101 4952 1136 5008 et
1157 4950 1432 5007 consentaneum
1455 4934 1586 5004 estiu-
1636 4947 1705 5004 stes
1721 4957 1821 5005 casus
1834 4932 2045 5005 liberorum.
2097 4932 2149 5003 Ut
2165 4954 2389 5021 magnorum
2407 4938 2620 5033 dolorespe-

598 5063 703 5137 terim
734 5036 922 5148 aliquoties
956 5070 1015 5118 eos
1038 5065 1111 5114 una
1134 5040 1262 5111 luisse:
1295 5059 1447 5130 cumque
1467 5056 1587 5104 mense
1636 5049 1777 5109 ctarnut
1790 5034 1897 5127 primi
1910 5047 2072 5126 parentes
2086 5058 2208 5105 necem
2223 5034 2412 5126 liliiAbel,
2435 5045 2497 5113 sed
2515 5042 2622 5113 multo
2652 5118 2653 5139 ,

597 5159 794 5238 Februario
817 5177 907 5247 pene
923 5148 1041 5219 medio
1059 5144 1193 5229 rediret
1210 5142 1248 5210 in
1265 5136 1483 5223 Galilaeam,
1508 5150 1588 5229 post
1635 5138 1806 5207 maiorem
1833 5149 1868 5208 et
1890 5137 2064 5206 acriorem
2085 5136 2245 5208 dolorem
2267 5140 2386 5212 attulit
2408 5143 2459 5212 cis
2481 5145 2621 5217 alterius
2652 5222 2653 5237 χ

601 5269 662 5338 illa
690 5264 780 5332 mira
811 5252 974 5327 exercitia
1005 5248 1121 5337 coepit
1148 5248 1296 5323 docere,
1329 5254 1365 5312 et
1387 5240 1586 5310 doctrinam
1636 5239 1703 5309 lilii
1733 5238 1929 5333 parricidae
1958 5238 2083 5311 scelus.
2139 5236 2327 5311 Humanae
2356 5244 2522 5317 miseriae
2545 5258 2623 5316 sunt

601 5368 810 5440 confirmare
847 5354 1001 5448 publicis
1033 5347 1234 5433 miraculis,
1272 5370 1313 5417 ae
1339 5342 1498 5440 primurn
1530 5336 1588 5411 bic
1637 5364 1772 5433 poenae
1790 5339 1944 5433 peccati,
1974 5352 2015 5410 ut
2039 5354 2194 5424 constat,
2227 5354 2261 5411 et
2284 5338 2351 5413 hae
2371 5346 2524 5417 maxime
2547 5373 2623 5441 pre·
2652 5336 2653 5353 ¹

600 5482 766 5543 narratur
781 5464 825 5531 de
840 5459 924 5528 vino
941 5456 981 5523 in
997 5449 1133 5541 nuptiis
1148 5449 1253 5521 facto.
1635 5456 1742 5515 ,munt
1762 5438 1855 5513 hanc
1874 5454 2010 5534 partem
2026 5442 2165 5532 generis
2180 5438 2328 5514 humani
2337 5498 2350 5538 ,
2376 5472 2467 5541 quae
2481 5450 2571 5521 vivit
2587 5451 2622 5517 in

1638 5544 1817 5635 coniugio.
1882 5540 1980 5613 Haec
2012 5545 2106 5613 enim
2137 5557 2189 5614 est
2222 5549 2419 5640 praecipua.
2486 5549 2623 5623 Caeteri

1638 5648 1698 5741 qui
1720 5646 1862 5735 lugiunt
1882 5646 2169 5732 matrimonium,
2195 5670 2268 5717 non
2286 5649 2398 5740 ipsam
2414 5654 2623 5737 societatem,

788 5627 843 5700 Et
866 5620 1055 5697 dicteriis
1080 5590 1411 5719 nuptiacfiebont,

703 5772 785 5845 Non
803 5767 951 5841 dubium
969 5774 1039 5842 est,
1061 5760 1235 5848 legitimas
1250 5756 1393 5848 nuptias
1410 5776 1483 5823 esse
1499 5755 1588 5822 ima-
1637 5772 1727 5843 quae
1744 5772 1807 5839 per
1822 5773 1858 5819 se
1873 5746 1988 5817 dulcis
1998 5761 2059 5833 est,
2081 5747 2233 5835 fugiunt,
2258 5755 2318 5821 sed
2330 5754 2426 5823 illam
2438 5779 2625 5825 aerumna·

602 5886 719 5979 ginem
736 5873 867 5947 amoris
882 5865 1103 5938 interfilium
1118 5860 1186 5932 Dei
1201 5880 1390 5953 sponsum,
1416 5852 1587 5927 etEccle·
1637 5876 1718 5925 rum
1743 5852 1893 5933 molens,
1920 5874 2009 5944 quae
2030 5850 2183 5935 accedit,
2210 5874 2250 5921 ac
2266 5871 2442 5947 quaerunt
2459 5858 2573 5929 otium
2589 5880 2625 5927 ae
