5825 6950
591 690 687 765 roos
1185 674 1309 749 eruo.
1337 674 1454 751 Meu.
1493 658 2026 758 scutrrt'sxtsour‘tcs.
2145 698 2149 707 ¹
2501 708 2578 783 110,

589 864 772 957 Aegypto,
809 869 841 927 et
865 854 973 925 sciret
996 853 1067 921 iarn
1095 875 1131 922 se
1158 848 1196 920 in
1219 864 1350 922 terram
1375 851 1583 942 promissam
1634 846 1712 945 cap.
1729 855 1811 938 21„
1834 847 1903 927 uhi
1922 858 1963 927 lit
1982 860 2117 929 mentio
2131 861 2349 951 serpentum,
2372 882 2406 940 et
2419 868 2520 946 Exodi
2535 882 2580 958 ll,

591 966 759 1037 Patribus
792 960 896 1042 duci,
944 957 1006 1025 uhi
1036 955 1470 1045 pulcerrimampolitiam
1503 968 1583 1025 tan·
1635 979 1719 1026 usus
1750 968 1803 1025 est
1835 954 1980 1053 Moyses
2013 956 2070 1032 his
2101 966 2232 1034 verbis:
2276 966 2348 1039 Cur
2371 979 2503 1048 tentatis
2521 981 2583 1053 llo.

594 1090 700 1162 quam
734 1064 851 1131 sedem
876 1055 1056 1151 Ecclesiae
1088 1072 1216 1127 certam
1248 1053 1344 1126 Deus
1375 1056 1585 1126 conditurus
1634 1057 1798 1126 aninum?

595 1180 687 1241 erat:
721 1187 817 1234 nunc
841 1186 905 1232 nec
922 1159 1037 1230 Deum
1061 1181 1126 1229 uec
1150 1159 1320 1228 miracula
1340 1161 1584 1238 recordantur,
1736 1156 1815 1229 Etsi
1845 1176 1963 1257 autern
1989 1157 2058 1233 hoc
2083 1180 2284 1264 peccatum,
2325 1159 2456 1246 tentare
2475 1179 2581 1275 Deum,

596 1274 657 1343 sed
674 1266 790 1339 taedio
806 1265 973 1333 itinerum
990 1262 1091 1331 lracti
1111 1262 1312 1331 irascuntur
1331 1258 1461 1354 Moysi,
1475 1284 1584 1352 quae·
1636 1261 1739 1331 valde
1767 1275 1867 1331 atrox
1898 1276 1967 1347 est,
2010 1278 2045 1335 et
2071 1290 2172 1356 saepe
2197 1274 2351 1354 accidit,
2384 1292 2491 1349 tamen
2518 1290 2584 1376 qui,

597 1385 729 1445 runtuc
750 1391 786 1437 se
809 1362 967 1436 humano
991 1363 1159 1445 consilio,
1203 1374 1236 1433 et
1262 1363 1372 1453 ipsius
1397 1362 1586 1456 tyrannide
1636 1363 1822 1433 obscurius
1844 1376 1916 1445 est,
1950 1367 2223 1439 declarationem
2247 1378 2415 1449 addemus
2435 1406 2472 1450 rx
2494 1389 2585 1459 colla-

599 1500 642 1547 ex
664 1454 826 1565 Aegypto
851 1468 995 1537 eductos
1017 1488 1104 1534 esse.
1156 1463 1249 1535 Sunt
1272 1480 1306 1533 et
1328 1464 1587 1546 inobedientes,
1638 1466 1735 1536 tione
1758 1460 1826 1565 hoc
1848 1469 1980 1538 modo..
2208 1454 2215 1468 ’
2391 1488 2396 1498 ·

599 1592 639 1649 ut
656 1572 810 1645 ostendit
831 1568 1071 1660 impatientia,
1097 1566 1180 1660 quia
1196 1568 1409 1637 mediocrem
1428 1567 1586 1636 laborem
1740 1564 1919 1668 Differunt
1960 1568 2199 1669 Mutrmuratio
2244 1593 2278 1650 et
2319 1564 2449 1654 toritas-0
2485 1586 2586 1663 Deum,

601 1681 770 1752 itinerum
795 1684 958 1743 recusant
979 1671 1082 1741 ferre.
1131 1667 1293 1761 Cumque
1318 1668 1505 1763 messucris
1528 1692 1589 1737 co·
1640 1666 1880 1739 Murmuratio
1912 1671 2008 1739 enim
2045 1688 2094 1743 est
2129 1678 2389 1767 impatientiae,
2440 1712 2521 1780 quae
2551 1709 2587 1765 aa

600 1782 659 1877 pia
686 1778 730 1867 sit
752 1775 886 1859 victus,
914 1796 978 1841 nec
995 1773 1157 1840 laborent
1173 1770 1282 1856 lame,
1307 1772 1477 1840 fruuntur
1493 1772 1588 1839 enim
1640 1772 1882 1840 inobedientia
1901 1773 2053 1843 irascens
2066 1776 2143 1846 Deo
2166 1780 2203 1847 in
2220 1777 2397 1855 aerumnis
2412 1804 2468 1858 aut
2483 1798 2588 1880 poenis.

603 1882 761 1967 Manna,
787 1900 862 1945 non
877 1874 1035 1946 contenti
1050 1886 1133 1943 sunt
1149 1868 1216 1942 hoc
1231 1870 1402 1945 donoDei
1412 1927 1423 1966 ,
1450 1875 1512 1942 sed
1528 1896 1590 1964 ap·
1640 1869 1743 1943 Hanc
1759 1867 2037 1945 inobedientiam
2056 1878 2290 1969 intelligimus
2310 1901 2500 1981 utcunque,
2526 1899 2588 1987 qais

600 1994 727 2079 petunt
749 1979 905 2049 delicias.
1641 2000 1744 2065 saepe
1767 1990 1800 2044 et
1821 1977 1859 2043 in
1875 1980 2005 2047 sanctis
2028 1982 2182 2052 existunt
2199 1987 2284 2055 tales
2298 1972 2459 2060 lremitus
2472 2007 2503 2064 et
2516 1997 2588 2067 indi.

704 2080 808 2152 Hanc
830 2078 1157 2170 intemperantiam,
1185 2102 1264 2147 cum
1292 2076 1436 2170 quidem
1462 2088 1497 2144 et
1521 2073 1591 2143 alia
1641 2076 2075 2169 guationes',1utinlob,'
2095 2080 2396 2166 leremiaetaliis,

606 2199 745 2280 peccata
761 2184 951 2265 accedunt,
976 2181 1079 2272 punit
1094 2178 1202 2254 Deus.
1241 2176 1289 2249 Et
1305 2178 1434 2249 similia
1450 2189 1592 2268 peccata
1744 2178 1815 2251 Sed
1831 2194 1966 2252 tentare
1983 2180 2099 2253 Deum
2115 2189 2216 2259 addit
2231 2190 2337 2261 aliud
2353 2210 2523 2284 peccatum
2535 2224 2590 2271 ma-

606 2288 757 2365 subinde
773 2286 811 2353 in
827 2282 983 2353 Ecclesia
1003 2282 1194 2366 accedunt,
1214 2294 1255 2351 ut
1277 2304 1392 2361 nunc,
1419 2280 1502 2373 quia
1520 2277 1592 2346 dil*-
1644 2282 1710 2350 ius.
1762 2279 1842 2349 Non
1860 2295 1996 2353 tantum
2013 2299 2061 2354 est
2080 2287 2182 2357 irasci
2206 2287 2301 2375 Deo,-
2327 2298 2389 2363 sed
2404 2297 2503 2367 etiam
2516 2302 2589 2371 insu.

606 2392 776 2461 licultatcs
801 2386 840 2454 in
865 2409 902 2453 re
928 2384 1114 2469 familiari,
1156 2398 1192 2454 et
1214 2396 1399 2474 potentum
1423 2383 1592 2451 adversus
1642 2408 1707 2476 pcc
1735 2383 1865 2453 addere
1898 2386 1953 2453 vel
1982 2388 2225 2474 negationem,
2266 2396 2322 2463 vel
2354 2402 2590 2487 correctionem,

607 2516 673 2563 nos
696 2490 779 2560 odia
801 2501 835 2558 et
857 2498 1074 2557 contemtum
1097 2487 1298 2577 experimur
1327 2496 1474 2577 propter
1508 2506 1592 2573 pro·
1643 2484 1772 2556 fiducia
1798 2486 1960 2577 propriae
1976 2491 2186 2582 sapientiae,
2218 2508 2259 2564 ut
2279 2494 2327 2565 in.
2345 2496 2467 2569 Exodo
2486 2509 2589 2574 addunt

606 2572 793 2665 sessionem
811 2586 1015 2677 Evangelii,
1047 2589 1150 2659 multi
1175 2600 1347 2678 appetunt
1371 2608 1477 2654 suave
1501 2584 1593 2653 illud
1644 2586 1886 2674 negationem:
1919 2587 2029 2657 Estne
2046 2590 2222 2664 Dominus
2239 2597 2334 2667 inter
2349 2624 2433 2685 nos,
2464 2628 2506 2672 an
2521 2611 2588 2675 noa?

608 2698 721 2768 otium
756 2706 791 2763 et
823 2692 1065 2783 splendorem,
1112 2714 1216 2783 quem
1267 2685 1472 2757 habuerunt
1511 2700 1592 2755 ante
1644 2688 1717 2761 Ubi
1746 2691 1994 2763 contradicunt
2016 2696 2219 2765 manifestis
2236 2701 2423 2772 miraculis
2442 2708 2530 2795 qnasi
2550 2712 2590 2777 dc-

609 2795 892 2868 emendationem
916 2792 1110 2863 doctrinae.
1162 2789 1238 2860 lmo
1262 2789 1376 2881 aliqui
1396 2789 1595 2859 abutuntur
1645 2791 1736 2881 cepti
1752 2790 1845 2873 sint,
1871 2807 1906 2862 et
1920 2806 1991 2863 tota
2010 2789 2094 2865 haec
2108 2800 2268 2884 eductio,
2292 2805 2396 2892 plena
2413 2810 2590 2879 mirabilium

609 2896 805 2989 Evangelio
818 2897 862 2964 ad
885 2896 1082 2983 augendam
1100 2890 1408 2981 intemperantiam
1426 2903 1461 2960 et
1478 2890 1594 2960 avari·
1645 2893 1931 2964 testimoniorum
1947 2890 2042 2980 Dei,
2070 2899 2173 2966 luerit
2191 2901 2400 2991 impostura.

613 3003 723 3081 ciam,
756 3015 790 3069 et
813 3000 857 3068 ad
880 2994 1150 3066 ostentationem
1179 3005 1213 3063 et
1241 2992 1441 3091 splendoris
1466 2992 1595 3081 ampli·
1720 2992 1791 3063 ·ln
1811 2993 1978 3065 Numerio
1997 3000 2109 3094 capite
2134 3002 2193 3076 14.
2216 3006 2355 3077 addunt
2377 3012 2588 3085 correctionem

611 3104 820 3173 ficationem.
873 3096 1020 3169 Secutae
1037 3110 1119 3167 sunt
1141 3095 1249 3185 igitur
1272 3118 1424 3187 poenae,
1451 3093 1596 3185 bellaet
1644 3090 1862 3165 horrendam
1889 3123 1930 3167 ex
1953 3122 2015 3171 sua
2039 3103 2232 3191 sapientia,
2258 3106 2389 3181 volunt
2411 3117 2592 3185 novanda.

610 3206 700 3277 aliae
724 3203 952 3275 calamitates.
1646 3223 1720 3267 cem
1745 3198 1893 3289 eligere,
1943 3226 1963 3271 a
1993 3228 2065 3295 quo
2097 3206 2315 3296 reducantur
2347 3213 2386 3282 in
2418 3213 2592 3309 Aegyptum

713 3305 877 3377 Secundo
896 3303 1104 3373 nominatur
1120 3302 1279 3372 adoratio
1299 3298 1496 3373 ldolorum.
1548 3294 1596 3369 Et
1647 3299 1773 3371 Postea
1789 3314 1970 3395 utcunque
1986 3306 2152 3395 repressi,
2178 3310 2305 3394 uolunt
2321 3334 2463 3405 pergere
2479 3333 2510 3389 et
2521 3342 2594 3409 pcae-

611 3410 717 3480 verba
734 3420 925 3479 sumuntur
938 3428 977 3474 ex
995 3404 1119 3499 Moyse
1144 3405 1258 3495 capite
1279 3405 1338 3478 82.
1367 3402 1505 3491 Exodi,
1532 3402 1596 3469 ubi
1648 3402 1728 3474 liari
1749 3427 1829 3471 cum
1852 3397 2034 3491 hostibus,
2061 3432 2140 3479 cum
2158 3413 2303 3505 quidem
2328 3430 2414 3494 tunc
2433 3420 2594 3510 Deuspro·

506 3562 509 3576 ι
596 3513 765 3602 populus
788 3512 922 3580 otiosus
940 3522 973 3575 et
988 3521 1129 3578 securus
1146 3509 1243 3578 iubet
1258 3507 1423 3575 fabricari
1441 3505 1594 3574 idolum.
1647 3501 1794 3575 biberet.
1847 3503 1899 3577 Ita
1913 3532 2015 3598 saepe
2033 3505 2186 3583 humana
2204 3518 2379 3608 sapientia
2396 3539 2517 3610 peccat,
2529 3547 2594 3615 quac

612 3613 684 3682 Nec
702 3611 851 3681 dubium
870 3623 921 3680 est
937 3608 1110 3702 populum
1135 3607 1242 3681 lsrael
1261 3610 1460 3678 imitatione
1479 3604 1595 3699 Aegy·
1647 3609 1746 3679 iubet
1774 3601 1907 3692 Deus,
1945 3634 2019 3681 non
2044 3614 2120 3694 vult
2148 3615 2281 3702 facere,
2323 3636 2358 3692 et
2381 3627 2511 3715 quaerit
2534 3626 2595 3706 atis,

616 3715 772 3806 ptiorum
791 3714 977 3782 fabricasse
994 3711 1166 3791 vitulum,
1193 3709 1275 3803 quia
1294 3708 1460 3803 Aegyptii
1476 3708 1596 3777 colne-
1648 3733 1737 3802 quae
1767 3706 1944 3801 prohibet.
2020 3709 2137 3784 achas
2168 3741 2245 3787 non
2275 3721 2356 3794 vult
2393 3747 2510 3815 parere
2541 3727 2594 3794 voci

612 3829 699 3887 runt
724 3797 823 3911 ltpin
854 3816 967 3904 specie
996 3813 1109 3896 tauri,
1155 3824 1299 3904 propter
1331 3812 1596 3902 agriculturam.
1647 3805 1791 3900 Esaiae,
1816 3812 1854 3880 in
1878 3838 1946 3905 qua
1970 3811 2066 3884 Deus
2088 3819 2265 3907 promittit
2278 3825 2311 3894 ei
2327 3829 2516 3911 auxilium.¹
2548 3826 2596 3896 Po·

613 3917 660 3988 Ec
686 3941 788 4008 saepe
817 3911 979 3984 homines
1011 3915 1055 3982 ad
1085 3915 1211 3984 usitata
1244 3913 1338 3983 idola
1373 3914 1594 3982 relabuntur.
1649 3926 1721 3982 stea
1747 3915 1884 4006 quaerit
1899 3916 2095 4008 impiorum
2119 3943 2241 4010 regum
2257 3927 2411 4012 auxilia,
2435 3955 2519 4021 qtrae
2537 3943 2596 3998 sum
2625 3928 2626 3935 '

614 4017 806 4109 Praecipue
830 4041 914 4085 vero
938 4011 996 4084 hic
1018 4017 1279 4100 consideretur,
1306 4029 1436 4107 quanta
1460 4015 1508 4083 sit
1530 4009 1597 4082 ho·
1641 4015 1715 4106 'ipsi
1740 4031 1774 4086 et
1797 4039 1904 4104 regno
1930 4019 2140 4108 perniciosa.
2190 4019 2314 4096 Esaias
2329 4031 2433 4102 dicit:
2468 4031 2598 4102 lnsilcu·

615 4121 754 4188 minum
773 4119 932 4198 miseria,
960 4119 1055 4210 quod
1077 4131 1153 4207 post
1176 4131 1272 4187 tanta
1291 4117 1460 4186 miracula
1483 4139 1598 4207 popu·
1649 4118 1698 4186 tio
1715 4120 1822 4208 etssspe
1837 4119 2009 4190 fortitudo
2025 4136 2151 4198 vestra.
2197 4123 2267 4209 Sed
2285 4134 2390 4202 multi
2406 4150 2538 4223 propter
2551 4128 2626 4200 iffi.

616 4223 671 4290 lus
695 4236 813 4292 tamen
838 4220 961 4310 recipit
985 4219 1073 4289 idoli
1100 4220 1252 4298 cultum,
1297 4241 1402 4310 quern
1427 4218 1598 4287 sciebata
1648 4218 1852 4306 patientiam
1876 4233 1910 4289 et
1932 4222 2168 4294 diffidentiam
2195 4248 2374 4319 quaerunt
2396 4239 2539 4304 remedia
2558 4234 2599 4302 in.

615 4323 693 4394 Deo
708 4325 914 4391 damnatum
932 4344 1026 4404 esse,
1051 4335 1086 4391 et
1101 4323 1194 4414 quod
1215 4318 1337 4388 Aaron
1358 4320 1560 4390 assentitur.
1648 4321 1751 4391 iusta.
1805 4318 1911 4390 Tales
1925 4326 2162 4396 correctiones
2177 4344 2261 4401 suut
2278 4348 2414 4406 tentare
2429 4336 2542 4408 Deum.

716 4422 866 4494 Causam
883 4447 967 4492 vero
986 4436 1123 4491 narrat:
1150 4422 1250 4493 Sedit
1270 4422 1422 4518 populus
1445 4422 1599 4490 mandu-
1753 4419 1850 4492 Haec
1878 4424 2123 4516 interpretatio
2148 4435 2311 4520 congruit
2335 4461 2416 4506 cum
2446 4435 2597 4511 sententia

616 4550 695 4596 care
724 4538 758 4594 et
785 4527 926 4608 bibere,
967 4537 1000 4594 et
1022 4524 1173 4594 surrexit
1193 4525 1332 4618 ludere.
1386 4521 1424 4591 ld
1454 4535 1525 4605 est,
1560 4523 1599 4589 in
1650 4517 1780 4598 Matth.
1803 4520 1868 4608 4.,
1905 4527 1969 4596 ubi
1996 4552 2077 4598 cum
2107 4531 2272 4603 diabolus
2301 4552 2390 4609 esset
2412 4563 2540 4618 suasor,
2571 4547 2597 4604 ut

615 4630 701 4698 luxu
718 4641 752 4698 et
771 4627 810 4696 in
828 4628 901 4698 otio
920 4622 1083 4695 homines
1101 4627 1264 4715 frigidius
1290 4625 1456 4694 invocant
1471 4624 1598 4703 Deum,
1649 4620 1813 4696 Christus
1834 4627 1973 4696 omissis
1993 4632 2164 4718 gradibus
2186 4635 2352 4709 deiiceret
2374 4645 2472 4712 sede
2490 4638 2598 4726 lastigie

616 4742 653 4802 ct
675 4731 808 4800 maiore
833 4729 977 4799 audacia
991 4721 1143 4816 'lingunt
1167 4727 1354 4817 opiniones
1376 4729 1420 4796 de
1443 4727 1534 4810 Deo,
1561 4738 1601 4795 ut
1649 4728 1771 4818 templi
1792 4750 1855 4817 pec
1875 4731 2014 4821 aierem,
2038 4735 2222 4823 respoudit
2237 4733 2419 4817 Christus:
2454 4744 2528 4814 Non
2543 4755 2598 4812 teu·

617 4853 719 4924 saepe
746 4832 872 4900 accidit
894 4833 932 4898 in
957 4825 1127 4904 Ecclesia.
1187 4829 1455 4912 Samosatenus,
1491 4825 1601 4895 Arius
1650 4830 1742 4898 tabis
1774 4829 1971 4900 Dominum
2004 4832 2119 4904 Deum
2155 4849 2270 4912 tetum.
2321 4840 2541 4935 Perspicuum
2563 4851 2598 4907 est

618 4948 651 5005 et
681 4933 834 5015 similes,
864 4949 953 5000 terrm
982 4933 1019 4998 in
1046 4955 1173 5019 magna
1205 4930 1389 4998 securitate
1423 4931 1600 5010 viverent,
1649 4931 1746 4999 enim
1778 4925 1847 5000 hoc
1878 4933 1970 5001 velle
1990 4930 2193 5006 Christum:
2233 4965 2307 5010 non
2339 4960 2423 5015 suut
2453 4944 2597 5016 faciendae

617 5057 730 5104 novas
751 5034 937 5123 opiniones
959 5034 1160 5128 petulanter
1185 5032 1443 5120 excogitarunt:
1481 5044 1517 5100 ct
1545 5025 1616 5098 his
1652 5033 1886 5103 correctiones
1899 5036 2134 5108 ordinationis
2149 5041 2293 5114 divinae
2308 5038 2460 5117 bumana
2479 5044 2597 5118 curiosi·

618 5135 790 5228 proximis
818 5137 921 5202 annis
944 5135 1046 5204 multi
1074 5134 1211 5202 furores
1233 5134 1445 5222 opinionum
1479 5131 1603 5201 extite·
1651 5147 1740 5212 tate,
1765 5137 1825 5203 sed
1844 5129 1950 5204 homo
1966 5138 2080 5208 sciens
2094 5144 2302 5215 mandatum
2318 5160 2352 5217 et
2371 5151 2596 5220 ordinationem

618 5251 715 5308 rtrnt.
769 5235 815 5305 Et
832 5237 885 5303 illi
903 5235 989 5324 ipsi,
1017 5235 1078 5327 qui
1094 5251 1194 5304 antea
1213 5229 1521 5303 vehementissime
1538 5255 1602 5300 vo·
1652 5229 1718 5301 Dei
1738 5259 1881 5304 manere
1900 5237 1993 5308 inter
2013 5235 2076 5310 has
2097 5258 2207 5314 metas
2223 5266 2426 5320 reverenter
2449 5254 2555 5330 debet,
2574 5255 2595 5310 tl

619 5337 749 5408 cilerati
775 5349 857 5404 sunt
881 5350 1002 5404 contra
1027 5336 1261 5417 ceremonias,
1288 5359 1385 5403 nuuc
1410 5333 1602 5403 restituunt
1652 5330 1730 5403 Deo
1754 5336 1882 5423 gratias
1904 5362 2024 5426 agere,
2058 5344 2145 5413 etei
2168 5348 2324 5421 obedire.
2370 5347 2594 5423 1[Ιιιιιιιιιιίι

617 5439 784 5520 Missam,
811 5439 847 5506 in
864 5461 930 5527 qua
947 5436 1064 5506 sciunt
1078 5438 1300 5504 manifestum
1317 5435 1452 5504 idolum
1469 5457 1553 5507 esse.
1651 5458 1731 5504 mus
1750 5441 1957 5508 mandatum
1981 5455 2015 5510 et
2035 5444 2298 5520 ordinationem
2317 5452 2380 5522 Dei
2396 5479 2481 5537 esse,
2505 5445 2594 5522 tttlto·

720 5539 845 5608 Tertio
864 5536 1146 5606 deScortatioue
1163 5539 1321 5606 intuetur
1335 5535 1466 5606 Paulus
1489 5531 1603 5604 histo·
1652 5560 1712 5605 mo
1736 5538 1846 5606 vitam
1869 5540 1950 5609 cibo
1974 5556 2009 5611 et
2035 5560 2123 5635 potu
2150 5548 2283 5636 foveat,
2333 5569 2371 5623 ut
2396 5556 2432 5624 in
2456 5557 2554 5646 primo
2569 5561 2592 5613 tl

616 5644 706 5710 riam
724 5643 761 5708 in
779 5639 944 5708 Numeris
959 5662 1035 5727 cap.
1051 5633 1114 5714 25.
1150 5639 1152 5646 ‘
1652 5640 1805 5707 secundo
1828 5643 1942 5730 capite
1966 5644 2050 5712 libri
2076 5648 2110 5722 1.
2132 5647 2252 5743 Moysi
2275 5656 2522 5743 scriptumest,
2545 5649 2591 5718 Fa·

718 5741 856 5830 Quarto
889 5739 1051 5808 nominat
1072 5751 1270 5831 peceatum:
1313 5737 1468 5808 Tentare
1495 5733 1603 5808 Chri-
1652 5752 1744 5808 cerel
1776 5759 1956 5829 peccatum
1984 5740 2091 5815 huius
2114 5754 2269 5839 generis,
2308 5755 2436 5841 idest,
2477 5761 2591 5826 tentant

616 5857 731 5928 stum,
757 5843 856 5912 catius
874 5841 1073 5932 exemplum
1091 5855 1144 5910 cst
1162 5841 1199 5907 in
1215 5835 1361 5948 histpria
1382 5841 1419 5906 in
1437 5839 1602 5908 Numeris
1654 5839 1791 5928 Deum,
1819 5843 1847 5910 si
1866 5846 1945 5936 quis
1963 5845 2073 5920 nollet
2090 5849 2143 5921 uti
2159 5853 2238 5922 cibo
2254 5869 2287 5926 et
2306 5871 2400 5946 potu.
