5825 6950
333 722 415 801 uu
477 714 582 795 x1u.
631 716 667 791 t.
693 708 1032 793 conuensis.
1058 712 1113 789 m
1135 647 1294 787 nerse.
1318 698 1470 781 esum
1494 700 1562 779 an
1589 700 1910 783 conmeatus.
1955 705 2060 782 car.
2081 704 2147 783 xc
2250 704 2348 783 111⁸

419 894 531 985 tettae
543 890 676 965 Paulus
689 892 799 963 r'ittuu
817 890 1030 961 severiorem
1046 888 1239 981 adprobat,
1257 898 1300 958 ιει

333 1000 455 1097 quaerit
469 996 624 1071 rationes
637 996 676 1067 in
692 994 770 1087 ipso
787 992 912 1065 ordine
933 994 973 1061 in
995 994 1174 1063 creatione
1195 990 1298 1061 insti·

334 1116 416 1187 tuto,
447 1100 533 1171 sicut
551 1098 589 1167 iu
607 1096 804 1167 moralibus
825 1095 946 1187 regula
969 1096 1138 1163 servanda
1164 1106 1234 1177 est,
1260 1106 1299 1163 ut

332 1204 481 1277 ordinem
503 1213 650 1274 naturae
665 1198 941 1269 convenientem
964 1196 1059 1265 iuxta
1085 1194 1299 1267 creationem

332 1326 517 1397 sequamur.
574 1301 764 1377 Abstineat
789 1302 845 1370 vir
875 1324 894 1368 a
926 1297 1076 1367 muliere
1105 1310 1297 1382 menstrua,

330 1407 522 1477 abstineata
539 1426 728 1494 puerpera,
743 1417 889 1495 propter
904 1415 1052 1471 naturae
1067 1400 1297 1473 debilitatem.

331 1508 374 1577 lta
397 1502 451 1577 hic
475 1519 757 1605 argttmentatur:
790 1503 928 1575 Natura
948 1502 1079 1573 mulier
1098 1516 1221 1571 ornata
1247 1514 1297 1571 est

326 1608 505 1707 prolixiore
519 1632 640 1693 coma,
656 1623 696 1681 ut
711 1608 758 1679 sit
774 1620 874 1682 tecta.
909 1600 959 1679 Et
972 1621 1076 1694 turpe
1091 1620 1124 1674 et
1141 1604 1297 1673 alienum

328 1725 480 1781 enatura
505 1724 575 1796 εει,
609 1710 795 1781 mulierem
817 1707 976 1800 conspici
995 1706 1072 1776 sine
1092 1706 1165 1777 ulla
1187 1728 1296 1779 coms.

324 1808 408 1902 Ergo
430 1811 566 1905 inquit,
607 1812 653 1883 sit
677 1826 779 1886 tecta.

413 1957 471 2030 Ab
487 1955 553 2033 hac
574 1960 821 2037 convenientia
845 1972 991 2031 naturae
1014 1958 1169 2029 sumitur
1189 1982 1295 2049 argu-

326 2076 489 2147 mentum,
517 2077 552 2133 et
572 2064 651 2140 vuit
668 2062 800 2134 Pacilus
824 2062 900 2133 lieri
919 2064 977 2147 id,
1003 2064 1097 2155 quod
1114 2073 1165 2130 est
1182 2054 1296 2130 houe-

324 2166 414 2251 stius,
457 2160 552 2257 quia'
572 2181 719 2241 naturae
746 2153 861 2257 magis
884 2165 1067 2257 congruit,
1110 2162 1203 2233 sicot
1230 2187 1295 2233 ιιοε

324 2292 409 2335 ιιιιιιε
435 2266 607 2353 dicimus,
628 2336 633 2345 ,
652 2264 834 2339 honestius
866 2285 939 2337 esse
967 2267 1005 2337 in
1036 2264 1180 2359 publico
1209 2288 1294 2335 ron·

325 2392 429 2459 gressu
447 2364 615 2441 vestitum
639 2393 712 2440 esse
736 2370 907 2439 mediocri
931 2382 1044 2453 veste,
1080 2391 1170 2460 quae
1195 2381 1295 2438 uates

323 2472 410 2560 tegit,
440 2472 522 2563 quia
544 2487 690 2543 naturae
706 2474 871 2563 congruit
887 2494 944 2540 eas
956 2483 1073 2565 partes
1089 2485 1214 2561 tegere.

409 2569 453 2641 Et
472 2586 540 2643 vox
558 2562 785 2675 valdedigna
804 2588 854 2645 est
870 2571 1151 2644 consideratione
1167 2583 1201 2641 ει
1217 2596 1293 2641 me·
1340 2623 1344 2631 .

327 2676 442 2759 moria,
467 2697 549 2745 cum
568 2676 632 2746 ait:
660 2678 718 2746 Au
737 2700 809 2751 non
826 2676 928 2747 docet
944 2699 1006 2745 vos
1022 2673 1174 2746 natura?
1223 2660 1293 2745 Hic

324 2778 455 2846 sciamus
486 2780 526 2859 in
548 2779 717 2874 ¹moribus
746 2780 1045 2852 considerandum
1075 2800 1149 2846 esse
1179 2776 1291 2865 legem

322 2892 463 2949 naturae.
518 2876 660 2951 Diserte
683 2879 777 2954 enim
802 2882 905 2953 dicit:
939 2878 1089 2951 Annon
1110 2880 1211 2965 docet
1229 2900 1292 2949 vos

321 2980 454 3049 natura?
476 3006 553 3051 non
573 2984 649 3053 vult
666 3006 731 3053 uos
748 2982 956 3075 cupiditates
978 3006 1041 3051 seu
1061 2980 1206 3051 affectus
1221 2972 1291 3049 hu-

322 3080 370 3149 ius
387 3082 592 3173 depravatae
615 3101 762 3156 naturae
785 3085 901 3179 sequi,
940 3086 1000 3153 sed
1025 3083 1100 3155 vult
1126 3080 1291 3171 intelligi,

321 3181 394 3275 quid
418 3186 542 3257 doceat
563 3198 707 3274 natura,
748 3190 875 3272 idest,
918 3186 1031 3275 legem
1057 3208 1118 3255 seu
1140 3184 1291 3255 noticias

318 3300 543 3360 monstrantes
558 3291 720 3359 ordinem
740 3290 818 3361 vuit
836 3288 955 3383 aspici.
1003 3284 1084 3358 Hoc
1099 3287 1290 3358 discrimen

319 3386 575 3477 diligentissime
605 3392 902 3461 considerandum
932 3402 997 3464 est.
1057 3384 1105 3462 Et
1126 3413 1228 3484 saepe
1250 3390 1289 3457 in

317 3493 462 3562 moribus
477 3489 568 3564 haec
581 3494 700 3584 regula
720 3495 870 3587 proponi
889 3506 1017 3584 potest:
1044 3491 1085 3561 ln
1101 3492 1289 3563 contracti-

317 3591 373 3660 bus
387 3611 525 3669 servato
548 3597 811 3690 aequalitatem,
837 3597 919 3690 quia
936 3609 1063 3667 natura
1079 3597 1182 3666 docet
1197 3589 1290 3664 hanc

316 3697 552 3788 aequalitatem
582 3699 757 3769 iusticiam
786 3721 859 3769 esse
889 3695 968 3768 Deo
998 3697 1215 3790 placentem,
1255 3711 1290 3767 et

315 3801 536 3870 necessariam
562 3802 744 3873 commoni
759 3799 944 3886 societati,
978 3815 1015 3872 et
1037 3799 1106 3868 nisi
1131 3813 1291 3870 servetur

314 3902 512 3992 aequalitas,
559 3899 740 3973 exhauriri
767 3927 875 3973 unam
906 3915 1042 3994 partem
1071 3917 1105 3974 et
1134 3903 1288 3974 interire.

315 3999 358 4069 „lc
371 4005 479 4076 mnlta
498 4007 658 4096 exempla
675 4005 815 4076 recitari
840 4018 991 4096 possent.
1044 4003 1115 4075 Sed
1135 4003 1219 4074 satis
1244 4003 1289 4074 sit

314 4106 475 4176 monitum
494 4129 571 4178 esse
593 4107 779 4189 lectorem,
806 4123 846 4179 ut
868 4104 960 4178 hanc
985 4109 1142 4196 regulam
1165 4107 1289 4175 ohser-

315 4217 378 4290 vet,
405 4210 448 4277 de
465 4223 594 4278 natura
612 4212 772 4284 docente.
823 4207 870 4280 Et
886 4223 1005 4278 tamen
1022 4210 1204 4280 sciendum
1226 4221 1288 4293 est,

312 4304 566 4400 loqui·Paulum
582 4313 627 4380 de
643 4311 803 4383 moribus
817 4328 852 4382 et
867 4313 911 4382 de
927 4311 1020 4402 lege,
1046 4335 1121 4380 non
1137 4315 1181 4380 de
1204 4333 1289 4402 pro-

312 4409 468 4482 missione
493 4407 680 4501 Evangelii
704 4429 766 4484 aut
795 4415 873 4484 aliis
896 4413 1051 4486 materiis
1076 4427 1171 4484 extra
1195 4437 1288 4498 ,con-

311 4528 454 4600 spectum
473 4515 625 4586 rationis
641 4511 817 4586 hnmanae
836 4517 971 4607 positis.
1026 4516 1103 4584 lmo
1123 4531 1156 4586 et
1178 4515 1214 4584 in
1231 4511 1286 4584 his

311 4617 495 4688 moralibus
523 4617 672 4688 sciamus
694 4621 799 4688 etiam
819 4619 922 4688 uobis
949 4619 1183 4688 circumdatas
1214 4640 1287 4686 esse

311 4731 409 4787 metas
424 4744 490 4810 per
505 4743 701 4811 expressam
718 4721 827 4810 legem
845 4717 932 4802 Dei,
959 4719 1041 4814 quia
1056 4719 1148 4789 ratio
1167 4719 1205 4787 in
1221 4719 1287 4787 ali-

311 4819 429 4906 quibus
453 4823 626 4912 negotiis,
659 4823 866 4914 praesertim
886 4824 924 4890 in
948 4819 1034 4892 haec
1058 4836 1207 4893 naturae
1224 4821 1286 4890 de·

310 4926 508 5004 pravatione
526 4937 673 5014 vagatur
696 4921 855 5016 longius,
882 4939 920 4994 nt
942 4919 1097 4995 Lamech
1112 4946 1217 4993 ausus
1236 4937 1287 4994 est

309 5019 418 5106 plures
440 5049 573 5098 uxores
592 5029 740 5103 ducere,
775 5039 809 5097 et
833 5027 962 5096 deinde
987 5021 1154 5118 Aegyptii
1175 5026 1287 5095 duxe-

308 5139 384 5195 runt
424 5150 577 5202 sorores.
635 5125 713 5200 Etsi
741 5129 850 5216 igitur
881 5127 1178 5198 considerandum
1219 5139 1288 5210 est,

308 5225 384 5312 quid
400 5231 529 5301 doceat
547 5245 692 5316 natura,
719 5245 837 5300 tamen
853 5225 949 5299 Deus
970 5229 1050 5298 ideo
1068 5230 1178 5318 legem
1196 5253 1287 5321 quo·

309 5347 367 5415 ‘tue
388 5333 559 5417 tradidit,
592 5345 632 5404 ut
653 5333 882 5422 vagabundae
905 5329 1038 5401 rationi
1057 5332 1178 5400 frenos
1202 5329 1287 5399 inu·

308 5446 400 5502 cerat.
453 5431 696 5506 Anteierenda
711 5449 763 5506 est
777 5435 886 5524 igitur
901 5434 957 5503 lex
973 5429 1039 5503 Dei
1057 5456 1229 5523 expressa.

397 5583 499 5656 Haec
517 5585 554 5653 in
568 5608 704 5656 summa
724 5587 768 5656 de
786 5581 851 5657 bac
867 5584 1074 5680 quaestione
1090 5585 1183 5655 dicta
1205 5582 1287 5670 sint,

307 5679 346 5748 de
366 5709 435 5778 qua
459 5701 580 5758 tannn
601 5685 734 5758 Paulus
754 5687 830 5784 ipse
850 5687 1026 5771 ostendit,
1049 5709 1088 5756 se
1103 5709 1177 5756 non
1193 5685 1285 5756 velle

306 5773 384 5856 haec
416 5787 659 5879 superstitiose
692 5788 865 5880 intelligi,
901 5813 975 5860 uon
1008 5789 1093 5859 sacit
1126 5788 1284 5873 cultum,

306 5903 371 5954 non
393 5911 485 5982 opus
507 5889 760 5980 necessarium,
800 5885 894 5964 hanc
922 5891 1066 5964 velandi
1094 5902 1285 5963 cousuetu-

1352 877 1493 950 dinem:
1532 881 1593 949 sed
1614 880 1694 951 vult
1713 880 1961 953 contentiones
1989 880 2114 964 vitari,
2153 893 2192 953 ει
2212 892 2346 965 monet,

1352 982 1438 1076 qnid
1466 982 1512 1053 sit
1533 976 1728 1057 honestius.
2203 983 2209 999 '

1586 1152 1629 1230 V
1626 1154 1679 1226 iri
1696 1165 1806 1254 caput
1830 1166 1882 1227 est
1907 1142 2098 1232 Christus.

1450 1291 1694 1366 Recitavimns
1710 1295 1934 1385 praeeipuam
1954 1295 1993 1363 in
2007 1288 2075 1365 hac
2093 1294 2339 1366 admonitione

1349 1400 1579 1468 sententiam:
1615 1394 1815 1467 imitatores
1832 1396 1901 1465 mei
1917 1411 2044 1482 estote,
2068 1398 2159 1469 sicut
2176 1420 2240 1486 ego
2257 1420 2337 1467 ausu

1349 1496 1497 1569 Christi.
1552 1498 1638 1569 Vult
1660 1499 1913 1589 nos.ampiecti
1935 1500 2132 1571 doctrinam
2148 1524 2166 1568 a
2181 1500 2256 1568 fitia
2269 1495 2338 1569 Dei

1350 1603 1538 1690 traditam,
1562 1616 1598 1671 et
1610 1623 1755 1693 prorsus
1775 1598 1869 1670 nihil
1883 1602 1993 1693 recipi
2009 1617 2131 1674 contra
2147 1597 2337 1691 Evangelii

1348 1704 1571 1777 sententiam.

1448 1804 1593 1876 Deinde
1606 1803 1644 1872 in
1661 1802 1867 1896 quaestione
1883 1807 1927 1876 de
1942 1806 2102 1876 velandis
2122 1804 2335 1877 mulieribus

1345 1908 1463 1978 utitur
1477 1909 1620 1978 duobus
1634 1908 1870 1995 argumentis,
1895 1932 1987 2001 quae
2001 1934 2074 1977 aron
2089 1908 2334 1999 superstitiose

1348 2010 1553 2101 accipienda
1574 2021 1671 2083 sunt.
1722 2006 1769 2079 Et
1786 2010 1824 2077 in
1842 2010 1953 2081 altero
1969 2010 2201 2103 perspicuitas
2217 2010 2334 2081 maior

1346 2123 1408 2181 εει.
1473 2108 1563 2181 Nam
1587 2123 1713 2180 natura
1740 2135 1877 2181 comam
1907 2114 2080 2203 prolixam
2103 2112 2247 2182 mulieri
2269 2113 2334 2181 ad-

1346 2213 1456 2296 didit,
1481 2227 1518 2283 et
1530 2215 1704 2304 significat
1716 2215 1828 2303 magis
1843 2236 1920 2283 eam
1936 2217 2123 2305 tegendam
2139 2238 2231 2295 esse,
2247 2214 2332 2305 quis

1346 2316 1465 2385 minus
1484 2316 1590 2387 debet
1612 2316 1734 2384 venire
1749 2316 1787 2385 in
1804 2332 2031 2407 conspectum
2053 2317 2188 2407 populi.
2242 2315 2332 2385 Viro

1345 2441 1420 2487 raon
1441 2430 1494 2487 est
1514 2419 1636 2488 addita
1657 2417 1737 2487 talis
1756 2441 1872 2503 coma,
1898 2420 1982 2513 quia
2004 2416 2120 2489 virum
2142 2418 2180 2489 io
2201 2418 2331 2507 guber·

1345 2520 1510 2604 natione,
1535 2520 1574 2587 in
1591 2519 1682 2603 acie,
1706 2518 1747 2587 in
1763 2518 1917 2605 Senatu,
1944 2520 1983 2589 in
2006 2521 2158 2591 dicendo
2171 2517 2332 2610 conspici

1342 2634 1494 2711 oportet·
1550 2620 1649 2711 Ergo
1673 2622 1805 2691 mulier
1833 2624 1880 2691 sit
1902 2623 2030 2696 velata.
2089 2617 2331 2715 Enthymema

1343 2724 1539 2793 oratorium
1555 2740 1627 2807 est,
1658 2736 1693 2794 et
1708 2748 1727 2792 a
1743 2724 1852 2813 signis
1870 2724 1910 2793 in
1926 2739 2051 2795 natura
2067 2739 2102 2795 et
2116 2724 2249 2792 iudicio
2265 2746 2332 2791 na·

1343 2824 1454 2895 turali'
1475 2840 1569 2898 recte
1589 2838 1758 2897 sumtum.
1807 2824 1855 2897 Et
1877 2821 2039 2898 homines
2059 2828 2138 2896 sani
2160 2820 2244 2895 huic
2270 2848 2332 2893 ar·

1342 2940 1510 3016 gumento
1533 2940 1607 2999 tam
1628 2941 1709 3018 apte
1728 2941 1847 2999 sumto
1868 2952 1909 2998 es
1934 2942 2079 3016 natura,
2118 2952 2195 2999 noo
2217 2928 2330 2997 reira-

1340 3042 1482 3120 gantur.

1441 3131 1607 3203 Alterum
1636 3144 1884 3221 argumentum
1912 3132 2099 3204 obscurius
2128 3145 2198 3217 est,
2230 3132 2329 3223 quod

1342 3256 1421 3304 cum
1437 3236 1560 3305 dextre
1576 3246 1611 3303 et
1625 3233 1702 3303 sine
1719 3234 2006 3305 cavillationibus
2023 3234 2215 3324 accipitur,
2240 3257 2329 3303 con·

1341 3336 1437 3425 gruit
1458 3337 1504 3405 ad
1527 3330 1620 3406 hanc
1634 3336 1904 3428 quaestionem,
1929 3351 1965 3407 et
1985 3338 2185 3407 doctrinam
2211 3334 2329 3405 conti·
2450 3424 2453 3431 Ι

1342 3453 1402 3511 net
1424 3437 1564 3512 utilem.
1616 3434 1760 3510 Gradus
1785 3438 1887 3508 lacit:
1914 3435 2011 3510 Deus
2029 3452 2080 3510 εει
2100 3433 2329 3529 caputChri·

1341 3541 1399 3616 sti.
1449 3535 1615 3612 Christus
1636 3553 1688 3611 eat
1709 3553 1816 3631 caput
1838 3541 1918 3611 viri.
1971 3540 2038 3612 Vir
2056 3555 2108 3612 est
2122 3554 2229 3631 caput
2246 3565 2328 3612 mu·

1341 3643 1452 3716 lieris.
1502 3641 1571 3712 Hic
1596 3641 1781 3713 cavillator
1803 3641 1962 3713 obiiciet:
2005 3641 2082 3714 imo
2106 3639 2272 3715 Christus
2292 3654 2329 3714 et

1340 3744 1501 3814 mulieris
1515 3758 1621 3836 eaput
1635 3756 1703 3828 est,
1735 3746 1827 3814 sicut
1841 3746 2076 3816 certissimum
2093 3759 2165 3827 est,
2197 3744 2327 3815 mulie-

1228 3901 1237 3918 .
1341 3869 1397 3915 res
1418 3861 1454 3917 et
1476 3847 1574 3915 viros
1594 3847 1727 3936 pariter
1751 3839 1919 3916 haeredes
1940 3870 2015 3918 esse
2037 3848 2131 3918 vitae
2152 3860 2327 3932 aeternae,

1341 3963 1376 4020 et
1398 3948 1533 4040 pariter
1559 3949 1670 4039 recipi
1702 3948 1772 4018 lide
1805 3962 1950 4041 propter
1977 3951 2224 4021 mediatorem.
2276 3943 2327 4020 Et

1340 4040 1511 4142 scripturn
1529 4063 1595 4118 est:
1628 4048 1668 4119 ln
1686 4045 1828 4122 Christo
1844 4075 1909 4121 nec
1925 4075 2000 4122 mas
2012 4067 2065 4124 εει
2080 4075 2144 4122 uec
2158 4049 2330 4137 foemina,

1340 4176 1407 4222 nec
1426 4145 1723 4248 npoooruotqps'os
1749 4167 1810 4226 est.
1872 4151 1945 4224 Sed
1966 4178 2049 4224 vere
2069 4169 2104 4226 et
2125 4157 2246 4225 dextre
2274 4153 2346 4222 sict

1340 4255 1550 4347 respondeo.
1610 4252 1743 4326 Paulus
1766 4279 1842 4325 non
1864 4255 2026 4349 loquitur
2049 4251 2108 4326 hic
2129 4257 2174 4326 de
2199 4254 2326 4325 remis·

1340 4358 1440 4428 sione
1463 4368 1687 4446 peecatorum
1712 4356 1919 4451 utriusque,
1951 4359 2013 4428 sad
2037 4359 2082 4428 de
2104 4356 2325 4431 ministeriis.

1340 4456 1392 4530 lta
1410 4459 1487 4528 sine
1504 4458 1577 4529 olla
1595 4453 1786 4550 sophistica
1803 4459 1967 4548 congruit
1987 4459 2076 4530 ordo
2100 4459 2139 4528 in
2155 4459 2325 4547 gradibus

1338 4561 1507 4635 recitatis.
1557 4561 1659 4631 Deus
1676 4573 1727 4632 est
1748 4573 1853 4652 caput
1871 4554 2026 4646 Christi,
2052 4585 2127 4630 non
2146 4560 2191 4630 de
2206 4582 2326 4630 essen·

1340 4663 1387 4735 tia
1413 4663 1565 4747 dicitur,
1596 4663 1657 4732 sed
1684 4663 1728 4732 de
1745 4658 1963 4732 ministeriis.
2011 4659 2127 4734 Pilius
2150 4662 2327 4732 mediator

1339 4763 1466 4856 accipit
1491 4764 1728 4834 ministerium
1755 4789 1775 4834 a
1798 4763 1949 4834 consilio
1974 4765 2193 4851 divinitatis,
2231 4763 2325 4834 sicut

1339 4891 1443 4958 saepe
1466 4867 1604 4962 inquit:
1644 4863 1752 4934 Pater
1773 4864 1870 4934 misit
1892 4889 1960 4939 me.
2026 4864 2084 4936 Fit
2107 4863 2167 4936 bic
2186 4863 2324 4934 mentio

1339 4992 1414 5040 non
1437 4991 1585 5038 amauae
1603 4967 1790 5053 essentiae,
1822 4968 1883 5036 sed
1908 4967 2119 5048 ministerii,
2159 4969 2203 5037 ad
2227 4967 2324 5060 quod

1338 5071 1434 5142 lilios
1461 5069 1636 5158 singulari
1666 5072 1775 5138 modo
1804 5067 1933 5138 missus
1955 5082 2019 5140 est.
2075 5067 2216 5140 Deinde
2236 5093 2325 5140 con·

1338 5173 1452 5263 gruit:
1477 5167 1643 5242 Christus
1665 5185 1716 5239 est
1738 5184 1843 5260 caput
1860 5171 1942 5241 viri.
1992 5169 2238 5242 Certissimurn
2261 5185 2325 5250 est,

1244 5331 1267 5350 ..
1339 5275 1459 5359 virum
1483 5273 1523 5341 iu
1546 5286 1622 5344 toto
1644 5293 1774 5363 genere
1797 5267 1956 5342 humano
1977 5273 2138 5362 primurn
2167 5275 2325 5364 accipere

1340 5375 1579 5448 ministerium
1619 5375 1772 5444 docendi
1810 5389 1843 5447 ει
1879 5374 2103 5460 gubernandi
2140 5373 2324 5466 p'nblicum

1339 5479 1494 5548 coelum:
1521 5501 1602 5547 curn
1618 5477 1762 5571 quidem
1781 5476 1867 5546 velit
1882 5473 1979 5546 Dens
2001 5499 2142 5568 semper
2159 5499 2234 5546 esse
2256 5497 2325 5571 pu·

1338 5579 1452 5650 blicos
1472 5601 1681 5668 congressus
1705 5591 1740 5648 et
1760 5602 1880 5647 vocem
1898 5579 2100 5650 docentium
2123 5579 2162 5647 in
2181 5575 2325 5668 publico

1337 5695 1441 5752 coetu
1469 5679 1670 5752 exaudiris
1693 5692 1770 5750 toto
1794 5702 1923 5768 genere
1946 5675 2124 5760 humano,
2156 5680 2247 5750 sicut
2269 5678 2326 5745 di·

1337 5798 1434 5854 etum
1460 5796 1528 5854 est:
1570 5778 1615 5850 ln
1637 5777 1795 5851 Ecclesia
1818 5803 1946 5870 magna
1975 5781 2132 5852 laudabo
2163 5796 2211 5856 te.
2261 5773 2329 5850 Est

1338 5883 1449 6005 ig’qur
1466 5883 1629 5976 regolare
1651 5877 1739 5970 boe,
1765 5881 1835 5956 viri
1851 5903 1926 5954 esse
1949 5877 2042 5954 hanc
2058 5881 2230 5972 gloriam,
2262 5881 2329 5952 do-
