5825 6950
622 644 694 717 ssa
1218 629 1341 711 rtur.
1370 632 1487 713 stan
1513 632 1725 712 marera
1753 633 2056 717 exscertus.
2534 664 2580 735 „,

626 812 810 893 Abraham
835 814 958 901 tidem,
984 834 1090 909 quam
1112 811 1228 907 qualis
1250 811 1321 883 suit
1341 813 1474 885 noticia
1496 816 1535 887 in
1553 809 1617 885 Ci-
1668 809 1783 883 solum
1798 816 1850 885 est
1867 816 1998 888 noticia
2026 812 2214 910 historiae,
2239 824 2301 895 sed
2323 824 2419 897 etiam
2439 832 2583 919 promissis

626 944 757 993 cerone
778 934 838 991 aut
868 920 906 1015 in
928 911 1179 1009 Xenophonte.
1251 912 1322 987 Sed
1352 909 1411 987 hic
1435 930 1551 990 textus
1575 918 1615 985 in
1667 938 1748 985 nem
1778 918 2024 1009 amplectitur,
2065 937 2100 993 et
2128 937 2182 995 est
2208 928 2336 998 fiducia
2366 932 2547 1025 acquiescens
2563 941 2584 1007 in

627 1022 744 1095 Moise
768 1035 871 1093 antea
891 1019 1053 1093 recitavit
1070 1016 1338 1111 promissiones:
1371 1017 1414 1088 ln
1442 1033 1476 1090 te
1505 1022 1613 1093 bene-
1666 1017 1871 1095 mediatore.
1930 1018 2016 1093 Ideo
2039 1026 2168 1096 usitata
2196 1030 2291 1121 apud
2314 1054 2377 1102 nos
2399 1034 2530 1105 definitio
2544 1054 2585 1109 est:

627 1126 792 1198 dicentur
812 1143 938 1194 omnes
966 1135 1098 1214 gentes.
1138 1118 1244 1193 ltem:
1271 1117 1356 1191 Noli
1381 1120 1526 1211 timere,
1548 1142 1612 1213 ego
1665 1114 1773 1188 Fides
1786 1135 1840 1193 est
1854 1124 2021 1195 assentiri
2041 1128 2143 1199 om'ni
2165 1134 2275 1202 verbo
2291 1128 2358 1203 Dei
2381 1136 2473 1207 nobis
2491 1142 2586 1216 sntio

625 1241 805 1321 protector
821 1240 903 1297 tuus
916 1238 982 1299 etc.
1664 1236 1771 1314 atquc
1794 1223 1843 1296 ita
1867 1226 2095 1317 promissioni
2118 1232 2275 1321 gratim,
2318 1247 2351 1306 et
2371 1251 2418 1307 est
2437 1238 2539 1309 fidncia
2553 1266 2587 1309 aa·

725 1325 816 1400 Cum
841 1326 950 1419 igitur
972 1324 1109 1417 inquit,
1133 1320 1297 1396 Credidit
1313 1320 1518 1411 Abrabam,
1547 1349 1613 1397 ne·
1664 1326 1849 1416 quiescens
1872 1328 1912 1397 in
1933 1330 2190 1419 promissione,
2210 1336 2246 1405 id
2269 1336 2601 1448 est,iu1leoprouit·l

625 1454 720 1502 resse
735 1444 786 1501 est
801 1424 868 1500 hoc
883 1428 1006 1499 referri
1023 1428 1066 1497 ad
1080 1427 1328 1518 praecedentes
1343 1430 1612 1520 promissiones:
1663 1439 1759 1497 tente
1776 1442 1922 1521 propter
1937 1432 2180 1509 mediatorem.
2599 1453 2601 1490 ³

624 1558 709 1605 nam
737 1550 770 1607 et
793 1533 878 1601 fides
911 1544 963 1601 est
991 1528 1153 1600 assentiri
1176 1528 1276 1599 omni
1300 1534 1408 1601 verbo
1422 1528 1491 1603 Dei
1514 1546 1610 1624 pate·
2222 1562 2226 1567 ·

623 1638 731 1709 lacto.
800 1631 921 1722 Quare
949 1631 1146 1702 necessario
1174 1644 1209 1701 et
1241 1631 1428 1704 manifeste
1451 1635 1612 1729 sequitur
1872 1605 2109 1676 S‘⁶“⁸‘¹⁸⁸
2135 1630 2439 1697 ''8⁸⁸‘¹“⁸'⁸·

622 1739 727 1807 fidem
745 1730 911 1806 Abrahae
927 1758 1001 1805 non
1017 1746 1156 1805 tanturn
1173 1734 1280 1807 fuisse
1303 1736 1472 1807 noticiam
1498 1734 1610 1809 histo·
1816 1729 1926 1803 Nulla
1943 1750 2070 1806 natura
2090 1753 2144 1811 est
2160 1740 2251 1813 iusta
2268 1744 2342 1814 sola
2361 1746 2499 1832 noticia,
2599 1795 2600 1820 ι

621 1838 714 1920 riae,
740 1840 801 1909 sed
828 1838 933 1909 etiam
958 1836 1128 1908 noticiam
1151 1851 1187 1909 et
1209 1858 1410 1925 assensum,
1435 1865 1507 1935 quo
1527 1865 1611 1933 pro·
1815 1831 1923 1905 Fides
1936 1852 1989 1908 est
2003 1852 2143 1911 tontum
2158 1845 2309 1930 noticia,
2599 1823 2601 1850 ἱ

623 1941 810 2011 missiones
833 1937 1016 2030 amplexus
1039 1953 1103 2013 est.
1153 1936 1235 2009 Non
1257 1938 1455 2033 loquuntur
1478 1941 1611 2014 Moises
1814 1934 1930 2025 Ergo:
1956 1937 2123 2013 Nonsola
2139 1944 2210 2015 tide
2224 1968 2348 2017 snmus
2367 1948 2458 2020 iusti.
2599 2009 2601 2029 .

622 2057 656 2113 et
673 2041 806 2113 Paulus
822 2044 867 2111 de
882 2040 1043 2111 mutilata
1065 2040 1152 2125 lide,
1176 2056 1335 2137 quaeest
1353 2056 1492 2115 tanturn
1513 2045 1611 2117 noti·
1758 2031 1973 2130 Rapondeo
1988 2042 2215 2135 simpliciter:
2230 2047 2330 2138 Nego
2349 2050 2520 2121 minoren.
2537 2033 2601 2119 bani

620 2146 674 2217 cia
694 2140 883 2229 historiae,
908 2144 968 2213 sed
986 2138 1113 2213 dehac
1130 2144 1220 2230 tide,
1249 2168 1340 2239 quae
1364 2159 1416 2216 est
1438 2142 1610 2220 historiae
1663 2151 1705 2209 ut
1733 2152 1839 2209 aulea
1863 2142 1999 2213 dictum
2031 2160 2083 2215 est
2105 2144 2211 2220 Fides
2241 2174 2331 2243 quae
2358 2154 2528 2223 assentitur
2542 2176 2591 2241 pro

622 2261 660 2319 et
675 2246 950 2340 promissionum
967 2244 1118 2326 noticia,
1149 2260 1185 2317 et
1201 2259 1255 2317 est
1268 2268 1428 2317 assensus
1453 2273 1494 2320 ac
1515 2251 1609 2321 fidu·
1656 2239 1826 2312 'mittiossi
1848 2266 1925 2314 ⁰0¹1
1952 2257 2004 2316 eat
2034 2260 2173 2319 tantum
2199 2253 2350 2341 noticia,
2383 2258 2443 2326 sed
2466 2269 2510 2325 est
2527 2256 2591 2323 sind

620 2352 695 2435 cia,
736 2372 805 2443 qna
835 2346 1106 2440 promissionem
1136 2347 1402 2441 amplectimur,
1445 2365 1482 2423 et
1501 2356 1608 2423 corda
1663 2341 1810 2427 fiducia,
1843 2369 1934 2437 quet
1950 2361 2002 2418 “l
2018 2367 2135 2421 mittut
2150 2378 2170 2421 ἃ
2186 2351 2325 2444 Spiritu
2340 2372 2591 2435 sanctotttfflttt

620 2450 851 2545 aequiescunt
873 2450 911 2519 in
936 2450 1131 2519 mediatore
1156 2452 1352 2543 promisso,
1383 2476 1446 2526 seu
1470 2454 1508 2525 in
1530 2454 1610 2527 Deo
1664 2468 1735 2537 quo
1754 2446 1920 2519 voluntas
1932 2463 1970 2521 et
1984 2474 2046 2521 cor
2062 2453 2287 2527 vivificantur
2301 2471 2337 2529 et
2352 2458 2591 2535 laetificantuott

619 2552 850 2645 promittente
862 2564 1007 2643 propter
1028 2552 1270 2624 mediatorem.
1316 2556 1401 2625 ldeo
1419 2569 1454 2627 et
1476 2556 1611 2629 Paulus
1663 2546 1887 2640 atqlllssfflssl
1905 2551 1945 2621 iu
1961 2550 2039 2623 Deo
2060 2570 2204 2647 propter
2226 2560 2474 2631 mediatorem:
2500 2574 2531 2630 ut
2546 2582 2589 2627 ctu

617 2678 700 2727 mox
724 2656 763 2725 in
779 2650 847 2724 hoc
864 2654 977 2747 capite
991 2654 1262 2745 promissionem
1280 2669 1315 2727 et
1335 2656 1440 2729 fidem
1456 2661 1611 2752 copulat,
1662 2649 1764 2719 audit
1777 2645 1896 2721 David
1913 2656 2193 2731 absolutionem:
2221 2658 2402 2734 Dominus
2413 2662 2539 2734 abstulit
2548 2684 2590 2751 pst·

622 2772 663 2831 ut
685 2757 849 2829 ostendat
869 2778 907 2827 se
930 2757 974 2824 de
998 2778 1038 2824 ea
1061 2755 1130 2825 fide
1151 2758 1269 2852 loqui,
1295 2782 1384 2852 quae
1403 2762 1610 2852 promissio·
1662 2765 1779 2822 mum
1795 2765 1919 2841 tuum,
1943 2780 2019 2827 nnn
2034 2772 2174 2831 tantum
2188 2760 2227 2831 in
2250 2786 2294 2834 eo
2316 2765 2452 2839 noticia
2464 2779 2511 2835 est
2527 2760 2587 2831 huit·

621 2883 706 2930 nem
731 2858 877 2951 accipit,
904 2880 972 2951 qua
993 2854 1090 2926 Deus
1112 2876 1257 2952 propter
1278 2862 1509 2934 mediatorem
1531 2890 1610 2936 om·
1662 2853 1941 2945 Pt⁰90⁸lll⁰⁰l⁸s
1979 2861 2041 2929 *ὦ
2069 2863 2232 2936 V⁰l¹¹⁰l³a
2262 2880 2298 2936 tt
2321 2890 2386 2938 cor
2412 2862 2586 2938 ostensobs

618 2964 727 3032 nibus
753 2959 979 3031 credentibus
1002 2960 1178 3052 promittit
1211 2963 1454 3036 remissionem
1486 2991 1609 3058 pecca·
1663 2960 1758 3026 b0¹¹⁰
1782 2980 1905 3029 ῐῦῐδῦῦ
1927 2982 1969 3030 0¹
1997 2963 2146 3033 summit
2173 2967 2363 3039 doloribus
2391 2984 2493 3043 etex
2520 2966 2579 3035 inlu

618 3080 758 3149 torum,
783 3060 1128 3149 reconciliationem,
1151 3064 1420 3157 imputationem
1437 3068 1609 3153 iusticias.
1662 3074 1862 3148 ‘millium-
1905 3060 2007 3133 35⁰¹st
2034 3065 2183 3138 dicium
2224 3066 2411 3143 1⁰⁸lffi0²ll
2437 3073 2500 3141 ΜΘ
2523 3088 2601 3160 lm·

617 3164 933 3241 sanctificationem
962 3187 1026 3257 per
1048 3162 1223 3259 Spiritum
1254 3181 1415 3242 sanctum
1438 3184 1474 3245 et
1499 3174 1609 3248 vitam
1663 3156 1846 3233 hebetum·
1894 3158 1947 3237 El
1962 3162 2132 3239 &tebias
2156 3169 2292 3265 iuquit:
2317 3171 2507 3245 'suentem
2520 3161 2601 3241 mid

616 3282 809 3345 aeternam.
1662 3265 1818 3334 animam
1834 3286 1949 3334 meam
1965 3282 2095 3339 utnon
2111 3272 2262 3362 periret,
2286 3277 2469 3367 proiecisti
2485 3288 2544 3367 post
2554 3286 2591 3338 tu·

720 3367 813 3442 Cum
835 3369 945 3462 igitur
965 3370 1190 3464 perspicuum
1214 3371 1278 3457 sit,
1304 3374 1392 3468 quid
1417 3372 1553 3450 Moises
1573 3392 1609 3471 et
1661 3368 1998 3455 gumtuumomnia
2015 3387 2257 3462 peccatamea.
2310 3375 2376 3448 Sic
2391 3377 2530 3451 ostendit
2542 3347 2601 3466 lavi

620 3472 755 3546 Paulus
776 3476 962 3547 nominent
979 3472 1124 3556 Fidem,
1149 3472 1316 3548 refutatio
1330 3478 1610 3570 cavillationum,
1664 3469 1739 3554 lua,
1767 3493 1857 3562 quos
1871 3485 1991 3543 motus
2006 3472 2260 3569 complectatur
2282 3479 2394 3566 tides,
2418 3508 2493 3554 cum
2511 3475 2586 3568 inquit

620 3601 711 3674 quae
726 3578 946 3649 obiiciuntur
962 3576 1146 3648 manifesta
1164 3590 1231 3663 est,
1258 3580 1382 3672 quales
1397 3596 1493 3659 sunt.
1663 3569 1731 3641 Per
1753 3566 1851 3643 hunc
1872 3577 2045 3646 audemus
2061 3581 2228 3650 accedere
2252 3581 2291 3652 in
2310 3582 2446 3656 fiducia
2464 3605 2517 3676 per
2532 3580 2596 3648 adan

767 3677 966 3751 Daemones
984 3679 1136 3750 eredunt
1153 3693 1187 3750 et
1204 3704 1277 3750 non
1294 3697 1378 3753 sum
1392 3683 1494 3772 iusti,
1663 3673 1788 3766 lpsltta.
1821 3672 1876 3744 lbi
1886 3679 2040 3748 utlendll
2056 3679 2220 3752 fidutiam
2230 3696 2263 3754 el
2279 3706 2462 3757 accessum
2473 3687 2510 3754 ud
2522 3684 2596 3752 Deuu

768 3780 851 3853 Non
866 3778 1477 3872 igiturinstificauturhominesbde.
1503 3785 1609 3858 item:
1661 3775 1701 3845 ln
1726 3770 1793 3846 hec
1825 3777 1896 3848 fide
1921 3778 2193 3871 comprehendi,
2236 3786 2281 3856 de
2307 3811 2382 3880 qua
2406 3789 2557 3884 loquitur,
2573 3771 2601 3846 ill

769 3881 878 3954 Nulla
896 3898 1023 3955 natura
1037 3897 1089 3955 est
1106 3882 1197 3955 iusta
1215 3886 1290 3956 sola
1305 3886 1456 3973 noticia,
1662 3901 1802 3948 necesse
1817 3894 1870 3951 est
1881 3875 1968 3952 haec
1983 3880 2239 3975 comprehendi
2246 3936 2259 3973 ,
2285 3889 2375 3982 quia
2391 3895 2435 3961 de
2457 3915 2493 3958 ea
2506 3872 2601 3956 fidatil

768 3983 875 4056 Fides
893 3999 943 4057 est
959 3999 1096 4058 tanturn
1115 3987 1268 4074 noticia,
1662 3981 1772 4066 citur,
1810 4005 1901 4075 quae
1924 3986 2117 4057 assentitur
2141 3989 2389 4080 promissioni.
2439 3987 2601 4065 uictuma

771 4086 885 4158 Nemo
902 4089 1010 4178 igitur
1023 4089 1093 4159 lide
1107 4088 1221 4159 iustus
1235 4103 1298 4166 εει.
1351 4087 1457 4161 laem:
1662 4096 1782 4154 autern
1805 4106 1910 4174 supra
1935 4079 2027 4156 hanc
2050 4087 2174 4175 fidem,
2204 4114 2275 4184 qua
2298 4086 2413 4164 bomo
2437 4080 2601 4164 iustissimi

771 4185 879 4260 Fides
896 4204 947 4261 ast
962 4213 1071 4282 opus,
1662 4186 1824 4255 assentiri
1839 4189 2079 4278 promissioni.
2124 4187 2187 4262 list
2204 4192 2314 4283 igitur
2328 4209 2369 4268 et
2383 4197 2504 4267 fiducia
2518 4196 2548 4261 in
2565 4176 2601 4259 nl

770 4287 885 4384 Ergo:
911 4286 1094 4384 Operibus
1109 4291 1195 4365 iusti
1209 4314 1344 4367 sumus,
1662 4286 1799 4358 luntate
1819 4303 1855 4358 et
1878 4291 1987 4359 corde
2009 4292 2235 4384 acquiescens
2256 4295 2296 4364 in
2322 4301 2559 4388 promissione,
2580 4266 2601 4357 il

717 4391 856 4464 Harum
882 4394 1124 4466 obiectionum
1153 4395 1341 4486 explicatio
1363 4393 1520 4467 declarat
1544 4421 1608 4466 vo·
1662 4404 1733 4477 est,
1760 4388 1889 4461 inlleo
1908 4393 2138 4484 promittente
2155 4411 2302 4490 propter
2315 4401 2546 4472 mediatorem·
2599 4362 2601 4431 l

616 4494 782 4568 rabulum
801 4493 924 4584 Fidei,
952 4520 1016 4567 nec
1035 4496 1202 4587 tingimus
1223 4498 1430 4591 praestigias
1446 4510 1509 4569 aut
1523 4501 1608 4569 sub·
2015 4581 2023 4598 ι

615 4600 780 4679 tilitates,
806 4602 867 4669 sed
883 4600 1102 4670 illustramus
1118 4599 1273 4671 nativam
1292 4599 1457 4672 vocabuli
1472 4600 1608 4690 signiti-
1898 4572 2090 4675 T‘mff
2110 4594 2421 4659 ‘'mmm'‘-

616 4703 792 4772 rationem
822 4703 861 4769 in
901 4722 1065 4771 sermone
1096 4694 1355 4792 Prophetarum
1386 4715 1421 4773 et
1451 4699 1608 4792 Aposto·
1816 4696 1905 4768 Fide
1921 4700 2171 4789 iustihcamur,

617 4803 801 4894 lolornm,
836 4798 900 4874 Est
930 4803 1041 4892 igitur
1060 4803 1248 4896 responsio
1281 4804 1325 4875 ad
1357 4803 1510 4895 primam
1541 4807 1608 4877 ob·
1817 4797 1924 4870 Fides
1937 4817 2116 4895 estopus,

617 4903 817 4996 jectionem.
1817 4897 1937 4992 Ergo:
1966 4900 2151 4998 Operibus
2166 4907 2412 4986 instificamur.

720 5001 920 5076 Daemones
936 5009 1099 5092 credunt,
1126 5008 1188 5078 sed
1206 5007 1367 5078 mutilata
1384 5007 1465 5088 lide,
1491 5005 1609 5091 idest,
1760 4999 1996 5096 Respondes:
2027 5007 2186 5100 Simplex
2209 5027 2244 5081 et
2273 5035 2357 5082 vera
2382 4994 2601 5168 septimio-q

618 5119 741 5180 tenent
764 5107 933 5178 notitiam
965 5103 1163 5195 historiae,
1204 5121 1240 5179 et
1265 5108 1382 5180 sciunt
1404 5109 1519 5179 filium
1540 5106 1609 5180 Dei
1662 5127 1732 5198 qua
1746 5127 1871 5176 omnes
1893 5109 2122 5182 mediocriter
2135 5113 2240 5204 ,docti
2265 5115 2303 5182 in
2328 5117 2461 5185 nostris
2480 5105 2601 5184 Esses.

619 5207 788 5280 horribili
807 5209 941 5279 indicio
962 5211 1172 5302 puniturum
1188 5231 1263 5282 esse
1287 5233 1412 5280 omnes
1434 5211 1609 5291 diabolos,
1661 5228 1800 5300 semper
1814 5209 1871 5278 usi
1884 5224 1988 5297 aunt,
2013 5213 2178 5285 videlicet
2200 5211 2263 5284 bas
2277 5217 2542 5308 propositiones:

618 5331 843 5405 nequaquam
884 5323 1002 5382 autem
1042 5313 1307 5403 amplectuntur
1342 5312 1609 5403 promissiones,
1739 5305 1853 5412 ‘Pide
1868 5305 2039 5384 habemus
2053 5317 2300 5388 remissionem
2313 5333 2543 5411 peccatorum,

618 5437 695 5484 non
718 5425 878 5485 statuunt
901 5413 969 5483 sibi
993 5414 1127 5485 remitti
1154 5427 1313 5506 peccata:
1348 5413 1430 5484 ideo
1448 5415 1611 5486 furenter
1764 5408 1855 5483 Fide
1870 5414 2115 5488 iustificamur.

619 5519 774 5588 oderunt
790 5509 904 5586 Deum
926 5529 959 5585 et
982 5511 1188 5602 Christum,
1222 5529 1258 5587 st
1281 5517 1441 5588 sentiunt
1466 5537 1609 5609 poenas,
1661 5508 1894 5606 Nequaquam
1909 5509 2147 5608 sicintelligi,
2175 5534 2321 5612 propter
2331 5515 2403 5593 boc
2424 5507 2601 5616 opusinffli

620 5633 654 5688 et
672 5630 834 5688 metuunt
858 5616 1030 5689 tristiores
1052 5617 1238 5688 cruciatus.
1288 5616 1344 5688 De
1360 5613 1427 5688 hac
1444 5619 1516 5689 lide
1533 5641 1608 5690 non
1660 5613 1739 5694 bis,
1770 5615 1903 5686 scilicet
1926 5622 2087 5705 medem,
2115 5637 2336 5715 seupropter
2350 5626 2543 5716 dignitatem
2557 5611 2601 5682 bv*

620 5719 781 5813 loquitur
801 5715 954 5802 Paulus,
978 5741 1057 5788 cnm
1083 5719 1221 5812 inquit,
1248 5717 1430 5791 iustificati
1454 5719 1525 5792 tide
1543 5743 1610 5813 pa-
1661 5714 1719 5783 ius
1741 5717 1877 5806 operis,
1910 5713 2041 5792 habere
2055 5717 2230 5811 ,homiues
2244 5727 2486 5797 remissionem
2505 5737 2552 5790 ant
2565 5717 2601 5780 ivl

621 5845 697 5892 cem
714 5815 884 5894 habemns
900 5842 980 5914 erga
994 5817 1127 5893 Deum:
1163 5822 1224 5892 sed
1243 5821 1390 5908 deiide,
1417 5821 1509 5918 quse
1532 5844 1609 5896 non
1660 5815 1818 5893 stificari.
1859 5817 1951 5896 Nam
1966 5817 2101 5901 Paulos
2114 5825 2364 5903 universaliter
2376 5824 2537 5908 merus.
2557 5815 2601 5886 δι’
