5825 6950
521 717 568 793 51
1123 707 1249 786 Plllb.
1277 707 1391 784 MEL.
1426 707 1638 784 SCRIPTA
1672 709 1971 786 EXEGETICA.
2515 709 2572 786 62

527 891 644 962 tiones
661 886 837 979 pertinere
853 881 1015 954 sciamus.
1065 878 1228 953 Primum
1244 885 1347 954 docet
1362 907 1427 952 nos
1443 905 1517 953 non
1570 905 1659 976 quae
1684 886 1729 953 dc
1754 907 1865 974 agno,
1898 886 1933 954 id
1961 899 2030 968 est,
2069 883 2210 953 victima
2235 884 2331 952 credi
2357 896 2391 952 et
2417 881 2573 971 cogitari

531 995 680 1064 obscure
701 991 744 1058 de
766 987 880 1058 tribus
898 984 1068 1076 personis.
1121 983 1286 1054 Secundo
1303 986 1439 1055 indicat
1453 984 1516 1053 be·
1543 957 1546 1008 ι
1570 986 1647 1054 vult
1662 983 1817 1078 Spiritus
1838 1003 1979 1059 sanctus
2002 988 2040 1054 in
2063 983 2120 1056 his
2143 985 2431 1069 narrationibus,
2459 1009 2574 1076 supra

532 1093 675 1177 nebeia,
714 1103 748 1159 et
780 1110 881 1159 veros
913 1087 1028 1156 cultus
1059 1098 1251 1168 monstrat,
1282 1086 1388 1157 Pater
1410 1087 1521 1156 mittit
1572 1101 1752 1182 utcunque
1769 1089 1942 1163 recensui.

534 1195 688 1272 Filium,
715 1205 749 1264 et
765 1191 863 1259 iubet
877 1185 974 1258 hunc
990 1188 1125 1270 audiri,
1149 1200 1368 1281 testaturque
1385 1185 1482 1258 hunc
1501 1210 1519 1258 a
1679 1197 1683 1207 ¹

536 1321 573 1366 se
605 1294 728 1384 diligi,
758 1306 793 1362 et
822 1293 982 1360 datorem
1011 1313 1083 1359 esse
1111 1288 1267 1380 Spiritus
1296 1290 1428 1374 sancti,
1459 1313 1522 1382 per

537 1421 643 1493 quem
666 1419 759 1466 nova
784 1407 819 1464 et
843 1406 984 1463 aeterna
1007 1391 1143 1462 iusticia
1166 1392 1206 1460 in
1228 1387 1303 1477 his,
1330 1393 1521 1487 quifilium
1676 1389 1899 1464 Confirmant
1937 1391 2179 1463 testimonium
2209 1403 2243 1460 et
2274 1389 2457 1480 discipuli,
2503 1393 2576 1485 qui

536 1500 707 1582 audiunt,
732 1497 801 1566 fiet.
853 1493 997 1578 Tertio,
1020 1494 1137 1564 cultus
1151 1517 1254 1564 verus
1268 1509 1319 1567 est
1335 1515 1524 1586 agnoscere
1575 1507 1694 1586 postea
1712 1497 1872 1566 comitati
1888 1489 2174 1573 suntChristum,
2202 1489 2376 1581 Andreas,
2405 1490 2577 1578 loannes,
2670 1503 2671 1526 ¹

538 1599 636 1673 hune
657 1622 739 1668 vere
763 1620 837 1666 esse
852 1595 969 1666 Deum
991 1609 1193 1682 aeternum,
1220 1620 1338 1666 rerum
1362 1596 1523 1666 omnium
1576 1597 1721 1677 Simon,
1745 1593 1956 1695 Philippus,
1982 1611 2016 1665 et
2037 1591 2247 1668 Nathauael.
2306 1591 2355 1662 Hi
2379 1595 2422 1662 de
2448 1597 2575 1664 diver-

540 1702 760 1775 conditorem
789 1713 823 1770 ει
853 1711 1155 1778 conservatorem,
1189 1721 1229 1767 ac
1254 1700 1430 1770 volentem
1454 1697 1525 1769 tol·
1577 1699 1670 1769 sorio
1687 1716 1863 1792 quaerunt
1887 1714 1928 1770 ut
1951 1699 2096 1768 audiant
2118 1701 2325 1782 docentem,
2353 1695 2483 1766 deiude
2501 1721 2574 1790 pa·-

539 1807 613 1875 lere
637 1816 816 1895 peccatum
840 1815 872 1872 et
893 1812 1061 1883 mortem,
1087 1823 1127 1869 ac
1144 1801 1278 1870 donare
1295 1802 1401 1871 nobis
1418 1802 1525 1870 vitam
1577 1803 1648 1870 lam
1673 1802 1797 1870 dicunt
1821 1800 2087 1870 esseMessiam.
2139 1799 2303 1869 Andreas
2330 1797 2465 1890 inquit:
2505 1799 2575 1870 In-

540 1921 739 1989 aeternam,
765 1903 824 1994 qui
849 1915 901 1972 est
922 1914 1022 1993 pater
1039 1897 1145 1972 huius
1164 1900 1316 1973 Messiae
1334 1899 1394 1972 hic
1408 1915 1527 1972 astan—
1580 1904 1741 1973 venimus
1768 1903 1948 1973 Messium.
2016 1900 2087 1972 Nec
2117 1902 2157 1970 in
2186 1898 2471 1985 narrationibus,
2503 1925 2575 1972 nec

542 2008 588 2079 tis
614 2031 730 2077 coram
756 2003 933 2096 Baptista,
963 2016 998 2072 et
1025 2003 1191 2073 invocare
1211 2002 1327 2074 Deum
1357 2001 1422 2074 hac
1448 2006 1528 2088 fide,
1579 2007 1618 2076 in
1656 2006 1741 2097 ipsis
1770 2006 1871 2076 factis
1899 2005 1960 2074 illa
1993 2027 2122 2096 pompa
2153 2015 2221 2088 est,
2261 2025 2351 2094 quac
2388 2003 2573 2092 maguitu-

542 2113 636 2204 quod
661 2120 805 2200 propter
821 2103 1121 2190 huucMessiam,
1149 2106 1209 2199 qui
1225 2108 1336 2179 factus
1351 2120 1403 2177 est
1417 2129 1528 2197 agnus
1580 2108 1657 2178 dini
1684 2131 1804 2177 rerum
1829 2106 2019 2176 convenire
2045 2106 2197 2176 videtur.
2263 2102 2364 2174 Talis
2388 2117 2440 2174 cst
2464 2129 2572 2177 verae

501 2227 508 2234 “
541 2209 609 2282 Dei
636 2233 700 2280 seu
732 2207 897 2297 victima,
931 2207 1034 2277 nobis
1056 2207 1215 2278 remittat
1235 2224 1396 2300 peccata,
1429 2223 1463 2279 et
1484 2209 1529 2278 sit
1580 2206 1757 2279 Ecclesiae
1774 2210 1916 2300 species,
1942 2211 2211 2296 sonatverbum,
2239 2207 2438 2278 ostenditur
2455 2231 2570 2296 agnus

543 2315 693 2384 daturus
708 2309 817 2380 vitam
832 2322 1029 2393 aeternam,
1056 2325 1089 2380 ει
1102 2311 1200 2402 quod
1214 2305 1272 2380 hic
1283 2311 1432 2381 Messias
1448 2335 1529 2380 vere
1581 2313 1670 2395 Dei,
1695 2325 1886 2382 narrantur
1903 2309 2070 2380 beneficia
2085 2307 2171 2406 Dei,
2197 2321 2239 2379 ut
2255 2309 2442 2380 invocetur
2457 2325 2492 2378 ει
2508 2333 2566 2379 εε-
2670 2355 2671 2362 ι

543 2413 734 2484 sanctificet
755 2434 821 2479 nos
837 2409 975 2503 Spiritu
999 2427 1118 2481 sancto
1144 2436 1230 2497 suo,
1256 2414 1318 2506 qui
1337 2409 1395 2482 hic
1413 2414 1528 2504 ipsum
1581 2415 1737 2484 lebretur
1755 2413 1861 2484 Deus.
1918 2411 2055 2482 Harum
2079 2435 2198 2481 rerum
2217 2431 2298 2478 vera
2315 2409 2427 2495 gloria
2448 2410 2485 2478 in
2500 2407 2568 2480 hac

543 2515 723 2607 amplexus
761 2528 833 2598 est,
874 2526 916 2583 ut
950 2511 1100 2584 sciamus
1131 2538 1171 2583 ex
1200 2515 1422 2605 plenitudine
1454 2517 1530 2584 eius
1581 2517 1653 2586 vita
1669 2539 1742 2586 nou
1757 2514 1990 2606 conspicitur,
2015 2515 2077 2582 sed
2097 2514 2135 2581 in
2161 2512 2232 2581 vita
2256 2525 2396 2582 aeterna
2421 2514 2562 2602 conspi-
2670 2521 2671 2526 ’

543 2639 666 2688 omnes
681 2617 857 2706 accipere,
883 2627 1044 2708 utsupra
1062 2617 1195 2686 dictum
1214 2632 1275 2686 est.
1581 2619 1702 2692 cietur.
1762 2617 1965 2687 Admoneat
1986 2638 2067 2704 ergo
2091 2637 2156 2683 uos
2180 2608 2265 2684 haec
2287 2613 2460 2696 narratio,
2492 2609 2562 2684 Ec-

645 2715 762 2798 Haec,
796 2717 937 2814 quoties
956 2718 1182 2803 invocamus,
1207 2721 1251 2788 de
1274 2719 1387 2789 tribus
1411 2743 1530 2810 perso·
1581 2721 1726 2792 clesiam
1754 2744 1828 2789 non
1857 2721 1894 2788 iu
1925 2719 2092 2808 gradibus
2121 2717 2333 2806 dignitatum
2365 2715 2565 2796 consistere,

544 2823 602 2893 nis
624 2820 809 2909 cogitanda
831 2832 933 2904 suut,
957 2834 1102 2912 propter
1124 2823 1212 2890 duas
1235 2843 1371 2906 causas,
1396 2835 1437 2892 ut
1456 2821 1530 2890 dis-
1581 2827 1643 2892 sed
1666 2845 1740 2892 esse
1762 2834 1900 2892 coetum
1917 2821 2119 2892 docentium
2136 2832 2169 2888 et
2183 2819 2402 2888 audientium
2417 2818 2567 2887 verbum

544 2944 729 2995 cernamus
754 2937 910 2992 nostram
933 2921 1195 2991 invocationem
1216 2947 1235 2991 a
1260 2922 1472 2992 ludaeorum
1497 2936 1531 2993 et
1582 2921 1668 3008 Dei,
1706 2938 1740 2993 et
1769 2923 2030 2994 testificantium
2054 2923 2098 2990 de
2120 2916 2281 3003 Christo,
2314 2918 2570 2988 confirmantur

545 3025 745 3095 Turcarum
768 3022 1010 3106 invocatione,
1033 3024 1094 3114 qui
1117 3025 1255 3092 etiamsi
1279 3025 1402 3095 dicunt
1420 3049 1456 3092 se
1473 3025 1531 3093 in·
1582 3027 1783 3097 testimonia
1807 3040 1840 3096 et
1863 3023 2061 3110 miraculis,
2087 3017 2252 3093 Christus
2277 3020 2420 3109 agnovit
2443 3017 2566 3090 Simo-

545 3149 671 3197 vocare
685 3121 818 3208 Deum,
843 3137 960 3194 tamen
984 3123 1149 3198 reiiciunt
1173 3126 1303 3208 lilium,
1330 3150 1403 3194 nou
1427 3127 1530 3195 invo-
1582 3151 1663 3198 nem
1684 3141 1718 3198 et
1739 3123 1992 3198 Nathanaelem
2016 3141 2115 3195 antea
2136 3125 2297 3212 ignotos,
2340 3145 2420 3192 cum
2450 3136 2570 3192 tamen

544 3241 626 3298 cant
650 3220 746 3295 hunc
763 3222 898 3309 Deum,
924 3227 986 3318 qui
1009 3241 1060 3297 est
1084 3240 1184 3319 pater
1204 3225 1280 3298 lesu
1297 3222 1430 3298 Christi
1448 3252 1531 3297 cru·
1580 3254 1686 3301 nemo
1700 3231 1908 3307 indicasset,
1934 3229 2136 3320 quiessent.

544 3329 720 3418 cifixipro
743 3326 868 3411 nobis,
894 3339 928 3397 et
948 3328 1156 3400 resuscitati.
1207 3327 1346 3398 Deinde
1362 3342 1402 3399 ut
1417 3331 1455 3398 iu
1473 3330 1530 3397 in·
1683 3331 1826 3403 Simoni
1849 3331 2010 3402 attribuit
2033 3351 2166 3399 numen
2189 3319 2348 3416 Cephae,
2374 3325 2471 3418 quod
2496 3323 2574 3412 ipse

544 3429 730 3501 vocatione
753 3427 877 3499 existat
898 3428 1004 3513 tides,
1029 3433 1125 3522 quod
1141 3429 1237 3500 Deus
1258 3456 1339 3501 vere
1362 3432 1448 3503 velit
1464 3455 1529 3503 nos
1582 3444 1696 3505 textus
1714 3435 1968 3527 interpretatur
1984 3455 2111 3523 rupem
2135 3452 2196 3499 seu
2214 3426 2387 3519 lapidem:
2412 3427 2451 3497 id
2473 3426 2571 3496 enim

544 3531 712 3602 exaudire
735 3545 769 3601 et
790 3530 946 3621 recipere
971 3544 1115 3622 propter
1134 3534 1269 3615 filium,
1297 3527 1331 3606 et
1353 3537 1448 3627 quod
1473 3536 1531 3603 in·
1581 3533 1754 3623 significat
1769 3535 1905 3607 Graece
1926 3530 2065 3629 πέτρος.
2117 3532 2231 3625 quue
2253 3528 2466 3601 ludaeorum
2489 3552 2573 3599 ver-

545 3644 711 3703 vocantes
736 3636 822 3701 'vere
845 3632 933 3701 velit
955 3656 1076 3721 regere
1098 3649 1133 3705 ει
1154 3635 1369 3704 sanctificare
1391 3634 1529 3719 Spiritu
1581 3638 1708 3705 nacula
1724 3650 1798 3706 erat
1814 3633 1944 3729 Cepha.
1993 3634 2097 3705 Hanc
2119 3634 2293 3705 rationem
2318 3632 2571 3723 appellationis
2670 3700 2671 3705 ,

544 3746 677 3807 sancto.
736 3730 942 3803 lntueasnur
969 3755 1055 3823 ergo
1082 3734 1228 3819 animis,
1267 3760 1349 3805 cum
1378 3736 1530 3805 dicimus
1582 3738 1730 3825 legimus
1754 3735 1884 3813 Matth.
1905 3738 1961 3810 16.
1985 3736 2104 3807 vocari
2126 3758 2271 3826 rupem,
2310 3734 2428 3825 ipsum
2453 3745 2576 3803 totum

543 3836 785 3929 precationes,
818 3834 857 3903 in
888 3830 982 3905 hauc
1012 3836 1125 3926 ipsam
1155 3834 1338 3907 historiam
1364 3838 1530 3929 baptismi
1581 3839 1818 3911 ministerium
1836 3836 2044 3929 Evangelii,
2071 3840 2166 3931 quod
2189 3837 2349 3920 firmum,
2381 3834 2576 3904 immotum
2670 3854 2671 3863 ¹

543 3934 697 4021 Christi,
722 3937 822 4006 etde
844 3931 913 4006 hoc
929 3934 1007 4020 Deo
1029 3939 1237 4028 cogitemus,
1264 3940 1326 4033 qui
1344 3964 1381 4008 se
1396 3942 1529 4032 patefe-
1581 3963 1622 4011 ae
1642 3956 1851 4035 perpetuum
1873 3944 1960 4033 crit,
2003 3955 2038 4011 et
2066 3941 2271 4031 ubicunque
2293 3960 2360 4007 vox
2381 3932 2577 4025 Evangelii

544 4040 594 4110 cit
611 4034 927 4136 hacvocedcfilio
944 4040 1144 4110 tlemitons:
1170 4039 1239 4111 Hic
1257 4041 1530 4113 esttiliusmeus
1581 4058 1702 4128 sonat,
1736 4045 1789 4115 ibi
1811 4046 1880 4115 erit
1894 4041 2071 4128 Ecclesia,
2105 4065 2195 4136 quae
2218 4038 2431 4111 liberabitur
2452 4062 2577 4128 apec-
2670 4114 2671 4119 ἵ

544 4140 715 4225 dilectus,
740 4134 837 4209 hunc
853 4140 991 4227 audite,
1017 4154 1053 4213 et
1067 4137 1164 4212 hunc
1178 4157 1312 4233 patrem
1326 4139 1435 4215 huius
1449 4143 1530 4215 lesu
1582 4158 1659 4215 cato
1674 4160 1708 4217 et
1723 4158 1855 4231 morte,
1880 4169 1946 4216 nec
1963 4146 2122 4217 manebit
2136 4146 2175 4213 in
2190 4142 2341 4211 vinculis
2357 4142 2508 4232 peccati,
2536 4157 2579 4211 et
2670 4131 2671 4179 3

543 4236 678 4313 Christi
695 4241 915 4312 conditorem
932 4243 1092 4312 omnium
1108 4268 1228 4315 rerum
1244 4246 1468 4326 invocemus,
1496 4260 1530 4317 et
1582 4248 1772 4342 tyrannide
1804 4248 1950 4321 diaboli.
2014 4247 2097 4317 ldeo
2123 4246 2271 4316 dieitur:
2312 4240 2440 4313 Portae
2462 4242 2578 4312 inferi

545 4345 728 4414 credamus
742 4348 824 4412 eum
839 4345 1037 4435 propicium
1051 4346 1156 4415 nobis
1167 4370 1240 4417 esse
1251 4362 1395 4440 propter
1405 4349 1530 4435 lilium,
1581 4373 1655 4419 nou
1677 4351 1931 4441 praevalebunt
1950 4352 2116 4421 adversus
2131 4370 2218 4418 eam.
2256 4344 2330 4415 Nec
2342 4342 2483 4415 Tuscae
2505 4346 2578 4413 ‹le-

544 4460 579 4516 et
592 4459 771 4538 petamus,
796 4458 836 4514 ut
854 4468 918 4516 nus
932 4447 1123 4520 sanctificet
1135 4446 1276 4541 Spiritu
1290 4465 1411 4520 sancto
1427 4474 1503 4524 suo.
1582 4452 1708 4522 lebuut
1722 4452 1885 4524 funditus
1898 4449 2133 4543 Evangelium
2150 4464 2183 4520 et
2199 4444 2413 4531 Ecclesiam,
2438 4460 2472 4519 et
2486 4446 2576 4517 ubi·-

647 4543 721 4634 Qui
744 4540 812 4615 hoc
835 4549 942 4618 modo
958 4550 1170 4620 confirmant
1183 4574 1283 4621 suam
1300 4553 1404 4623 fidem
1420 4578 1462 4621 ex
1478 4566 1529 4623 te·
1581 4576 1722 4647 cunque
1740 4568 1793 4625 est
1807 4552 2060 4643 Evangelium,
2093 4552 2142 4624 ibi
2167 4551 2235 4619 erit
2261 4548 2382 4619 efficax
2401 4552 2578 4619 adversus

544 4646 714 4717 stimonio
729 4644 930 4739 Baptistae,
955 4649 1064 4743 idque
1083 4651 1123 4720 in
1144 4652 1369 4724 invocatione
1383 4654 1527 4725 intueu-
1581 4656 1787 4742 diabolum,
1812 4670 1845 4727 et
1860 4660 2042 4729 credentes
2064 4653 2313 4725 liberabuntur
2334 4672 2353 4719 ε
2371 4665 2512 4739 peccato
2534 4664 2577 4722 et

543 4763 622 4831 tur,
648 4742 689 4816 hi
713 4747 915 4841 intelligent
935 4772 1062 4841 magua
1084 4754 1129 4824 de
1150 4776 1254 4825 causa
1269 4751 1447 4826 Ecclesiae
1469 4781 1528 4827 ex·
1581 4773 1713 4839 morte,
1745 4774 1779 4830 et
1801 4774 1907 4833 erunt
1921 4757 2088 4833 haeredes
2110 4756 2202 4827 vitae
2222 4766 2396 4825 aeternae.
2447 4750 2576 4840 Quare

543 4846 697 4920 bibitum
723 4872 807 4926 esse.
872 4850 920 4923 Ut
941 4854 1027 4944 legis
1051 4878 1119 4925 vox
1142 4869 1194 4926 est
1217 4858 1458 4933 testimonium
1484 4859 1528 4927 de
1581 4860 1717 4933 etiamsi
1746 4862 1866 4957 aliqua
1890 4865 2047 4935 membra
2076 4854 2256 4929 Ecclesiae
2292 4853 2517 4924 trucidantur
2547 4880 2574 4925 a

541 4950 640 5037 Deo,
666 4964 701 5021 ει
722 4952 767 5023 de
787 4953 840 5022 ira
862 4952 931 5024 Dei
951 4957 1118 5033 adversus
1140 4971 1339 5049 peccatum:
1372 4962 1420 5029 ita
1442 4956 1528 5032 haec
1579 4960 1805 5035 Diocletiano
1832 4978 1867 5035 et
1886 4967 1965 5035 aliis
1990 4959 2168 5061 tyrannis,
2192 4972 2256 5029 eta
2274 4954 2420 5037 Tuscis,
2445 4967 2571 5025 tamen

541 5052 712 5125 revelatio
739 5066 792 5125 est
812 5055 1054 5129 testimouium
1078 5060 1122 5128 de
1145 5058 1223 5130 Deo
1247 5076 1364 5151 patre,
1395 5063 1470 5131 lilio
1495 5077 1528 5133 et
1580 5064 1810 5147 reviviscent,
1837 5080 1871 5138 et
1895 5067 2198 5157 glorificabuntur
2249 5056 2323 5130 Nec
2348 5068 2460 5127 totum
2484 5078 2571 5125 cor-

542 5151 680 5245 Spiritu
693 5166 826 5241 saneto,
851 5171 885 5227 et
900 5159 946 5227 de
958 5161 1200 5232 misericordia
1214 5176 1250 5234 ει
1263 5165 1309 5232 de
1322 5165 1528 5239 salvatione.
1579 5190 1646 5257 pus
1663 5160 1839 5239 Ecclesiae
1854 5169 1893 5238 in
1910 5167 1976 5239 hac
1991 5170 2063 5241 vita
2079 5162 2191 5262 deleri
2208 5173 2331 5253 potest.
2382 5154 2484 5225 Hauc
2498 5156 2569 5225 do-

1579 5268 1729 5338 ctrinam
1756 5293 1937 5341 sumamus
1961 5297 2003 5340 ex
2028 5258 2201 5339 vocabulo
2221 5262 2317 5334 Petri
2337 5283 2396 5331 seu
2413 5251 2570 5348 Cephae,
2670 5304 2671 5327 t

1579 5374 1676 5462 quod
1693 5394 1815 5463 rupem
1832 5374 2016 5461 siguificat.
2066 5368 2163 5441 Haec
2178 5364 2355 5437 enarratio
2373 5360 2496 5433 utilior
2511 5377 2568 5433 est

640 5458 822 5555 Repetitio
854 5480 907 5537 est
935 5464 1129 5558 superioris
1152 5468 1333 5539 concionis
1356 5467 1400 5539 de
1422 5494 1527 5559 agno,
1580 5471 1667 5559 piis,
1715 5498 1821 5565 quam
1854 5475 2047 5567 disputatio
2082 5476 2126 5543 de
2151 5467 2322 5556 dignitate
2349 5478 2389 5535 et·
2409 5461 2566 5553 primatu

542 5573 576 5630 et
602 5561 800 5651 allegantur
826 5582 948 5648 testes,
983 5568 1047 5661 qui
1067 5562 1160 5661 hanc
1183 5570 1295 5661 ipsam
1318 5573 1524 5641 concionem
1577 5570 1734 5644 Romani
1753 5574 1953 5663 Pontificis,
1979 5600 2085 5670 qnam
2111 5570 2169 5643 hic
2189 5578 2356 5644 assuunt,
2383 5588 2463 5634 ⁶11¹ss
2488 5566 2565 5654 Ριῖ-

498 5693 501 5699 >
539 5663 764 5738 audiverunt.
817 5668 915 5739 Haec
944 5670 1107 5761 repetitio
1135 5685 1169 5743 et
1191 5672 1354 5762 allegatio
1381 5675 1523 5745 testium
1578 5689 1693 5745 matus
1708 5676 1770 5745 ille
1785 5680 1967 5753 manifeste
1985 5673 2186 5768 prohibitus
2200 5671 2264 5747 sit,
2290 5660 2503 5745 Μιῑῑῑιιῖθη
2524 5664 2565 5737 ¹el

539 5763 970 5851 confirmantEcclesiam,
995 5784 1035 5841 ut
1049 5773 1401 5856 certiusstatuamus,
1427 5771 1524 5845 hunc
1578 5800 1672 5845 num
1689 5791 1825 5851 tantum
1849 5782 1894 5851 sit
1910 5782 2092 5853 barbarica
2109 5772 2287 5869 tyrannis,
2321 5768 2509 5837 idolatriae
2529 5781 2565 5837 et

538 5861 654 5937 Iesum
687 5880 811 5939 natum
833 5897 874 5943 ex
898 5871 1015 5943 Maria
1047 5896 1120 5945 esse
1140 5873 1319 5952 Messiam.
1376 5874 1522 5950 Caetera
1575 5879 1740 5951 saevitiae
1762 5882 1885 5975 plena:
1929 5886 1990 5953 sed
2013 5877 2204 5973 disputatio
2226 5876 2269 5943 de
2292 5868 2446 5962 primatu
2474 5867 2562 5939 alias

1815 1253 1916 1327 Erat
1944 1251 2114 1326 Andreas
2142 1249 2321 1326 Simonis.

650 5318 728 5396 Dis
750 5323 913 5398 crastino
937 5325 1067 5399 iterum
1090 5328 1218 5402 stabat
1241 5326 1416 5405 Ioannes.
