5825 6950
557 713 636 792 aaa
689 643 692 646 ⁷
958 714 962 721 ’
1154 699 1279 774 rura
1306 697 1423 780 nau
1449 700 1662 780 sentam
1687 699 1989 819 axaoarrca
2511 709 2575 786 au

566 896 731 967 mus,.ut
752 881 823 951 iam
840 868 1153 950 Deoobedia'mus.
1204 870 1298 945 Sunt
1320 887 1437 944 autem
1462 877 1553 946 duae
1610 883 1839 970 legemerant
1860 875 2017 946 eshcaces
2041 876 2079 946 in
2103 877 2273 948 membris
2295 877 2446 962 nostris,
2468 878 2503 948 id
2524 898 2577 963 est,

567 1002 686 1087 partes
708 981 920 1054 collationis.
964 976 1069 1049 Prior
1097 980 1200 1048 docet
1223 976 1337 1069 qualis
1360 990 1487 1048 natura
1510 979 1556 1052 sit
1606 981 1782 1054 dubitatio
1806 993 1840 1050 et
1863 979 2062 1066 indignatio
2096 981 2264 1051 adversus
2280 978 2397 1052 Deum
2431 995 2580 1060 avertunt

571 1092 728 1166 subiecta
745 1085 827 1175 legi.
878 1081 1062 1153 Posterior
1078 1101 1159 1171 pars
1176 1078 1381 1150 collationis
1395 1080 1558 1176 loquitur
1608 1109 1670 1179 cor
1684 1106 1705 1155 a
1722 1083 1818 1172 Deo,
1847 1077 2039 1172 prohibent
2055 1081 2317 1154 invocationem
2336 1091 2403 1154 etc.

572 1198 736 1267 decanea
756 1187 875 1271 finali,
901 1184 1033 1254 scilicet
1056 1184 1099 1251 de
1115 1203 1207 1258 nove
1225 1183 1438 1256 obedientia.
1710 1183 1873 1256 Primum
1889 1184 1985 1253 enim
2002 1185 2062 1253 illa
2081 1187 2205 1276 ingens
2222 1185 2422 1265 dubitatio,
2449 1185 2582 1277 quaein

676 1291 781 1365 Prior
804 1311 885 1381 pars
907 1283 994 1358 haec
1013 1296 1076 1365 est,
1101 1282 1177 1354 Lex
1195 1286 1348 1375 pertinet
1364 1289 1409 1357 ad
1433 1284 1559 1354 viven-
1611 1285 1772 1361 omnium
1797 1282 1983 1357 hominum
2007 1287 2136 1358 animis
2159 1283 2298 1375 haeret,
2331 1300 2426 1358 certe
2447 1300 2498 1357 est
2519 1287 2585 1356 elli·

574 1413 646 1470 tem
679 1393 857 1465 carnalem
889 1402 1065 1459 naturam.
1127 1383 1200 1455 Vos
1232 1389 1447 1460 antemium
1477 1389 1560 1458 estis
1612 1415 1675 1463 cax
1690 1391 1730 1458 in
1745 1389 1932 1470 membris,
1960 1389 2042 1483 quia
2060 1403 2205 1482 propter
2223 1391 2321 1460 illam
2339 1387 2585 1460 dubitationem

518 1543 524 1560 ,
577 1495 800 1575 mortificati,
822 1492 954 1562 scilicet
970 1488 1000 1557 si
1018 1509 1100 1556 vere
1124 1489 1208 1559 estis
1229 1490 1269 1560 in
1284 1487 1441 1567 Christo.
1492 1487 1562 1560 Er·
1613 1509 1725 1566 ruunt
1739 1487 1902 1561 homines
1924 1507 2046 1562 eontra
2073 1493 2291 1565 voluntatem
2308 1489 2398 1577 Dei,
2422 1504 2480 1576 ut,
2511 1491 2585 1584 quia

579 1625 624 1694 go
642 1600 698 1670 lex
712 1621 785 1667 non
808 1607 965 1676 accusat,
989 1614 1064 1660 non
1089 1593 1299 1665 condemnat
1310 1590 1392 1664 ros.
1444 1590 1563 1664 Maio·
1615 1619 1689 1668 non
1711 1593 1894 1665 confidunt
1909 1590 1984 1664 Deo
1991 1645 2003 1679 ,
2031 1595 2143 1665 multa
2170 1595 2306 1665 faciunt
2330 1605 2428 1664 metu
2451 1606 2486 1664 et
2504 1593 2586 1661 utta.

580 1727 656 1775 reru
684 1699 810 1793 probat
837 1694 1092 1778 similitudine,
1122 1692 1223 1765 Sicut
1250 1695 1380 1766 mulier
1408 1695 1564 1766 subiecta
1615 1696 1736 1770 tenda
1751 1710 1875 1768 contra
1889 1697 2109 1766 voluntatem
2125 1691 2213 1783 Dei,
2239 1697 2275 1766 in
2294 1694 2506 1791 quaerendis
2520 1695 2587 1786 opi·

583 1817 635 1876 est
649 1801 776 1872 marito
791 1799 979 1888 tantisper,
1005 1800 1120 1866 donec
1133 1797 1223 1866 vivit
1250 1799 1419 1886 maritus,
1445 1798 1494 1868 ita
1510 1797 1566 1867 lex
1616 1804 1705 1888 bus,
1729 1798 1871 1870 auxiliis
1887 1809 1953 1868 ete.
2003 1798 2106 1870 Hane
2128 1813 2245 1870 autem
2261 1799 2521 1870 dubitationem
2536 1816 2587 1866 seu

522 1902 527 1910 ’
583 1903 828 1978 dominabitur
840 1899 1054 1971 viventibus.
1618 1901 1852 1976 diffidentiam
1876 1913 1979 1990 auget
2003 1901 2077 1980 lex,
2113 1925 2203 1996 quae
2228 1903 2311 1995 quia
2336 1923 2476 1993 semper
2498 1921 2588 1968 accu-

688 2005 867 2078 Posterior
881 2001 1021 2072 collatio
1037 1999 1118 2073 talis
1133 2014 1197 2092 est,
1217 1999 1316 2073 Sicut
1334 2016 1476 2075 mortuo
1491 2023 1568 2071 ma·
1618 2018 1690 2091 sat,
1715 2004 1807 2075 lacit
1834 2017 1873 2074 ut
1903 2005 2010 2074 corda
2038 2004 2111 2075 sim
2136 2027 2258 2076 aversa
2288 2029 2309 2074 a
2329 2000 2428 2084 Deo,
2466 2001 2589 2092 fugiant

585 2110 656 2182 rito
672 2107 803 2177 mulier
826 2117 935 2196 nupta
954 2102 1074 2187 alteri,
1100 2105 1206 2175 debet
1228 2106 1260 2175 ei
1283 2101 1493 2190 adhaerere,
1519 2105 1569 2175 ita
1619 2106 1756 2192 Deum,
1783 2127 1859 2176 non
1885 2106 2071 2193 invocent,
2102 2130 2179 2176 uon
2208 2108 2410 2191 confidant,
2442 2127 2513 2175 non
2539 2127 2588 2172 ex·

586 2235 654 2283 nos
679 2209 819 2292 liberati
844 2232 864 2277 a
888 2208 1007 2300 priore
1029 2208 1217 2293 servitute,
1247 2209 1330 2279 facti
1353 2208 1423 2277 iam
1449 2228 1570 2278 sumus
1621 2205 1883 2303 pectentaDeo
1899 2208 2083 2283 auxilium.
2135 2206 2254 2282 Multo
2277 2209 2390 2298 magis
2408 2203 2589 2288 haecfiunt,

590 2313 813 2396 liberatoris,
844 2307 938 2400 Ergo
963 2307 996 2379 ei
1018 2304 1211 2378 adhaerere
1235 2323 1270 2380 et
1297 2313 1441 2381 obedire
1465 2310 1572 2380 debe·
1622 2326 1656 2384 et
1672 2311 1783 2402 magis
1803 2309 2071 2402 conspiciuntur
2083 2310 2123 2380 in
2138 2310 2224 2402 ipsis
2234 2312 2434 2384 terroribus
2450 2323 2482 2379 et
2495 2329 2590 2396 agone

589 2439 682 2490 urus.
733 2413 830 2485 Haec
852 2427 903 2484 est
924 2410 1073 2503 simplex
1095 2424 1130 2483 et
1146 2436 1220 2484 non
1244 2415 1410 2506 perplexa
1433 2435 1573 2485 accom-
1623 2412 1875 2486 conscientiae:
1902 2429 1942 2486 ut
1970 2411 2008 2482 in
2034 2409 2121 2484 Saul
2142 2427 2294 2484 terrores
2318 2411 2459 2484 excitati
2475 2433 2531 2504 per
2547 2409 2589 2477 le·

590 2518 764 2593 modatio.
1624 2539 1723 2607 gem,
1758 2517 1916 2607 prolecto
1945 2529 2045 2586 erant
2076 2516 2231 2587 efficaces
2261 2516 2301 2585 in
2332 2517 2410 2586 eius
2432 2511 2590 2592 membris,

694 2618 800 2691 Prior
815 2628 932 2686 autem
947 2639 1027 2706 pars
1043 2615 1224 2706 significat,
1237 2618 1484 2689 liberationem
1500 2637 1576 2686 non
1626 2620 1811 2710 pariebant
1843 2617 2127 2707 indignationem
2163 2634 2198 2691 et
2226 2617 2410 2696 fremitum
2443 2617 2589 2685 adversus

594 2717 829 2820 esse[tantum
852 2719 1164 2812 imaginationem,
1185 2723 1245 2790 sed
1268 2721 1345 2791 fieri
1368 2721 1575 2791 mortificata
1625 2720 1762 2807 Deum,
1791 2721 2075 2813 desperationem
2107 2734 2142 2792 et
2165 2736 2337 2808 mortem,
2373 2714 2587 2814 prohibebant

595 2824 707 2897 veteri
734 2836 879 2900 natura,
905 2844 995 2914 quae
1018 2822 1118 2912 prius
1139 2836 1214 2893 erat
1237 2825 1303 2893 sub
1326 2824 1413 2914 lege.
1471 2821 1577 2894 Nune
1627 2824 1900 2897 invocationem.
2220 2905 2227 2921 .

596 2927 706 3018 igitur
722 2951 801 2996 curn
819 2922 887 2993 alia
908 2923 954 2992 sit
977 2937 1122 3009 natura,
1149 2949 1223 2994 non
1245 2929 1396 3016 pertinet
1420 2927 1465 2997 ad
1488 2921 1579 2996 hauc
1729 2924 1795 2998 Est
1810 2942 1926 2996 autem
1943 2921 2003 2996 hic
2024 2925 2123 2995 locus
2144 2924 2336 3016 diligenter
2358 2921 2593 3000 observandus,

597 3031 653 3101 ius
670 3027 776 3117 legis,
800 3027 890 3096 sicut
912 3025 954 3094 ad
986 3041 1158 3112 veterem,
1183 3030 1243 3098 sed
1270 3043 1443 3122 quatenus
1465 3027 1580 3100 credi·
1628 3042 1669 3103 ut
1698 3029 1875 3100 discamus
1899 3028 1999 3098 illam
2029 3027 2289 3098 dubitationem
2324 3049 2400 3096 esse
2427 3035 2595 3118 peccatum,

597 3154 696 3218 mus,
729 3131 784 3199 lex
808 3151 881 3197 non
901 3142 1041 3199 accusat
1064 3151 1130 3198 nec
1150 3131 1295 3204 damnat
1320 3154 1396 3202 nos.
1455 3127 1580 3202 Altera
1629 3149 1670 3207 ut
1691 3153 1928 3226 repugnemus
1963 3143 1998 3203 et
2028 3130 2203 3218 erigamus
2233 3153 2299 3201 nos
2329 3125 2535 3218 Evangelio,
2568 3133 2593 3189 et

598 3258 679 3329 pars
695 3231 868 3302 illustrior
883 3242 953 3310 est,
979 3229 1113 3302 scilicet
1135 3253 1225 3326 quae
1244 3234 1582 3328 loquiturdecausa
1631 3237 1783 3308 sciamus
1804 3255 1877 3302 esse
1905 3233 2040 3302 cultum
2064 3229 2133 3302 Dei
2159 3233 2198 3300 in
2227 3232 2300 3301 illis
2333 3231 2523 3304 terroribus
2550 3245 2594 3292 re·

597 3337 717 3421 finali,
743 3333 841 3404 Facti
860 3355 983 3403 sumus
998 3333 1217 3423 liberatoris,
1233 3332 1328 3428 Ergo
1344 3337 1377 3408 ei
1391 3333 1584 3412 adhaerea-
1632 3359 1790 3434 pugnare
1805 3334 2018 3406 dubitationi
2041 3345 2073 3402 et
2092 3334 2325 3408 diffidentiae.
2377 3329 2453 3405 Sed'
2463 3327 2594 3399 maxima

598 3462 679 3510 mus
696 3452 731 3510 cl
746 3435 967 3512 oheditmus·
1632 3463 1715 3537 pars
1738 3435 1925 3510 hominum
1948 3436 2037 3509 vivit
2057 3435 2096 3505 in
2122 3436 2182 3507 illa
2201 3447 2372 3529 perpetua
2397 3429 2595 3506 dubitatione

1635 3558 1669 3617 et
1690 3542 1906 3625 diffidentia,
1940 3563 2004 3611 nec
2027 3539 2169 3609 invocat
2187 3538 2325 3624 Deum,
2344 3562 2410 3609 nec
2424 3536 2522 3629 petit,
2545 3550 2596 3597 nec

1636 3657 1794 3739 expectat
1817 3642 2006 3739 quicquain
2028 3664 2047 3711 a
2068 3639 2156 3713 Deo.
2209 3640 2307 3711 Haec
2332 3664 2456 3711 arcana
2478 3643 2597 3729 peccata

703 3741 917 3828 Conclusio,
950 3744 990 3813 in
1011 3740 1240 3837 quaPaulus
1261 3752 1504 3822 accommodat
1526 3772 1585 3821 su·
1635 3774 1711 3820 non
1727 3758 1878 3818 cernunt
1894 3741 2068 3819 homines.
2119 3742 2189 3815 Sed
2205 3742 2404 3816 Christiani
2430 3766 2466 3811 ea
2482 3731 2597 3807 intelli·

602 3848 780 3945 perioreru
811 3846 1082 3919 similitudinem
1111 3847 1150 3918 in
1179 3846 1272 3921 hanc
1302 3851 1414 3941 ipsam
1445 3867 1588 3925 senten·
1635 3876 1717 3945 gere
1747 3850 1895 3933 debent,
1927 3861 1967 3918 ut
1998 3848 2134 3917 discant
2164 3870 2363 3937 repugnare
2395 3836 2598 3915 diffidentiae,

604 3954 712 4036 tiam,
743 3950 834 4021 sicut
868 3950 1160 4025 accommodavit.
1226 3950 1365 4024 Mortui
1394 3956 1479 4026 estis
1507 3955 1588 4046 legi,
1636 3969 1672 4026 et
1687 3952 1862 4025 consolari
1883 3972 1920 4021 se
1944 3974 2029 4020 voce
2044 3945 2249 4041 Evangelii,
2276 3963 2316 4020 ut
2344 3946 2537 4041 concipiant
2550 3958 2598 4005 vc·

604 4074 814 4148 percorpus
835 4046 989 4133 Christi,
1023 4053 1154 4138 idest,
1186 4052 1330 4125 liberati
1351 4058 1433 4127 estis
1456 4080 1476 4127 a
1501 4059 1590 4149 lege,
1636 4056 1843 4129 ramfidem.
2378 4114 2382 4119 .
2577 4130 2582 4145 Ι

606 4158 644 4227 id
667 4166 738 4233 est,
764 4176 808 4223 ne
831 4154 995 4234 damnet,
1021 4177 1067 4223 ne
1092 4170 1231 4227 accuset
1252 4181 1315 4227 vos
1336 4159 1410 4243 lex,
1435 4158 1483 4232 Et
1506 4159 1589 4255 qui·
1738 4157 1871 4227 Paulus
1905 4175 1990 4224 usus
2028 4164 2079 4223 est
2116 4153 2310 4223 admodum
2342 4144 2597 4244 significantibus

607 4260 689 4329 dem
707 4255 847 4326 liberati
874 4256 956 4325 estis
970 4280 1033 4349 per
1050 4280 1178 4351 corpus
1193 4254 1350 4347 Christi,
1376 4260 1411 4330 id
1430 4276 1500 4344 est,
1525 4286 1589 4354 per
1637 4261 1771 4344 verbis,
1797 4282 1876 4327 curn
1894 4256 2055 4327 nominat
2071 4254 2231 4339 affectus,
2258 4268 2292 4326 et
2308 4256 2438 4325 diserte
2454 4252 2533 4322 dicit
2550 4262 2598 4314 aot

606 4358 788 4431 victimam
804 4352 1006 4444 Christum,
1031 4360 1095 4453 qui
1117 4362 1301 4452 pronubis
1323 4362 1488 4435 satisfecit
1508 4364 1590 4456 legi,
1638 4387 1702 4456 per
1732 4362 1843 4449 legem
1875 4358 2039 4443 excitari,
2077 4369 2112 4427 et
2142 4356 2260 4443 addit,
2298 4358 2452 4428 efficaces
2479 4372 2545 4422 esse
2569 4346 2598 4412 in

607 4476 641 4535 et
663 4459 807 4532 sustulit
827 4461 1159 4532 condemnationem
1183 4476 1217 4533 et
1230 4480 1408 4536 aeternam
1426 4484 1589 4543 mortem.
1639 4464 1820 4537 membris.
1876 4458 1954 4531 Hae
1980 4472 2064 4533 sunt
2093 4460 2286 4530 admodum
2313 4460 2467 4530 illustres
2488 4446 2599 4524 descri-

606 4562 793 4636 Praeterea
811 4576 956 4655 propter
970 4577 1120 4636 mortem
1135 4559 1270 4637 Christi
1287 4567 1506 4642 instauratur
1526 4594 1591 4640 na·
1640 4568 1791 4661 ptiones.
1832 4561 1933 4634 Sicut
1948 4563 1985 4632 in
2004 4562 2111 4635 Saule
2127 4563 2307 4649 videmus,
2335 4584 2439 4657 quam
2455 4558 2498 4628 sit
2512 4546 2599 4621 vabe-

607 4681 707 4747 lura,
742 4666 832 4737 sicul
861 4688 967 4757 supra
1004 4666 1094 4739 dixi:
1136 4666 1345 4762 Consepulti
1376 4694 1498 4744 sumus
1528 4696 1592 4769 per
1640 4693 1743 4741 mens
1765 4666 1981 4755 indignatio,
2005 4690 2111 4757 quam
2128 4666 2200 4734 sint
2214 4667 2379 4736 ardentes
2394 4678 2523 4741 motus,
2560 4650 2599 4721 sit

606 4769 822 4861 baptismum
837 4766 876 4835 in
890 4781 1061 4856 mortem,
1086 4784 1151 4842 etc.
1642 4774 1680 4843 in
1703 4770 1852 4863 singulis
1881 4764 2086 4839 homiuibus
2113 4766 2290 4838 dubitatio
2323 4765 2450 4839 avertit
2472 4758 2598 4831 cordat

1642 4875 1738 4960 Deo,
1764 4887 1799 4944 et
1821 4883 1917 4941 tenet
1939 4870 2087 4960 captiva.
2140 4868 2240 4939 Haec
2260 4894 2334 4940 non
2358 4870 2520 4939 dicuntur
2538 4855 2601 4925 vul·-

1643 4977 1718 5071 gari
1745 4973 1876 5045 iudicio
1900 4996 1919 5041 a
1942 4970 2075 5054 Paulo,
2100 4975 2159 5043 sed
2177 4972 2422 5065 spiritualibus
2435 4963 2538 5038 oculis
2556 4960 2601 5025 in·

710 5064 845 5141 Attexit
863 5070 1085 5143 conclusioni
1101 5071 1315 5166 antithesin,
1341 5094 1382 5153 ut
1398 5080 1516 5153 obiter
1531 5082 1594 5152 de-
1643 5092 1765 5153 tuetur
1777 5075 1911 5147 Paulus
1926 5072 2164 5165 captivitatem
2188 5076 2348 5145 cordium
2372 5068 2599 5141 bumanorum,

610 5170 756 5243 scribat:
784 5171 910 5263 Qualis
924 5173 1033 5246 fuerit
1055 5177 1154 5269 prior
1176 5181 1327 5254 servitus
1342 5185 1408 5255 snb
1437 5184 1533 5275 lege,
1559 5196 1595 5257 et
1643 5196 1679 5254 et
1708 5200 1872 5251 arcanam
1899 5176 2134 5248 diffidentiam
2161 5188 2197 5247 et
2227 5175 2498 5255 dubitationem,
2527 5180 2600 5257 quat

610 5285 772 5361 econtra,
797 5276 912 5368 qualis
932 5299 989 5348 res
1013 5277 1058 5350 sit
1080 5279 1142 5351 illa
1167 5284 1326 5368 novitas,
1353 5310 1444 5380 quae
1467 5286 1595 5373 existit,
1643 5298 1762 5379 postea
1778 5280 1917 5350 inlinita
1935 5293 2072 5370 peccata
2089 5280 2193 5370 parit.
2593 5361 2599 5375 .

611 5399 690 5445 cum
714 5398 836 5448 sumus
858 5379 1000 5453 liberati
1020 5403 1041 5450 a
1062 5382 1150 5473 lege.
1209 5384 1327 5472 Talis,
1352 5390 1487 5483 inquit,
1520 5400 1595 5459 erat
1745 5380 1882 5455 Eodem
1902 5381 2054 5474 pertinet
2076 5382 2170 5475 quod
2189 5394 2307 5473 postea
2329 5377 2459 5472 inquit:
2485 5368 2600 5443 Morltss

611 5480 781 5563 servitus,
819 5493 861 5551 ut
891 5481 947 5551 lex
968 5482 1074 5554 etiam
1092 5499 1236 5576 augeret
1253 5502 1447 5582 peccaturo.
1499 5488 1593 5581 Quia
1643 5488 1731 5580 legi,
1758 5510 1826 5581 qua
1852 5485 1980 5576 captivi
2001 5486 2223 5557 tenebamur.
2255 5482 2433 5572 Significat
2453 5474 2538 5546 enim
2563 5464 2599 5530 il·

609 5603 690 5649 cum
713 5596 907 5654 accusatet
928 5588 1188 5676 perterrefacit,
1221 5592 1426 5664 incenditur
1449 5594 1594 5665 dubita-
1643 5592 1714 5660 lam
1745 5586 2005 5680 captivitatem,
2047 5612 2116 5681 qua
2143 5588 2247 5657 corda
2278 5581 2431 5653 humana
2458 5584 2597 5667 oppressa

608 5680 679 5767 tio,
705 5685 916 5779 etsequitur
939 5687 1135 5778 indignatio
1157 5692 1454 5766 adversuslleum
1480 5698 1595 5768 etde·
1644 5691 1884 5775 dubitatione,
1918 5688 2135 5781 diffidentia,
2175 5688 2385 5779 pavoribus,
2416 5682 2597 5751 avertuntur

608 5784 773 5874 speratio.
822 5782 877 5856 De
893 5782 1100 5861 huiusmodi
1122 5798 1272 5883 peccatis
1292 5799 1436 5891 proprie
1459 5794 1518 5868 hic
1538 5798 1594 5868 lo-
1643 5792 1783 5875 aDeo,
1821 5792 1963 5882 fugiunt
1990 5788 2124 5871 Deum,
2157 5811 2224 5860 nec
2252 5798 2398 5883 possunt
2420 5804 2495 5853 vere
2514 5776 2596 5841 inm·

608 5885 750 5979 (luilurs
771 5912 851 5959 cum
868 5888 934 5962 ait:
960 5887 1119 5967 Affectus
1135 5912 1357 5990 peccatorum
1373 5900 1513 5975 excitati
1529 5922 1594 5995 per
1623 5917 1625 5928 ¹
1644 5920 1743 5987 care,
1768 5920 1833 5968 nec
1849 5906 2009 5968 statuunt
2027 5892 2262 5986 sibiiguosci.
2311 5888 2379 5964 Sed
2403 5880 2533 5981 quando
2545 5892 2596 5941 au·

650 3603 803 3683 Mortui
824 3603 912 3677 estis
925 3602 1022 3701 legi,
1044 3629 1110 3706 per
1134 3631 1263 3706 corpus
1279 3600 1445 3701 Christi,
1470 3622 1534 3690 eta.

762 4923 857 5006 Cum
874 4933 971 5008 enim
994 4960 1152 5014 essemus
1171 4939 1212 5013 in
1229 4963 1358 5034 carne,
1384 4951 1447 5017 etc.
