5825 6950
574 723 649 799 908
1179 710 1309 791 rtttt.
1332 710 1451 795 MEL.
1478 712 1690 792 SCRIPTA
1717 710 2020 795 exuemus.
2504 722 2557 798 tut

577 896 694 993 putari
722 894 896 969 iusticiam
927 893 1154 967 credentibus
1179 893 1217 963 in
1243 882 1497 979 mediatorem,
1531 906 1567 965 et
1619 886 1789 963 horribili
1805 890 1949 962 fremitu
1965 887 2235 979 eum'oderunt‚
2255 905 2295 965 et·
2312 890 2559 966 contumeliisat·

579 1022 803 1071 communem
832 998 1031 1069 doctrinam
1054 1020 1149 1083 esse,
1188 1010 1223 1067 et
1245 998 1288 1067 ad
1313 1011 1423 1069 totam
1447 995 1570 1067 Eccle-
1617 994 1763 1076 ficiunt,
1788 996 1884 1087 qnod
1904 996 1949 1063 sit
1966 994 2165 1091 inaequalis
2186 996 2481 1091 moretyrannico.
2510 996 2562 1068 Da-

579 1106 667 1173 siam
688 1103 876 1193 pertinere.
930 1098 1004 1170 lam
1022 1098 1215 1193 particulae
1231 1100 1504 1171 considerentur
1524 1101 1571 1169 de
1618 1098 1678 1167 vid
1703 1119 1807 1183 vero,
1836 1090 2030 1183 Ezechias,
2061 1096 2212 1183 Daniel,
2247 1096 2366 1168 etalii
2389 1098 2563 1169 sanctisere

583 1218 709 1276 natura
734 1205 832 1273 fidei:
860 1200 1023 1275 Credidit
1045 1216 1168 1273 contra
1190 1226 1287 1295 spem
1314 1201 1352 1272 in
1372 1225 1494 1299 spem,
1531 1202 1570 1271 id
1619 1201 1784 1271 tribuunt
1811 1198 1961 1290 gloriam
1985 1198 2082 1285 Deo,
2116 1202 2214 1271 iusta
2244 1200 2343 1270 illam
2371 1200 2563 1292 copulativam

583 1322 659 1393 est,
691 1322 816 1377 contra
842 1308 977 1376 obiecta
994 1307 1091 1398 spei,
1119 1318 1263 1397 propter
1280 1330 1370 1399 quae
1393 1305 1487 1376 ratio
1506 1304 1570 1375 de·
1619 1326 1725 1397 supra
1741 1302 1933 1373 recitatam.
1985 1301 2068 1374 Non
2084 1303 2376 1389 solum—latentur
2390 1324 2458 1373 esse
2472 1298 2566 1385 Deum,

583 1424 716 1502 sperat,
760 1408 906 1479 innixus
929 1420 978 1477 est
1000 1409 1139 1478 obiecto
1165 1407 1337 1478 invisibili
1366 1408 1441 1480 Deo
1467 1431 1572 1478 mon·
1621 1420 1656 1477 et
1678 1405 1901 1475 conditorem
1924 1426 1965 1473 ac
1985 1404 2183 1490 vindicem,
2207 1408 2267 1475 sed
2292 1405 2396 1477 etism
2413 1424 2566 1494 agnoscunt

584 1526 693 1583 strato
712 1514 749 1581 in
769 1513 1021 1603 promissione,
1046 1512 1136 1581 sicut
1154 1512 1239 1581 lides
1262 1526 1313 1583 est
1328 1508 1475 1609 ἔλεγχος
1497 1534 1571 1580 non
1621 1524 1655 1581 et
1669 1508 1828 1579 fatentur
1840 1508 1977 1576 bonum
1996 1520 2030 1577 et
2045 1508 2310 1579 misericordem
2324 1508 2567 1599 esse,'recipien·

583 1616 842 1708 adpetentium.
895 1613 1028 1683 Moises
1052 1615 1183 1699 credit,
1215 1637 1251 1682 se
1276 1637 1465 1685 evasurum
1488 1636 1572 1692 esse,
1622 1624 1712 1695 tem,
1737 1610 1983 1679 exaudientem
2000 1623 2035 1679 et
2053 1612 2247 1681 salvantem
2266 1610 2463 1681 invocantes
2483 1611 2567 1701 ipson

585 1742 787 1811 quanquam
812 1713 925 1786 hostis
947 1718 1055 1785 instat
1079 1728 1112 1786 et
1135 1716 1346 1788 interclusus
1370 1731 1421 1788 est
1440 1716 1574 1786 monti·
1623 1726 1766 1806 propter
1790 1712 1916 1786 lilium.
1986 1710 2057 1784 Ubi
2085 1710 2171 1783 haec
2201 1714 2289 1784 fides
2313 1714 2406 1784 lucet
2429 1712 2464 1781 in
2485 1715 2569 1793 corde,

583 1822 652 1889 bus
675 1833 710 1889 et
733 1821 833 1888 mari.
887 1816 1045 1909 Baptista
1069 1820 1181 1889 credit
1209 1842 1245 1887 εε
1278 1820 1455 1888 victurum
1487 1841 1575 1903 esse,
1625 1840 1707 1886 vere
1732 1816 1905 1885 tribuitur
1929 1812 2007 1885 Deo
2029 1815 2160 1905 gloria,
2192 1830 2228 1888 et
2251 1818 2403 1887 sentitur
2415 1816 2486 1884 eius
2499 1838 2569 1904 prae·

461 1958 465 1965 ·
585 1922 722 1993 etiamsi
746 1922 968 1993 interficitur.
1021 1918 1163 2015 Ubique
1180 1944 1327 2011 magnae
1349 1936 1431 1992 sunt
1446 1922 1574 1991 conlu-
1624 1918 1758 2006 sentia‚
1794 1931 1828 1988 et
1856 1930 2074 1989 sustentatur
2104 1940 2166 1987 cor
2186 1919 2316 1989 lidocia
2339 1916 2459 1989 anxilii
2478 1918 2569 1985 divini.

585 2026 702 2093 siones
719 2024 857 2114 generis
875 2019 1034 2106 humani,
1049 2035 1083 2092 ει
1098 2024 1249 2095 multum
1267 2023 1449 2109 vitiorum,
1465 2046 1575 2118 quae·
1625 2020 1696 2092 Ubi
1713 2044 1797 2089 vero
1815 2017 1900 2089 haec
1918 2020 2004 2089 tides
2022 2044 2095 2089 non
2113 2020 2204 2091 lucet
2221 2022 2258 2090 in
2276 2024 2402 2115 corde,
2428 2016 2570 2087 homornt

585 2128 697 2197 rimus
721 2126 848 2215 igitur:
876 2125 934 2195 An
953 2127 997 2195 sit
1018 2137 1051 2194 et
1068 2126 1129 2193 nbi
1152 2126 1195 2197 sit
1216 2124 1400 2196 Ecclesia?
1425 2130 1486 2195 sed
1505 2126 1575 2194 fide
1625 2145 1770 2193 securus
1791 2137 1842 2192 est
1864 2146 1965 2191 more
1979 2120 2178 2213 Epicureo,
2211 2125 2267 2193 vel
2288 2124 2500 2205 academico,
2522 2122 2571 2210 ple·

586 2232 814 2299 statuendum
838 2241 907 2313 est,
940 2240 974 2297 et
1000 2250 1073 2297 esse
1096 2230 1252 2321 aliquam
1278 2226 1344 2297 Dei
1371 2225 1578 2312 Ecclesiam,
1626 2250 1694 2296 ners
1709 2226 1993 2308 dubitationum,
2021 2238 2055 2295 et
2080 2249 2152 2294 non
2177 2239 2229 2297 est
2254 2224 2497 2297 domilicilium
2517 2224 2571 2305 Dei,

586 2345 620 2403 et
641 2332 736 2402 inter
757 2326 819 2401 has
843 2332 964 2401 ruinas
989 2331 1114 2401 mundi
1141 2356 1214 2401 non
1237 2338 1392 2425 prorsus
1409 2330 1577 2404 interitu·
1626 2343 1688 2399 aut
1702 2329 1860 2397 sentiens
1878 2329 1966 2397 icam
1985 2324 2208 2400 horribiliter
2232 2328 2323 2420 fugit
2338 2328 2464 2397 Deum.
2507 2324 2571 2394 tto

585 2456 662 2503 ram
688 2457 771 2507 esse.
1628 2422 1672 2501 tri
1698 2431 1865 2501 invocant
1889 2427 2024 2521 Deum,
2058 2433 2176 2501 neutri
2199 2447 2387 2523 expectant
2407 2428 2571 2499 aurilions

1007 2600 1013 2618 ,
1085 2602 1092 2619 ,
1162 2600 1169 2615 ,
1209 2601 1216 2619 ,
1310 2604 1317 2621 ‚
1627 2534 1722 2617 Deo,
1743 2534 1912 2604 ideonon
1931 2534 2095 2603 tribuunt
2117 2535 2317 2625 eiglociam
2339 2532 2515 2615 bonitatis,
2532 2532 2570 2598 sed

801 2594 851 2673 N
846 2626 892 2671 ⁰²²
920 2596 1104 2673 dmm
1125 2594 1353 2705 ‘hff'dmlm‘
1627 2636 1787 2707 alliciunt
1803 2659 1884 2705 eum
1906 2635 2131 2709 contumelia.
2262 2667 2266 2676 ·
2598 2633 2599 2652 ¹

687 2736 756 2809 Hic
774 2762 933 2828 expresse
950 2738 1106 2810 ostendit
1126 2738 1231 2807 fidem
1257 2754 1290 2811 et
1315 2738 1576 2810 dubitationem
1727 2738 1781 2810 Er
1808 2734 1875 2807 hac
1903 2733 2073 2808 antithesi
2097 2738 2227 2832 'aliquo
2262 2739 2374 2809 modo
2407 2736 2569 2826 intelligitur

586 2840 682 2913 inter
703 2865 739 2912 se
763 2864 939 2931 pugnare,
965 2856 999 2912 et
1023 2843 1249 2911 eluctantium
1275 2864 1348 2911 esse
1372 2866 1412 2911 ex
1435 2842 1577 2911 dubita·
1628 2839 1806 2911 horrenda
1827 2856 1966 2931 peecata
1989 2863 2080 2920 esse,
2107 2866 2181 2911 non
2205 2843 2350 2912 credere
2374 2842 2567 2912 remissiones

586 2945 697 3018 tione.
749 2942 933 3034 Languida
952 2944 1057 3027 fides,
1082 2946 1141 3013 sed
1159 2957 1275 3013 tamen
1291 2944 1376 3013 fides
1390 2958 1441 3015 est
1459 2946 1497 3013 in
1513 2944 1577 3013 illo
1628 2958 1875 3034 peccatorum,
1909 2957 1945 3014 et
1972 2966 2047 3012 non
2071 2944 2237 3014 invocare
2260 2946 2402 3029 Deum,
2436 2944 2563 3037 qnisro

587 3049 679 3139 apud
706 3044 890 3131 Marcum,
923 3046 985 3138 qni
1008 3046 1141 3140 inquit:
1176 3043 1292 3117 Credo
1318 3046 1488 3125 Domine,
1516 3050 1576 3117 sed
1628 3043 2011 3135 tribuiturglorisDeo
2029 3047 2162 3117 debita.
2186 3044 2559 3137 Excitenturergocule

586 3172 690 3240 opem
714 3149 782 3218 fert
808 3147 1030 3220 diffidentiae
1056 3172 1167 3221 meae.
1226 3148 1276 3219 lta
1301 3150 1446 3220 eluctari
1471 3151 1576 3219 iidem
1626 3152 1671 3219 ad
1694 3172 1814 3219 ueram
1835 3150 2124 3232 conversionem,
2166 3164 2202 3221 ει
2224 3152 2494 3240 eriganturbde
2516 3135 2600 3220 attii

586 3276 627 3321 ex
645 3250 867 3321 dubitatione
883 3274 1021 3321 necesse
1038 3265 1108 3334 est,
1130 3252 1264 3344 alioqui
1280 3276 1353 3322 non
1371 3266 1580 3347 sequeretur
1631 3253 1752 3345 piente
1761 3254 1930 3323 beneficia
1945 3253 2173 3338 mediatoris,
2187 3266 2222 3323 et
2238 3267 2362 3343 petant
2379 3252 2493 3343 sergeri
2504 3250 2568 3319 ider

587 3355 694 3423 iidem
719 3377 804 3444 pax,
828 3376 890 3422 seu
912 3354 1056 3428 laetitia.
1108 3348 1442 3445 Repetitaesthaec
1466 3355 1577 3447 parti·
1627 3369 1661 3428 et
1680 3378 1799 3424 veram
1817 3355 2094 3425 invocationem.
2131 3350 2571 3446 Debaegtortaaaepeoe

587 3456 665 3528 cula
686 3457 724 3525 in
746 3456 918 3526 dictione:
953 3452 1176 3530 Certusluit.
1211 3454 1307 3527 Haec
1329 3458 1504 3528 certitudo
1526 3470 1579 3528 est
1628 3458 1819 3528 cinnantur
1839 3453 2059 3551 Prophetae,
2086 3457 2312 3529 utleremiae
2333 3459 2413 3533 ld:
2438 3450 2572 3530 Datelle

588 3559 750 3630 assentiri
780 3561 890 3628 verbo
919 3556 987 3628 Dei
1015 3573 1050 3631 et
1084 3559 1333 3650 promissioni,
1374 3583 1440 3630 nec
1470 3561 1576 3630 avelli
1627 3562 1727 3630 mino
1754 3559 1832 3630 Deo
1857 3577 1974 3632 cestro
2005 3562 2157 3651 gloriam
2187 3575 2382 3656 antequam
2413 3561 2490 3631 fient
2508 3572 2573 3627 tene

586 3675 733 3754 propter
753 3661 950 3745 contraria,
989 3681 1080 3754 quae
1104 3661 1195 3732 ratio
1217 3662 1388 3734 ostendit:
1423 3677 1463 3735 ut
1485 3665 1577 3734 ratio
1628 3665 1735 3749 brae,
1776 3664 1812 3733 id
1843 3677 1915 3751 est,
1944 3662 2089 3734 Credite
2119 3665 2151 3733 ei
2181 3665 2279 3736 iusta
2305 3687 2432 3734 omnes
2452 3646 2600 3732 aalide!

587 3765 691 3848 dicit,
723 3765 855 3856 populo
880 3765 1100 3855 impossibile
1121 3777 1174 3834 est
1198 3788 1262 3855 per
1285 3789 1394 3858 aquas
1419 3768 1579 3854 evadere,
1628 3767 1732 3852 fidei,
1750 3763 2014 3838 Convertimini
2040 3781 2075 3836 et
2102 3767 2267 3840 invocate
2288 3791 2385 3842 eum.
2440 3763 2485 3838 Et
2495 3758 2574 3832 liele

542 3911 547 3920 ·
586 3865 800 3957 sedMoises
820 3869 1013 3936 assentiens
1033 3867 1259 3958 promissioni
1284 3870 1427 3939 divinae
1448 3870 1579 3941 retinet
1627 3865 1729 3939 chiae
1744 3873 1796 3942 2:
1822 3871 1863 3944 Si
1877 3869 2066 3940 nolueritis
2084 3870 2229 3954 audire,
2255 3871 2336 3942 etsi
2356 3867 2575 3952 notuerttispe
2598 3914 2600 3945 ,

569 3969 847 4050 certitudinem.
881 3967 995 4055 State,
1021 3967 1158 4064 inquit,
1185 3984 1218 4043 et
1242 3971 1408 4044 videbitis
1433 3992 1578 4063 magna·
1628 3997 1714 4043 nere
1734 3996 1843 4065 super
1866 3997 1946 4058 coc,
1985 3983 2026 4042 ut
2055 3973 2148 4042 detis
2176 3973 2326 4064 gloriam
2359 3971 2490 4043 nomini
2515 3984 2576 4034 net.

587 4071 637 4142 lia
667 4069 746 4142 Dei.
1628 4076 1679 4146 ait
1707 4076 1891 4149 Dominus
1918 4074 2159 4163 exercituum,
2199 4075 2340 4148 mittam
2379 4077 2418 4146 in
2445 4095 2502 4144 ros
2524 4087 2576 4154 ιιι·

690 4169 848 4243 Additur
872 4167 931 4243 hic
958 4173 1146 4266 particula:
1188 4171 1288 4246 Dans
1312 4175 1463 4266 gloriam
1490 4177 1577 4249 Deo.
1628 4191 1767 4252 statem.
2598 4198 2600 4317 q

587 4273 668 4346 Hoc
689 4276 828 4366 insigne
851 4277 1079 4366 praeconium
1096 4277 1176 4348 bdei
1199 4291 1261 4350 est.
1315 4279 1478 4350 Gloriam
1501 4278 1577 4350 Deo
1748 4348 1755 4365 ‚
2598 4324 2600 4353 ,

589 4379 764 4465 tribuere,
797 4392 850 4448 est
872 4402 952 4448 vere
974 4403 1164 4468 agnoscere
1188 4395 1221 4451 et
1244 4381 1443 4466 celebrare,
1479 4385 1576 4478 quod
1627 4343 1813 4424 Tm‘fflm
1836 4355 1887 4419 (θ’
1908 4355 2055 4445 imples
2074 4357 2224 4445 P⁶⁶⁶⁰¹⁰
2256 4357 2410 4435 mim,
2443 4353 2600 4416 ‘limi'

589 4483 634 4552 sit
650 4481 765 4573 Deus,
791 4494 825 4550 et
841 4481 938 4574 quod
964 4483 1011 4553 sit
1028 4482 1186 4574 sapiens,
1213 4507 1335 4569 veras,
1362 4487 1497 4572 bonus,
1520 4487 1578 4556 iu·
1791 4449 1887 4522 '‘xl''
1907 4459 2057 4550 P'W’m
2074 4449 2262 4524 'mistiam
2279 4461 2458 4525 '⁸⁰5¹'ssst

542 4659 546 4670 ¹
591 4598 684 4670 stus,
719 4584 964 4676 omnipotens,
1007 4585 1164 4670 vindex,
1206 4587 1432 4675 misericors,
1471 4611 1578 4678 agens
1730 4589 1916 4662 Discernit
1939 4586 2073 4660 Paulus
2097 4590 2263 4660 meritum
2287 4586 2422 4662 Christi
2446 4574 2600 4656 etdistn'·¹

589 4688 763 4773 liberum,
789 4689 956 4758 conditor
976 4689 1085 4759 totius
1107 4689 1240 4780 opificii
1263 4692 1410 4777 mundi,
1435 4715 1579 4763 conser-
1628 4693 1814 4765 hutionem
1845 4691 1978 4764 meriti.
2043 4689 2138 4763 Tota
2167 4693 2370 4764 obedientia
2402 4685 2519 4764 Christi
2542 4690 2575 4744 ‘⁵¹

589 4813 677 4860 varas
697 4812 775 4874 res,
809 4791 962 4880 diligens
976 4803 1010 4860 et
1025 4814 1154 4860 curans
1168 4815 1278 4882 genus
1294 4787 1514 4880 humanum,
1544 4806 1580 4865 et
1628 4801 1782 4888 pretium
1803 4819 1867 4886 pro
1896 4794 2029 4865 nostris
2058 4795 2209 4886 peccatis
2230 4809 2265 4866 et
2287 4791 2503 4888 propiciatio,
2528 4801 2573 4873 qus

591 4905 736 4981 propter
765 4891 878 4960 tilium
910 4893 1080 4982 colligens
1111 4910 1289 4968 aeternam
1312 4893 1508 4970 Ecclesiam
1538 4899 1579 4967 in
1629 4899 1860 4994 placaturica
1882 4894 1963 4968 Dei.
2013 4895 2212 4968 Reviviscit
2232 4911 2351 4968 autem
2370 4893 2574 4968 Christos,ct

593 5016 719 5080 genere
743 4987 918 5077 humano,
954 4996 1145 5067 exaudiens
1165 5009 1201 5066 et
1221 4999 1348 5069 iuvans
1372 4998 1579 5072 invocantes
1630 5003 1714 5096 quia
1729 5015 1781 5071 est
1801 5001 1917 5070 victor
1936 4999 2078 5080 mortis,
2104 5014 2140 5069 et
2161 5013 2201 5073 ut
2220 5017 2345 5093 regnet
2366 5022 2406 5068 sc
2420 4993 2574 5096 nobisne·

592 5095 720 5164 liducia
741 5095 824 5178 tuit,
839 5097 1103 5168 communicans
1125 5099 1231 5172 nobis
1248 5101 1424 5194 seipsum,
1441 5115 1476 5174 et
1491 5105 1581 5174 dans
1630 5108 1699 5177 rita
1720 5127 1784 5174 sua
1807 5101 1980 5194 adplicet,
2007 5127 2047 5172 ac
2070 5103 2196 5172 reddat
2218 5103 2323 5173 nobis
2338 5101 2443 5172 vitam
2456 5093 2573 5164 otiosu-

593 5197 697 5265 nobis
712 5193 883 5286 Spiritum
901 5213 1060 5270 sanctum
1078 5213 1113 5271 ει
1131 5201 1240 5272 vitam
1258 5217 1448 5275 aeternam.
1482 5203 1580 5277 Haec
1631 5213 1724 5278 ciam
1737 5221 1938 5294 aeternam,
1964 5204 2056 5275 sicot
2072 5201 2188 5274 Oscae
2206 5207 2263 5276 ts.
2281 5205 2426 5274 dicitur:
2450 5193 2572 5268 Onon,

593 5311 665 5368 tota
683 5299 880 5387 copulativa
891 5297 1208 5400 comprehenditur
1222 5298 1457 5380 inhocdicto:
1482 5306 1583 5380 Dans
1632 5336 1694 5382 ero
1708 5332 1804 5380 mors
1818 5321 1898 5390 tna,
1912 5322 1947 5376 ct
1961 5305 2099 5376 inferne
2115 5331 2176 5376 ero
2194 5309 2301 5398 pestis
2313 5322 2384 5380 tera.
2428 5297 2469 5372 Et
2481 5290 2573 5366 2⁹5⁸

594 5401 741 5490 dhrim
771 5396 858 5474 9²⁰·
1632 5415 1714 5489 25:
1740 5413 1920 5501 Absorpta
1936 5422 1988 5480 est
2002 5433 2098 5480 mors
2118 5409 2393 5503 inperpetuum.
2438 5399 2481 5472 Et
2492 5413 2573 5492 quet

696 5501 805 5574 Fiunt
829 5519 944 5576 autem
974 5499 1060 5575 haec
1090 5507 1241 5580 illustria
1266 5503 1445 5585 antithesi.
1490 5508 1582 5602 Epi·
1633 5540 1740 5611 qnam
1763 5514 1861 5584 aliud
1885 5525 1937 5582 cst
1957 5513 2123 5583 meritum
2146 5509 2298 5595 Christi,
2324 5525 2359 5582 et
2379 5507 2470 5577 aliud
2489 5491 2571 5584 „ape

596 5607 691 5675 curci
709 5629 780 5674 non
795 5607 957 5678 tribuunt
973 5609 1122 5695 gloriani
1140 5609 1235 5697 Deo,
1251 5613 1334 5704 quia
1349 5613 1486 5697 dicunt,
1500 5635 1582 5684 eum
1632 5618 1726 5690 catio
1742 5620 1786 5686 ad
1801 5638 1887 5698 uos,
1912 5628 2030 5686 tamen
2054 5611 2140 5686 baec
2162 5614 2352 5707 adplicatio
2373 5612 2420 5682 ita
2444 5608 2478 5674 lit
2495 5587 2570 5670 eino!

597 5703 690 5778 nihil
711 5723 861 5780 essesut
884 5705 1196 5790 nihilcurareete.
1250 5711 1472 5800 Diaboli„et
1484 5714 1586 5804 Saul,
1633 5723 1816 5790 eteoclem
1847 5732 2025 5807 tempore,
2062 5743 2144 5788 ceren
2179 5715 2289 5788 lsomo
2319 5711 2517 5785 convertitur
2540 5695 2569 5760 ιι

598 5804 705 5879 ludas
730 5823 765 5878 et
788 5809 921 5882 similes
944 5833 1018 5882 esse
1038 5827 1175 5888 norunt
1198 5817 1337 5901 Deum,
1360 5829 1396 5886 et
1418 5819 1582 5890 condito·
1633 5820 1768 5900 Deum,
1794 5835 1828 5892 et
1849 5822 1919 5890 nte
1938 5843 1979 5888 ac
2001 5821 2183 5908 agnitione
2202 5821 2267 5890 lilii
2291 5816 2356 5890 Dei
2382 5811 2524 5898 erigitur,
2542 5807 2568 5860 ι’

599 5931 674 5980 “¹¹¹
691 5935 731 5982 ιθ
747 5911 925 5986 Vl¹¹dl⁶²m
940 5937 1036 6002 ²⁸⁸0,
1060 5929 1100 5997 εἰ
1113 5919 1274 5995 sentiunt
1295 5919 1370 5992 eius
1386 5918 1499 6007 iram,
1520 5923 1584 5994 sed
1633 5925 1741 5996 simul
1757 5925 1842 5994 baut
1862 5921 2022 5993 remissio
2045 5937 2290 6016 peccatorum,
2313 5913 2566 5994 inculcatio.re
