5825 6950
558 668 658 747 sess
1157 664 1282 743 ertu.
1309 664 1428 748 tuen
1454 666 1672 747 senum
1696 672 2002 758 mesenes.
2167 746 2171 755 .
2256 738 2262 753 .
2324 744 2363 756 ..
2496 714 2575 793 „84

561 858 708 919 mantus
730 844 977 939 desperatione
999 856 1035 917 et
1052 856 1179 915 morte.
1231 840 1299 918 Est
1318 844 1404 917 item
1433 863 1561 940 potens
1616 848 1965 936 creditororum:
1999 859 2195 958 decepistis
2220 872 2385 966 spiritum
2411 881 2581 976 adoptionis

565 974 627 1022 scu
656 962 821 1020 constans
853 950 893 1017 in
924 948 1111 1020 retinenda
1141 948 1345 1020 assensione
1377 951 1563 1022 doctrinae
1616 954 1790 1043 liliorum,
1817 986 1889 1054 quo
1906 963 2101 1039 clamemus
2118 969 2225 1045 Abba
2241 993 2352 1065 pater.
2405 980 2485 1055 Item
2507 998 2582 1081 apud
2644 1004 2645 1025 r

565 1066 690 1124 contra
706 1051 885 1137 diabolos,
916 1052 962 1121 ει
975 1064 1098 1121 contra
1120 1045 1239 1121 hostes
1251 1048 1450 1143 Evangelii.
1499 1052 1564 1127 Est
1615 1054 1825 1133 Zachariam
1855 1066 2073 1157 capite12.:
2112 1069 2308 1149 Effundam
2332 1106 2435 1175 super
2461 1090 2583 1165 donum

566 1168 601 1227 et
617 1156 720 1227 lortis
732 1154 772 1224 in
787 1152 1006 1244 perferendis
1020 1153 1113 1222 odiis
1127 1166 1163 1225 et
1178 1153 1405 1241 cruciatibus,
1424 1156 1463 1225 in
1477 1181 1583 1245 con·¹
1616 1158 1735 1230 David
1762 1165 1929 1255 spiritum
1961 1174 2094 1261 gratiae
2116 1191 2150 1248 et
2181 1204 2339 1271 precum.
2396 1184 2584 1267 Nominatus
2644 1220 2645 1281 t

564 1258 732 1328 fassione.
782 1252 838 1327 Ex
857 1252 1112 1326 hiseffectibus
1131 1252 1288 1344 intelligi
1314 1270 1448 1349 potest,
1475 1260 1563 1352 quid
1618 1261 1775 1354 Spiritus
1790 1269 1943 1357 gratiae,
1970 1295 2041 1367 quo
2060 1280 2230 1353 sentimus
2248 1308 2315 1354 nos
2340 1310 2414 1359 esse
2435 1290 2470 1359 in
2482 1299 2585 1382 gratia,
2644 1282 2645 1297 ¹

565 1360 727 1431 nominet
750 1355 926 1448 Spiritum
956 1372 1147 1448 potentem.
1218 1356 1278 1428 Sic
1306 1373 1342 1431 et
1374 1360 1413 1428 in
1443 1362 1563 1453 primo
1617 1365 2033 1462 inveraconsolatione,
2058 1379 2097 1448 in
2116 1380 2210 1457 lucta
2228 1389 2471 1477 poenitentiae.
2509 1394 2585 1471 Haec

566 1462 680 1552 capite
710 1462 756 1530 ad
779 1455 955 1552 Ephesios
977 1460 1109 1551 inquit:
1151 1447 1346 1532 Credentes
1365 1458 1564 1533 secundum
1617 1470 1909 1545 consolationum
1926 1476 1964 1546 lit
1985 1478 2022 1547 in
2047 1482 2169 1569 nobis,
2196 1487 2352 1561 vicissim
2375 1494 2526 1569 incorrat
2543 1502 2586 1569 di.

567 1557 775 1661 efficaciam
795 1559 981 1656 potentine
1003 1558 1146 1631 roboris
1171 1562 1268 1648 eius,
1304 1586 1418 1661 quam
1437 1574 1565 1664 poten-
1617 1570 1721 1641 lectio
1739 1589 1859 1647 nostra
1878 1600 1959 1667 erga
1973 1582 2112 1669 Deum,
2139 1599 2171 1657 et
2193 1607 2394 1683 sequuntur
2418 1595 2585 1683 invocatio,

567 1664 662 1735 tiam
684 1658 801 1767 effecit
819 1687 885 1762 per
908 1654 1102 1735 Christum
1125 1664 1294 1736 excitans
1315 1690 1396 1736 eum
1417 1694 1443 1738 a
1465 1694 1566 1739 mor·
1617 1674 1811 1763 gratiarum
1849 1680 1962 1767 actio,
2004 1684 2139 1761 laetitia
2176 1691 2214 1761 in
2242 1692 2340 1781 Deo,
2373 1699 2532 1789 patientia
2557 1706 2586 1775 in

567 1766 662 1855 tuis,
687 1772 724 1839 id
750 1780 818 1853 est,
842 1764 941 1837 Deus
964 1767 1085 1837 efficax
1106 1782 1158 1839 est
1183 1769 1223 1838 in
1244 1771 1496 1857 conversione,
1531 1787 1564 1846 et
1619 1799 1739 1847 cruce:
1773 1778 1854 1873 quia
1876 1775 1942 1853 hos
1966 1784 2155 1859 interiores
2178 1795 2293 1867 cultus
2317 1795 2491 1893 Propheta
2511 1829 2587 1877 com-

567 1870 636 1940 fide
655 1872 810 1941 vivificat
824 1886 858 1941 et
874 1870 1002 1939 liberat
1018 1893 1058 1939 en
1075 1883 1209 1955 morte,
1241 1870 1427 1946 confirmat
1445 1899 1565 1947 assen-
1618 1878 1741 1969 plexus
1759 1895 1810 1953 est
1826 1886 1974 1955 nomine
1989 1887 2238 1973 invocationis.
2290 1898 2387 1972 Haec
2411 1906 2586 1977 considera·

566 1972 704 2043 sionem
718 1973 759 2043 in
775 1974 901 2057 corde,
928 1985 963 2042 et
979 1972 1212 2043 constantiam
1232 1974 1272 2044 in
1288 1977 1520 2052 confessione.
1618 1980 1669 2050 tiu
1691 1983 1735 2050 de
1758 1984 1931 2057 vocabulo
1954 1990 2155 2067 dilectionis
2181 2012 2217 2071 et
2239 2002 2284 2073 de
2298 2002 2367 2074 fide
2390 2007 2588 2097 praelucente

814 2136 999 2240 Spiritum
1019 2134 1228 2212 dilectionis
1244 2150 1307 2213 etc.
1618 2082 1721 2154 valde
1736 2108 1931 2159 ”mmm
1949 2107 2034 2183 ω’.

671 2281 789 2351 Antea
811 2279 1012 2350 nominavit
1028 2274 1204 2370 Spiritum
1230 2296 1426 2371 potentem,
1459 2300 1500 2357 ut
1522 2289 1566 2357 il·
1883 2251 2084 2355 spirim
2107 2260 2321 2344 Πῑθᾶθδΐῖαθ.

567 2383 674 2458 lustri
706 2381 878 2453 vocabulo
910 2380 1088 2471 ignaviam
1120 2396 1155 2453 et
1187 2378 1393 2477 hypocrisin
1422 2402 1565 2465 taxaret.
1721 2388 1921 2465 Considera
1936 2396 2216 2490 restrictionem,
2236 2403 2394 2499 Spiritus
2412 2426 2531 2505 potens
2543 2442 2589 2491 seu

569 2485 742 2575 lntelligit
763 2484 858 2554 enim
885 2507 989 2553 veros
1017 2496 1153 2568 motus,
1184 2487 1317 2577 quibus
1345 2490 1567 2563 vivificamur
1618 2489 1720 2563 fortis
1737 2506 1787 2563 est
1802 2517 1904 2583 acer,
1930 2499 2005 2588 agit
2026 2504 2168 2592 negotia
2184 2508 2365 2599 difficilia,
2393 2518 2514 2589 eradit
2532 2545 2590 2593 ma.

568 2590 608 2659 in
623 2588 835 2680 pavoribus,
859 2599 893 2657 et
909 2586 1144 2657 exuscitamur
1160 2590 1204 2655 ad
1224 2588 1505 2679 invocationem,
1531 2608 1566 2667 et
1618 2615 1688 2683 gna
1706 2596 1875 2685 pericula.
1925 2598 1997 2671 Sed
2013 2614 2133 2673 tamen
2156 2612 2268 2680 sancti
2293 2618 2513 2709 prospiciunt
2535 2648 2591 2691 rne-

570 2690 823 2761 ⁰⁰¹¹firm³m⁰r
837 2683 878 2758 in
892 2687 1112 2759 00¹¹f0⁵⁵5⁰¹¹⁰
1136 2706 1170 2761 et
1188 2690 1227 2758 in
1241 2693 1413 2761 omnibus
1426 2698 1566 2787 pericu·
1617 2709 1683 2779 tas,
1710 2720 1785 2765 non
1806 2694 2009 2775 evehuntur
2023 2718 2119 2777 entra
2136 2712 2372 2803 vocationem,
2396 2721 2485 2793 sicut
2499 2726 2592 2811 multi,
2644 2746 2645 2827 p

570 2794 615 2862 lis
639 2806 674 2861 ct
696 2791 882 2863 laboribus
901 2789 1091 2859 ministerii
1117 2805 1238 2859 contra
1261 2792 1424 2865 diabolos
1449 2812 1484 2868 et
1505 2824 1565 2869 eo-
1617 2798 1681 2891 qui
1710 2799 1866 2889 primum
1888 2803 2016 2894 spiritu
2042 2810 2205 2881 ardentes
2235 2834 2385 2906 egerunt
2414 2846 2469 2892 res
2495 2827 2591 2909 utiles,

570 2919 652 2966 rum
667 2916 811 2983 organa.
861 2891 966 2963 Nunc
984 2893 1147 2962 nominat
1160 2892 1335 2984 Spiritum
1354 2898 1565 2980 dilectionis.
1618 2914 1735 2991 postea
1755 2901 1837 2973 elati
1856 2906 1962 2975 rebus
1977 2911 2141 2981 secundis
2167 2929 2350 2992 tentarunt
2373 2923 2491 3018 aliqua
2514 2943 2591 3000 extra

479 3068 482 3073 ,
521 3073 526 3083 ,
570 2994 620 3068 Ut
652 2996 747 3065 enim
780 2996 879 3087 prius
901 2998 945 3064 de
971 2994 1208 3066 vivificatione
1230 2998 1345 3067 nostri
1368 3000 1478 3087 dixit,
1516 3006 1565 3074 ita
1618 3002 1859 3091 vocatiouem,
1882 3032 1961 3077 cum
1976 3010 2120 3102 quidem
2145 3018 2389 3094 existimarent
2403 3051 2439 3096 ae
2455 3043 2540 3102 recte
2553 3032 2591 3101 sa-

570 3098 912 3169 iamdevirtutibus
928 3120 1009 3187 erga
1028 3096 1117 3165 alios
1134 3098 1305 3189 loquitur.
1619 3128 1717 3189 cere,
1757 3130 1847 3198 quae
1877 3122 1997 3200 postea
2025 3112 2138 3187 exitus
2167 3120 2284 3195 tristes
2315 3118 2531 3218 hahuerunt,
2562 3148 2590 3205 ut

672 3198 751 3271 Etsi
766 3214 883 3271 autem
898 3200 1112 3270 vocabulum
1130 3197 1343 3271 Dilectionis
1358 3202 1446 3271 alias
1463 3202 1566 3277 aliter
1617 3204 1788 3293 Samson,
1817 3206 1927 3281 losias
1943 3226 1976 3281 et
1993 3214 2067 3285 alii.

570 3315 785 3394 usurpatur,
825 3317 944 3374 tamen
977 3296 1036 3371 hic
1066 3302 1312 3393 complectitur
1336 3305 1564 3377 dilectionem
1719 3306 1899 3383 Historiae
1935 3313 2140 3409 prophanae
2172 3316 2306 3397 habent
2334 3326 2589 3406 innumerabili,

570 3428 651 3496 erga
669 3401 786 3476 Deum
820 3417 855 3476 et
882 3426 962 3493 erga
993 3399 1155 3472 homines
1187 3419 1331 3497 propter
1350 3405 1488 3496 Deum,
1526 3425 1565 3483 ut
1618 3412 1795 3504 exempla,
1826 3414 1911 3508 quia
1941 3418 2047 3489 duces
2077 3419 2280 3514 ignorantes
2302 3424 2422 3504 Deum
2446 3460 2516 3506 non
2537 3439 2589 3507 sre-

510 3525 514 3528 ’
571 3504 1056 3580 cumdiciturRomen.1d.:
1082 3503 1303 3580 Dilectioest
1328 3509 1490 3601 impletio
1512 3513 1564 3582 le·
1617 3529 1750 3585 uantur
1778 3513 1917 3608 Spiritu
1947 3536 2087 3610 sancto,
2122 3540 2162 3597 ut
2183 3525 2374 3621 Hercules,
2412 3533 2591 3612 Themisto.

570 3611 635 3701 gis.
687 3606 735 3681 Et
750 3606 1073 3700 significatSpir-itu
1092 3624 1214 3678 sancto
1235 3612 1380 3680 accendi
1402 3613 1565 3684 dile‘ctio-
1616 3616 1703 3702 cles,
1728 3613 1943 3708 Pausanias,
1969 3621 2126 3712 Marius,
2153 3626 2362 3724 Pompeius,
2391 3637 2513 3714 Iulius,
2550 3641 2590 3714 Β,

571 3736 656 3780 nem
678 3734 757 3801 erga
779 3708 915 3796 Deum,
947 3711 985 3780 id
1010 3725 1083 3796 est,
1121 3712 1299 3782 feruorem
1331 3727 1364 3783 et
1389 3715 1502 3784 zelum
1525 3719 1564 3787 in
1616 3713 1674 3788 his
1694 3721 1862 3792 omnibus
1889 3748 1971 3794 vcra
1996 3726 2065 3799 tuit
2085 3754 2167 3800 vox:
2198 3729 2356 3827 Deponit
2382 3748 2589 3832 potenteade
2644 3765 2645 3830 ξ

571 3813 841 3884 conservatione
869 3813 1069 3897 doctrinae,
1111 3813 1392 3900 invocationem,
1432 3821 1563 3905 gratia·
1619 3823 1710 3891 sede.
1766 3819 1873 3912 ltem,
1907 3827 1940 3901 1.
1963 3825 2058 3902 Petri
2074 3831 2127 3905 5.:
2159 3832 2331 3929 Superbis
2351 3838 2451 3916 Deus
2473 3847 2590 3932 resistit,

571 3940 651 3987 rum
666 3917 863 4000 actionem,
889 3929 922 3987 ει
938 3915 1106 3986 laetitiam
1131 3914 1170 3982 in
1184 3912 1280 3996 Deo,
1302 3918 1507 4007 patientiam
1526 3921 1564 3990 iu
1617 3919 1814 3996 humilibus
1839 3941 1958 4000 autem
1981 3933 2040 4003 dat
2064 3935 2222 4023 gratiam.
2274 3937 2371 4014 Haec
2399 3948 2589 4023 bellatorum

571 4041 674 4087 cruce
690 4033 726 4089 et
740 4019 970 4089 confessione.
1020 4015 1161 4087 Deinde
1177 4041 1257 4107 erga
1275 4013 1437 4090 homines
1450 4022 1562 4112 signi·
1617 4026 1774 4114 exempla
1791 4030 1901 4120 magis
1919 4032 2108 4108 incurrunt
2123 4038 2159 4108 in
2178 4042 2311 4118 oculos.
2644 4043 2645 4092 t

569 4120 649 4190 licat
673 4144 830 4190 amorem
852 4120 1079 4204 concordiae,
1118 4143 1237 4190 curam
1263 4121 1401 4191 vitandi
1424 4126 1507 4194 odia
1530 4139 1564 4196 et
1718 4126 1806 4198 Inde
1821 4146 2001 4230 utcunque
2017 4139 2289 4216 considerentur
2307 4155 2469 4246 exempla
2486 4175 2589 4243 regen·

571 4223 707 4292 semina
738 4221 985 4308 dissidiorum,
1024 4223 1282 4310 repressionem
1314 4226 1499 4316 superbiae
1528 4242 1561 4297 et
1613 4227 1702 4298 tium
1727 4228 1912 4309 Ecclesiae.
1971 4235 2081 4310 Multi
2105 4263 2170 4313 suo
2192 4249 2347 4338 quodam
2389 4257 2466 4328 celo
2497 4259 2586 4328 multa

571 4325 774 4417 cupiditatis
805 4325 1002 4410 vindictae,
1041 4323 1181 4417 placide
1208 4348 1354 4395 monere
1381 4340 1416 4396 et
1437 4331 1561 4400 audire
1614 4345 1707 4402 recte
1723 4333 1896 4415 lecerunt,
1922 4353 2040 4429 postea
2061 4343 2188 4415 fiducia
2212 4350 2268 4418 sui
2285 4353 2340 4422 vel
2357 4357 2519 4448 dogmata
2535 4359 2585 4426 fin.

571 4426 671 4498 alios.
722 4425 887 4522 Denique
903 4440 1065 4498 sumatur
1088 4425 1279 4496 declaratio
1305 4427 1505 4500 dilectionis
1521 4458 1562 4501 ex
1612 4439 1757 4516 xerunt,
1785 4437 1841 4505 vel
1863 4438 1949 4509 alias
1972 4467 2026 4512 res
2049 4457 2144 4518 extra
2161 4453 2383 4526 vocatiouem
2411 4475 2585 4540 moverunt,

572 4529 650 4620 ipso
669 4529 858 4621 Decalogo.
907 4527 1246 4618 AedaturSpiritus
1265 4543 1422 4614 sanctus,
1448 4547 1488 4603 ut
1505 4559 1562 4604 ac·
1614 4548 1653 4605 ut
1679 4532 1874 4627 Gregorius
1905 4543 2015 4615 multa
2047 4547 2222 4640 instituit,
2255 4569 2289 4626 et
2312 4555 2483 4656 Episcopi
2504 4585 2584 4653 saepe

570 4633 698 4703 cendat
720 4646 837 4703 motus
858 4647 1090 4722 congruentes
1116 4630 1185 4719 legi
1208 4631 1359 4701 divinar.
1409 4632 1457 4707 Et
1482 4637 1561 4709 talis
1614 4653 1793 4727 praetextu
1809 4642 1991 4732 religionis
2005 4669 2193 4726 moverunt
2215 4659 2427 4748 seditiones,
2455 4663 2584 4737 etmulti

570 4747 622 4806 est
637 4735 733 4828 ipse,
760 4737 880 4826 quales
897 4749 1014 4806 motus
1032 4734 1070 4803 in
1091 4734 1167 4823 lege
1181 4733 1443 4808 describuntur.
1612 4741 1778 4812 omnibus
1807 4747 2025 4834 temporibus
2054 4757 2207 4846 quodam
2235 4763 2343 4832 stulto
2371 4769 2472 4860 zelo,
2503 4790 2583 4856 pree·

672 4835 824 4926 Quoties
851 4850 971 4907 eutem
1001 4837 1133 4906 dicitur
1160 4837 1204 4905 de
1225 4836 1415 4908 dilectione
1440 4854 1560 4911 nostra
1613 4855 1707 4912 textu
1728 4844 1909 4935 religionis
1929 4851 2055 4924 volunt
2077 4859 2289 4932 constituere
2317 4890 2429 4939 novas
2454 4870 2581 4961 potitus.

570 4960 661 5029 erga,
681 4940 818 5025 Deum,
849 4939 962 5010 sciant
991 4940 1170 5009 auditores
1194 4952 1357 5026 oportere
1376 4942 1561 5013 dilectioni
1613 4939 1666 5014 De
1683 4946 1812 5017 talibus
1834 4951 2000 5024 omnibus
2022 4956 2108 5029 dicit
2131 4962 2174 5030 ad
2192 4961 2377 5042 Romanos
2397 4974 2508 5067 capite
2523 4971 2582 5044 12:

567 5041 675 5112 fidem
688 5043 913 5125 antecedere,
945 5054 980 5113 et
1002 5063 1144 5111 sensum
1164 5040 1364 5110 dilectionis
1387 5041 1456 5114 Dei
1480 5070 1560 5135 erga
1612 5027 1750 5138 Sapite,
1773 5053 1832 5120 sed
1858 5055 1900 5122 ad
1924 5057 2151 5144 modestiam,
2177 5063 2219 5134 'id
2243 5081 2313 5153 est,
2347 5081 2579 5147 maneremus

567 5166 654 5230 nos,
692 5146 775 5239 quie
805 5169 868 5216 cor
896 5167 972 5214 non
1004 5142 1138 5214 accedit
1168 5145 1211 5213 ad
1236 5138 1369 5228 Deum,
1395 5147 1466 5216 nisi
1493 5148 1560 5218 fide
1612 5153 1757 5220 verbum
1777 5167 1810 5223 et
1827 5157 2058 5234 vocationem.
2108 5161 2154 5236 Et
2170 5167 2205 5242 2.
2222 5167 2319 5242 Petri
2338 5175 2388 5250 l.:
2423 5175 2579 5249 Inhdein

568 5247 766 5340 acquiescat
784 5247 823 5316 in
844 5249 1059 5332 mediatore,
1092 5258 1126 5316 et
1149 5257 1279 5316 statuat
1295 5241 1410 5316 Deum
1433 5273 1559 5320 recon-
1611 5251 1800 5342 virtutem,
1827 5256 1866 5327 in
1889 5259 1957 5330 fide
1974 5261 2230 5356 inscientiam,
2256 5273 2293 5343 id
2316 5291 2384 5363 est,
2411 5283 2496 5351 fides
2521 5301 2577 5349 nou

568 5349 728 5422 ciliatum
743 5373 836 5436 esse,
858 5362 899 5420 ut
916 5349 1048 5419 dicitur
1063 5348 1107 5418 ad
1117 5341 1289 5440 Ephesios
1299 5346 1351 5421 4.:
1378 5348 1447 5419 Per
1463 5348 1558 5423 hunc
1609 5352 1653 5425 sit
1668 5353 1812 5441 ignava,
1839 5362 1899 5431 sed
1920 5363 1964 5434 sit
1989 5365 2133 5456 ardens,
2160 5374 2282 5447 ardeat
2306 5391 2423 5454 aurem
2448 5383 2576 5455 cumin.

566 5448 738 5525 habemus
761 5475 936 5525 accessum
964 5453 1008 5522 ad
1031 5450 1148 5521 Deum
1173 5448 1253 5521 fide.
1304 5445 1385 5520 Hoc
1404 5479 1484 5523 cum
1507 5456 1557 5539 fit,
1608 5453 1702 5526 dicio
1721 5469 1754 5529 et
1767 5460 1916 5536 delectu,

564 5553 716 5628 sentitur
739 5542 967 5641 consolatio,
1000 5576 1090 5648 quae
1123 5565 1175 5622 est
1200 5551 1333 5641 agnitio
1355 5555 1574 5629 dilectionis
1709 5557 1760 5629 lta
1777 5565 1858 5655 quia
1876 5562 1942 5636 hoe
1958 5568 2036 5641 loco
2052 5571 2190 5646 addidit
2205 5582 2478 5670 restrictionem,
2499 5587 2573 5658 Deus

561 5653 633 5728 Dei
654 5679 736 5749 erga
759 5681 845 5742 nos,
880 5659 926 5730 de
948 5680 1018 5751 qna
1039 5655 1171 5726 dicitur
1199 5657 1244 5724 ad
1265 5652 1449 5729 Romanos
1474 5657 1552 5734 15.:
1605 5660 1709 5730 nobis
1724 5665 1821 5736 dedit
1845 5669 2009 5759 spiritum
2039 5675 2187 5764 sortem,
2212 5683 2274 5752 sed
2299 5698 2418 5760 tamen
2443 5689 2571 5784 impetus

562 5755 715 5834 Dilectio
728 5757 797 5831 Dei
816 5761 924 5831 effusa
947 5759 1059 5829 estin
1082 5760 1189 5828 corda
1212 5771 1331 5826 nostra
1357 5783 1419 5848 per
1434 5762 1553 5854 Spiri-
1604 5765 1861 5854 moderantem,
1886 5785 1920 5843 et
1945 5795 2222 5868 compescentem
2247 5786 2405 5876 animos,
2442 5817 2485 5864 ne
2506 5790 2570 5865 elati

561 5875 640 5937 tum
655 5877 835 5952 sanctum,
862 5863 901 5936 id
923 5877 994 5952 est,
1019 5860 1190 5933 sentimus
1212 5883 1277 5931 nos
1300 5862 1402 5953 diligi
1418 5890 1443 5936 a
1460 5864 1549 5940 Deo.
1602 5865 1764 5957 dogmata
1781 5870 1929 5963 fingant,
1953 5891 2013 5950 aut
2036 5905 2147 5954 novos
2167 5887 2300 5980 cultus,
2326 5917 2370 5966 ne
2390 5896 2465 5971 sint
2485 5897 2569 5970 tubat
