5825 6950
305 695 388 774 557
518 693 617 774 Xill.
667 702 706 775 2.
737 689 1104 772 commentarit
1129 686 1364 779 trt'nrtsr.
1390 683 1541 765 PAULI
1566 679 1634 762 An
1659 681 1920 765 ROMANOS.
1977 687 2080 766 CAP.
2103 691 2133 774 1.
2260 691 2337 772 568

303 883 496 963 excerptae
519 891 678 941 summae
701 893 743 941 ex
767 867 850 940 lure
868 868 1057 957 canonico,
1083 891 1174 966 quae
1195 869 1298 942 colli·
1352 862 1413 939 tia.
1444 914 1446 921 ·
1480 857 1565 933 ideo
1586 861 1631 933 ad
1656 857 1773 937 Galat·
1794 860 1947 936 dicitur:
1988 864 2038 939 Ut
2062 863 2336 959 promissionem

300 990 397 1065 gunt
413 987 555 1066 peccata
571 986 693 1043 contra
710 973 918 1046 traditiones
927 969 1111 1045 humanas.
1139 970 1298 1067 Utraque
1348 963 1495 1059 spiritus
1509 965 1722 1058 accipiamus
1735 987 1800 1057 per
1811 965 1928 1036 iidem.
1979 965 2091 1042 Addit
2107 985 2225 1042 autem
2239 995 2338 1042 sum-

300 1101 362 1146 res
391 1089 447 1147 est
468 1074 626 1160 infinita,
669 1077 773 1168 plena
798 1098 959 1146 errorum
987 1090 1021 1147 et
1043 1075 1295 1170 perplexitatis.
1348 1091 1443 1138 snam
1459 1063 1665 1159 Evangelii,
1691 1088 1781 1162 quae
1801 1080 1853 1140 est
1869 1071 2065 1161 propositio
2086 1073 2195 1144 totius
2212 1074 2337 1165 dispu-

300 1177 429 1270 Quare
451 1178 555 1249 multi
579 1177 668 1248 honi
691 1178 759 1248 viri
774 1194 856 1249 ante
873 1172 959 1248 baec
975 1192 1135 1271 tempora
1149 1194 1297 1269 optave—
1348 1169 1512 1250 ottonis,
1538 1169 1816 1264 quaesoquitur:
1844 1166 1987 1243 iusticia
2004 1170 2070 1244 Dei
2087 1175 2125 1244 in
2140 1199 2182 1270 ep
2198 1178 2336 1247 reveta-

299 1294 390 1351 runt
408 1281 693 1359 emendationem
703 1280 886 1351 doctrinae
902 1280 1168 1355 ecclesiasticae.
1196 1278 1296 1370 Quid
1348 1286 1409 1344 tur
1431 1295 1474 1343 ex
1497 1271 1567 1343 fide
1589 1273 1627 1342 in
1651 1269 1771 1348 fidem.
1822 1269 1919 1344 Haec
1941 1289 1993 1346 est
2014 1300 2150 1348 summe
2171 1279 2334 1348 omniurn
2454 1289 2460 1298 '

297 1387 401 1477 quod
427 1383 537 1456 multa
553 1395 636 1454 sunt
652 1382 836 1470 idolatria,
861 1407 968 1477 quam
987 1396 1071 1455 sunt
1087 1384 1208 1454 futiles
1222 1383 1296 1456 din-
1348 1373 1598 1446 beneficiorum
1632 1368 1779 1446 Christi.
1852 1373 1943 1446 Nam
1978 1379 2210 1452 reconciliatis
2237 1378 2334 1451 Deus

297 1485 692 1582 potationesiuquarto
702 1485 973 1557 sententiarum:
1000 1487 1060 1556 An
1072 1510 1150 1555 mus
1165 1489 1296 1556 rodens
1348 1480 1463 1560 adest,
1498 1478 1608 1548 donat
1632 1499 1692 1546 eos
1719 1498 1812 1546 nova
1833 1475 1911 1547 luce
1938 1494 1973 1551 et
1992 1495 2131 1554 aeterna
2154 1483 2244 1567 vita,
2275 1507 2335 1552 ex-

298 1585 683 1686 patremSacramenti,
705 1590 810 1659 rodat
826 1584 1134 1679 corpusDomini?
1159 1587 1312 1659 Horre-⁸
1347 1581 1449 1651 audit
1474 1591 1508 1650 et
1531 1579 1690 1650 defendit
1716 1602 1777 1648 eos
1800 1579 1839 1647 in
1868 1581 2036 1652 omnibns
2065 1585 2335 1663 calamitatibus.

295 1715 359 1760 sco
369 1693 544 1762 referens.
567 1689 621 1761 lbi
633 1691 1052 1761 illuderatmonendum:
1069 1688 1295 1763 Sacramenta
1348 1679 1469 1772 Quare
1486 1703 1566 1752 tum
1582 1681 1744 1751 notulssal
1760 1679 1934 1752 lsstllcltm
1950 1681 2035 1766 Del,
2062 1687 2264 1779 complexus
2284 1701 2336 1759 est

299 1795 465 1864 actiones
488 1815 581 1879 esse,
618 1816 684 1863 nec
706 1793 901 1885 spectacula
922 1793 1039 1865 aliena
1063 1796 1109 1864 ab
1132 1793 1295 1864 instituto
1348 1785 1468 1855 omnis
1490 1784 1658 1856 benefitia
1679 1779 1827 1854 Christi·
1891 1783 2004 1856 Porto
2030 1798 2140 1880 getius
2161 1791 2335 1860 sermonis

304 1919 369 1967 usu
385 1895 616 1968 Sacramenta
634 1918 717 1965 esse.
767 1893 912 1966 Possem
934 1896 1044 1967 multa
1064 1896 1223 1988 exempla
1239 1919 1295 1965 re-
1347 1889 1571 1959 ⁰b⁸etvelur2
1618 1884 1760 1957 lustitia
1787 1885 1876 1968 Del,
1909 1887 1948 1958 id
1972 1900 2041 1976 est,
2066 1892 2257 1985 acceptatio
2280 1893 2337 1962 di·

306 2001 417 2069 citare
446 1996 604 2068 sutilium
636 1996 910 2091 quaestionum,
949 1998 1011 2069 sed
1040 1997 1125 2069 libri
1152 1997 1296 2070 suntin
1348 1989 1453 2075 vius,
1479 2013 1549 2083 que
1564 2011 1629 2059 nos
1645 1988 1740 2060 Deus
1755 1988 1881 2081 recipit
1900 2004 1935 2061 et
1952 1994 2142 2085 approbat,
2167 1989 2253 2064 haec
2272 2016 2335 2085 pa·

307 2115 473 2192 promtu,
497 2100 559 2194 qui
587 2100 903 2186 ratiocinandum,
925 2101 1141 2199 opussuinse
1164 2102 1296 2172 doctri.
1329 2093 1475 2166 -tetitin
1490 2089 1694 2183 Evangelio,
1743 2085 1879 2186 Estque
1896 2089 2081 2166 antithesis
2103 2099 2336 2190 observanda,

308 2227 369 2274 noe
386 2201 651 2274 emendatione.
693 2201 807 2273 Notus
821 2215 874 2274 est
890 2196 1018 2273 Ovidii
1033 2204 1245 2275 versiculus:
1349 2195 1451 2290 qussi
1471 2195 1581 2265 ditstr
1608 2191 1725 2265 Antea
1746 2193 1858 2282 legem
1880 2189 2038 2284 habetis,
2072 2198 2110 2268 in
2132 2223 2200 2293 qua
2217 2199 2337 2291 patelit

413 2335 562 2418 Quodque
583 2353 692 2416 parurn
713 2333 816 2413 norit,
837 2353 925 2398 nomo
947 2335 1055 2398 docere
1078 2343 1191 2418 potest.
1350 2297 1490 2420 mliii}
1512 2295 1615 2416 lffsslls
1654 2297 1883 2418 ⁸⁸d·Pl‘{Pl‘¹
1902 2297 2015 2392 l‘b‘ffl
2040 2304 2201 2421 ¹¹⁰⁰de
2226 2297 2337 2421 hibi:

967 2455 1225 2551 cn...
1257 2471 1299 2534 ..
1494 2497 1823 2594 a.
1845 2501 2337 2595 ι,
2435 2547 2438 2559 .

328 2563 391 2651 39⁸²
406 2578 498 2635 ’ω’
519 2575 637 2682 ,mm
659 2585 834 2681 mim}
859 2561 1043 2683 dmffif'f‘
1064 2559 1300 2650 Ch'i⁸¹i⁸”‘⁸’
1349 2620 1422 2694 est,
1447 2608 1663 2698 acceptatio,
1688 2627 1758 2700 qua
1776 2628 1873 2676 nunc
1893 2603 1990 2676 Deus
2014 2609 2116 2680 vobis
2136 2621 2232 2679 certo
2251 2630 2337 2701 pro·

325 2689 359 2733 er
379 2689 443 2758 qua
470 2666 603 2736 demde
623 2677 755 2757 potent
782 2663 912 2759 eligere
934 2667 1037 2736 utilia
1059 2667 1103 2736 ad
1129 2680 1300 2761 utrosque

324 2770 505 2853 docendos,
528 2769 573 2838 ad
596 2768 812 2842 erudiendos
834 2769 996 2840 rudiores
1040 2781 1076 2840 et
1099 2770 1298 2840 admouen-
1349 2709 1465 2801 picim
1479 2721 1550 2829 ΜΞ
1575 2708 1726 2779 remittit
1741 2721 1901 2800 pmm’
1925 2723 2117 2830 ‘imm
2132 2735 2195 2781 v⁰⁸
2212 2711 2334 2783 ium·

1003 2822 1015 2853 ’
1268 2872 1278 2889 .
1351 2810 1628 2906 ldeosequttur:
1655 2809 1835 2882 Patelitex
1858 2810 1928 2881 fide
1954 2837 1993 2881 ιιι
2015 2806 2132 2889 fidem.
2188 2811 2226 2883 ld
2244 2837 2335 2907 quo-

324 2871 377 2939 dos
391 2894 430 2940 ac
452 2871 682 2961 corrigendos
702 2868 897 2962 sapientes,
922 2869 1014 2942 sicut
1028 2867 1162 2943 Paulus
1185 2895 1298 2944 corn·
1349 2913 1948 3013 quwpponpwriusficpae1035„
1992 2917 2093 3010 quasi
2117 2919 2227 2988 dicat:
2264 2915 2336 2986 Lex

325 2973 411 3062 idm
425 2971 589 3059 p‘lmm’
615 2966 963 3060 E³³⁵⁸⁸E²⁰⁰hi³¹⁰‘
987 2987 1054 3050 ω·
1347 3017 1497 3086 docebat
1519 3038 1592 3085 esse
1607 3014 1801 3098 iusticiam,
1829 3017 2024 3088 satisfacere
2049 3020 2134 3110 legi:
2168 3019 2219 3089 Aa
2240 3040 2338 3088 nsrnc

365 3153 373 3160 ·
411 3106 570 3197 Quartus
598 3109 721 3194 locus,
765 3109 962 3180 consolatio
998 3120 1070 3181 est:
1110 3110 1297 3184 confirmat
1349 3119 1470 3211 patefit
1490 3117 1628 3188 iusticia
1646 3119 1790 3204 calide,
1814 3119 1852 3188 id
1869 3132 1938 3206 est,
1964 3121 2099 3191 iusticia
2116 3145 2179 3213 per
2199 3119 2337 3189 miseri-

324 3210 567 3281 ‘sslfflnossuo
584 3211 763 3304 exemt’b,
798 3213 986 3306 inqoteoaz
1016 3209 1097 3282 Non
1114 3213 1225 3304 pudet
1239 3237 1296 3284 me
1347 3221 1506 3291 cordiam
1521 3221 1703 3312 imputata.
1754 3219 1939 3291 Nemeum
1957 3221 2336 3293 vocabulumiideile·

321 3306 512 3404 Evangelii,
544 3337 590 3385 ne
610 3315 852 3385 deterreamur
870 3316 916 3384 ab
931 3309 1129 3404 Evangelio
1153 3315 1296 3386 iudiciis
1347 3323 1487 3415 gimus,
1526 3322 1645 3393 stetim
1677 3323 1796 3394 vestiat
1818 3323 1856 3392 in
1890 3339 2043 3396 mentem
2074 3325 2337 3405 correlativnsn,

311 3417 445 3487 mundi.
485 3413 635 3487 Etiamsi
658 3411 826 3510 Epicurei
848 3417 1017 3489 derident
1037 3439 1104 3487 ¹¹⁰⁸
1124 3429 1294 3512 tanquam
1346 3426 1481 3497 scilicet
1502 3425 1742 3497 misericordia
1764 3425 1949 3524 promissa.
2014 3426 2138 3501 Sermo
2162 3425 2335 3499 Paulinus

309 3534 480 3607 ementes,
519 3534 706 3612 propterea
736 3522 833 3614 qsrod
860 3514 1094 3611 Evangelium
1121 3522 1295 3592 sentimus
1345 3530 1486 3600 redolet
1508 3524 1655 3621 phrasin
1677 3526 1884 3599 Ebraicarn:
1932 3532 2035 3602 aliter
2057 3532 2152 3601 enim
2178 3528 2338 3625 loquitur

308 3646 473 3693 mussas
496 3620 638 3691 inanem
662 3618 837 3693 fabulam:
864 3622 1002 3693 etiamsi
1018 3624 1162 3719 lyrsnnl
1176 3636 1212 3695 el
1228 3619 1295 3719 hy·
1346 3629 1492 3712 Cicero,
1515 3654 1595 3701 cum
1611 3631 1662 3701 ait
1678 3632 1722 3700 de
1735 3626 1901 3701 Caesare:
1936 3630 2123 3704 Dexteram
2147 3646 2244 3703 tuam
2268 3631 2338 3703 lide

307 3726 463 3814 pocritae
485 3724 604 3795 delere
625 3748 756 3824 nornen
779 3721 912 3795 Christi
944 3724 1081 3815 ingenti
1102 3726 1294 3798 acerbitate
1346 3745 1594 3826 praestantem.
1647 3730 1768 3821 Quare
1782 3730 1921 3824 phrasis
1936 3736 1973 3804 in
1989 3734 2102 3805 Paulo
2116 3735 2338 3806 observanda

306 3828 559 3917 suppliciorum
582 3841 774 3912 conantur,
800 3838 919 3897 temen
950 3850 1027 3898 non
1049 3826 1210 3899 sinamus
1226 3851 1294 3900 nos
1344 3850 1398 3909 est
1410 3887 1423 3924 ,
1463 3835 1529 3909 nbi
1557 3836 1643 3905 bdes
1674 3834 1863 3926 significan
1877 3836 2041 3906 fiduciam
2065 3836 2336 3907 misericordiae

306 3926 463 4001 abstrahi
478 3930 524 3997 ab
539 3924 606 4001 boc
622 3951 748 4020 genere
762 3930 965 4015 doctrinae,
990 3943 1027 4002 et
1042 3924 1135 4001 banc
1158 3930 1294 4023 proies·
1345 3952 1493 4039 propter
1508 3936 1687 4011 Christum
1705 3936 1909 4029 promissae.
1968 3936 2089 4029 Quare
2113 3964 2194 4010 curn
2219 3938 2340 4008 nomi-

306 4032 443 4104 sionem
463 4030 614 4102 sciamus
636 4032 741 4103 nobis
761 4030 952 4123 gloriosam
975 4054 1051 4103 esse
1065 4054 1184 4103 coram
1203 4030 1293 4126 Deo,
1345 4056 1407 4115 nat
1423 4038 1597 4112 iusticiam
1613 4039 1712 4123 fidei,
1737 4040 1905 4129 intelligit
1919 4040 2093 4113 iusticiam
2110 4062 2199 4136 qnae
2218 4042 2336 4133 inspu-

306 4132 377 4204 51ῖο
408 4133 511 4219 ²3⁰⁸,
549 4134 619 4227 Ρῖἷθ
656 4135 815 4225 θῐιιθῙῑῦ,
855 4142 891 4206 el
924 4130 1084 4206 &⁰¹0⁸st
1114 4134 1293 4212 fluitem·
1345 4158 1520 4236 taturper
1543 4142 1835 4217 misericordiam.
1885 4142 1932 4215 Et
1952 4141 2044 4216 hanc
2062 4144 2211 4238 opponit
2233 4142 2337 4214 iusti·

305 4232 402 4307 llaec
425 4236 559 4307 luditis
581 4238 833 4330 willelmus,
873 4252 906 4309 ⁸1
930 4237 1082 4307 “imm
1100 4234 1208 4307 nobis
1230 4260 1294 4332 per
1344 4248 1419 4318 ciae
1441 4246 1548 4339 legis,
1575 4268 1667 4341 quae
1688 4266 1762 4315 esse
1785 4246 1935 4317 debebat
1958 4248 2111 4339 perlecta
2132 4245 2334 4317 obedientia

305 4332 396 4408 hant
417 4339 617 4409 doctrinam
640 4340 723 4409 vere
742 4334 902 4409 exhiberi
924 4340 1096 4432 promim
1110 4340 1295 4429 beneficia,
1344 4351 1441 4421 iuxta
1466 4348 1590 4439 legem.
1664 4346 1767 4419 Hanc
1789 4362 1907 4421 autem
1932 4372 2012 4421 cum
2034 4372 2139 4419 nemo
2161 4358 2336 4440 praestare

303 4441 441 4513 scilibet
455 4440 781 4513 reconciliationem
793 4454 829 4513 tl
845 4440 954 4512 vllam
968 4456 1159 4513 aeternam·
1345 4451 1474 4547 possit,
1501 4473 1581 4520 cum
1597 4446 1683 4522 haec
1698 4450 1824 4519 misera
1848 4463 1974 4523 natura
1996 4446 2183 4522 hominum
2207 4451 2254 4521 sit
2274 4472 2334 4517 ca·

404 4558 565 4650 Quintus
590 4557 712 4645 locus,
753 4573 804 4632 est
836 4558 977 4651 insigne
1005 4571 1040 4632 et
1060 4548 1293 4633 memor'abile
1345 4553 1440 4649 ptiva
1466 4552 1616 4643 peccati,
1642 4552 1760 4645 patefit
1780 4552 1819 4621 in
1840 4550 2035 4643 Evangelio
2062 4574 2153 4622 nova
2180 4551 2332 4637 iusticia,

304 4660 458 4743 dictum,
484 4662 529 4731 de
543 4662 742 4735 ministerio
759 4662 876 4744 verbi,
904 4664 1001 4757 quod
1021 4662 1188 4734 videlicet
1202 4665 1293 4734 den·
1344 4657 1479 4730 scilicet
1500 4656 1636 4725 iutsicia
1654 4655 1825 4748 imputata
1842 4678 1906 4749 per
1921 4654 2211 4725 misericordiam.
2261 4651 2333 4723 Sed

302 4778 359 4833 tur
374 4764 539 4834 remissio
552 4777 796 4857 pcccatorum,
823 4762 978 4856 Spiritus
992 4778 1152 4851 sanctus,
1178 4779 1211 4835 et
1233 4766 1293 4835 in·
1345 4776 1464 4833 temen
1487 4751 1579 4829 benc
1605 4757 1695 4844 fide,
1728 4752 1796 4829 hoc
1818 4770 1886 4841 est,
1928 4758 2107 4848 agnitione
2140 4771 2172 4827 et
2204 4754 2331 4827 fiducie

298 4868 415 4937 coatio
441 4866 532 4937 vitae
558 4880 738 4955 aeternae,
762 4890 827 4961 per
847 4892 970 4938 vocem
986 4862 1173 4959 Evangelii
1188 4870 1294 4939 audi.
1343 4858 1480 4936 Christi
1495 4858 1606 4952 accipi
1623 4873 1808 4951 opportet,
1831 4872 1873 4931 ut
1888 4859 2006 4954 inquit
2021 4855 2161 4929 Esaias:
2193 4854 2332 4929 Noticie

295 4980 392 5056 mm,
419 4970 566 5055 lectam,
592 4992 652 5040 seu
667 4967 866 5061 cogitatam.
917 4966 1009 5041 Cum
1026 4966 1292 5061 vocellvange-
1343 4960 1477 5038 Christi
1496 4961 1863 5048 iustificabitmultos,
1888 4960 1987 5057 quasi
2003 4961 2115 5032 dicat:
2149 4956 2240 5031 Cum
2257 4960 2334 5048 lege

287 5066 337 5140 lii
351 5085 601 5145 sustentantur
614 5072 725 5142 animi
742 5074 780 5142 iu
800 5072 1008 5165 pavoribus,
1035 5072 1192 5166 Spiritus
1209 5098 1292 5143 san·
1345 5064 1509 5139 bomines
1529 5088 1602 5135 non
1626 5064 1696 5137 sint
1720 5064 1804 5136 iusti
1826 5064 2038 5159 senescenti
2062 5062 2156 5147 Deo,
2181 5067 2240 5135 sed
2266 5060 2332 5134 lta·

280 5191 376 5246 ttus
402 5175 509 5246 simol
531 5186 583 5246 est
596 5174 734 5261 efficax,
759 5189 800 5248 ut
822 5176 916 5245 inira
937 5169 1087 5247 dicitur:
1120 5172 1226 5245 Fides
1250 5198 1290 5246 ex
1345 5174 1452 5242 beant
1466 5180 1624 5261 peccata,
1650 5165 1746 5238 Deus
1761 5166 1838 5237 vult
1855 5170 1904 5238 eis
1923 5165 1972 5239 ita
1988 5165 2167 5237 remittere
2184 5179 2333 5257 peccata,

284 5278 428 5348 nostro
444 5290 508 5349 est.
561 5275 660 5348 ldero
685 5272 743 5349 hic
758 5278 886 5364 sentit,
910 5276 1096 5373 inquiens:
1122 5272 1288 5369 Evange-
1345 5285 1379 5345 et
1394 5294 1468 5343 esse
1485 5270 1675 5363 propicius,
1698 5270 1727 5339 si
1743 5269 1954 5359 agnoverint
1969 5288 2049 5338 eum
2065 5262 2150 5338 haec
2164 5268 2331 5340 beneficia

297 5369 389 5447 lium
417 5393 468 5451 est
490 5376 731 5481 potentiallei
755 5382 800 5450 ad
823 5380 970 5451 salutem
996 5378 1096 5449 omni
1120 5381 1291 5465 credenti,
1343 5374 1434 5445 velle
1454 5373 1637 5465 impertire
1657 5386 1801 5467 propter
1819 5371 1952 5458 lilium,
1978 5370 2040 5465 qui
2063 5384 2115 5442 est
2137 5370 2278 5442 victima
2296 5386 2335 5443 et

314 5474 427 5567 idest,
452 5496 506 5553 est
519 5482 795 5555 instrumentum
811 5506 877 5577 per
900 5483 997 5577 quod
1013 5478 1110 5553 Deus
1136 5492 1189 5554 est
1213 5482 1288 5551 clli-
1344 5480 1511 5572 placator.
1571 5474 1672 5547 Haec
1695 5486 1746 5547 est
1767 5474 1915 5567 simplex
1938 5480 1972 5545 et
1993 5470 2113 5544 native
2142 5472 2329 5545 enarratio.

312 5597 383 5671 sss,
410 5588 472 5655 dat
487 5582 662 5677 Spiritum
678 5599 857 5671 sanctum,
883 5607 957 5654 oon
980 5598 1019 5655 ut
1041 5586 1180 5675 fingunt
1195 5580 1288 5655 Pha·
1343 5581 1407 5652 Ait
1430 5593 1565 5650 autem:
1594 5572 1645 5647 Ex
1667 5578 1736 5648 fide
1758 5578 1794 5647 in
1820 5578 1945 5662 iidem,
1971 5576 2099 5659 idest,
2132 5598 2173 5645 ex
2195 5576 2328 5667 imper·

312 5679 421 5768 risset,
448 5708 490 5756 er
505 5712 610 5780 opere
626 5699 771 5779 operato
781 5742 792 5779 ,
825 5686 902 5757 siue
922 5685 1135 5776 cogitatione
1147 5687 1289 5774 mentis,
1342 5684 1430 5754 lecte
1449 5680 1519 5751 fide
1536 5680 1574 5749 in
1598 5676 1854 5771 perfectiorem.
1905 5675 2030 5749 Pate'lit
2055 5676 2199 5769 quidem
2223 5677 2328 5746 mise·
2423 5738 2430 5747 .

310 5792 362 5861 ⁸td
384 5788 483 5861 Deus
504 5788 603 5862 iubet
624 5792 694 5860 bde
715 5788 827 5880 accipi
842 5786 1088 5879 Evangelium.
1139 5786 1286 5861 Etcum
1341 5784 1482 5877 cordia,
1521 5784 1581 5853 sed
1606 5806 1680 5852 uon
1705 5782 1875 5853 omnibus
1899 5777 2209 5874 contingit„quia
2233 5776 2327 5849 Deus

306 5894 426 5988 *scipta
443 5914 543 5963 meus
551 5947 562 5981 ,
585 5892 741 5966 luctatur
754 5914 833 5962 curo
848 5890 1041 5987 pavoribus
1063 5902 1099 5963 et
1121 5890 1288 5962 diiiiden-
1342 5890 1419 5960 vult
1443 5910 1519 5957 eam
1548 5884 1618 5957 lide
1640 5884 1772 5981 accipi:
1813 5885 1874 5956 sed
1904 5905 1984 5953 cum
2008 5876 2111 5949 multi
2132 5880 2251 5953 nolint
2269 5906 2328 5953 ac·
