5825 6950
533 704 582 782 27

1150 673 1276 748 utttI.
1302 671 1420 748 blEIa
1445 665 1658 744 seuleus
1685 667 1986 744 EXEGETlCA.

2536 667 2583 740 28

594 871 648 948 Et
679 862 867 942 habitauit
894 858 934 930 in
958 852 1086 938 nobis,
1118 861 1151 922 et
1175 845 1433 948 conspeximus
1453 841 1540 942 gfo-
1564 855 1569 932 l
1592 848 1808 941 piciatorem.
1860 842 1939 916 Hae
1961 845 2156 918 sententiae
2178 869 2302 916 omnes
2323 845 2507 915 declarant
2531 843 2585 912 di·
2639 849 2640 901 t

1593 967 1687 1023 ctum
1709 946 1978 1038 Evangelistae,
2010 951 2107 1041 quod
2132 949 2297 1020 videlicet
2321 947 2416 1018 filius
2439 945 2506 1014 Dei
2530 949 2585 1014 di·
2639 959 2641 1020 ζ

1594 1066 1709 1123 eatur:
1741 1049 1875 1121 Plenus
1896 1051 2027 1140 gratia,
2059 1052 2096 1119 id
2120 1066 2190 1134 εει,
2214 1075 2298 1120 vere
2319 1066 2353 1121 ει
2375 1049 2587 1120 naturaliter

1595 1157 1747 1228 dilectus
1770 1153 1884 1246 patri,
1916 1167 1951 1224 et
1971 1154 2164 1244 impetrans
2185 1177 2230 1224 ne
2252 1175 2363 1242 genus
2387 1149 2586 1222 humanum
2641 1175 2642 1190 ¹

1596 1281 1741 1350 prorsus
1764 1269 1902 1348 pereat,
1927 1258 1989 1324 sed
2012 1270 2053 1326 ut
2077 1256 2187 1348 aliqui
2209 1270 2354 1346 propter
2376 1255 2493 1344 ipsum
2514 1256 2587 1322 sint
2642 1309 2643 1318 ,

1597 1361 1697 1431 εΙεειὶ
1723 1372 1757 1429 ει
1776 1359 1991 1447 diligantur,
2016 1373 2051 1429 et
2067 1359 2274 1450 impertiens
2289 1357 2516 1428 credentibus
2534 1381 2588 1425 re-

1597 1461 1803 1533 missionem
1819 1475 2059 1552 peccatorum,
2086 1476 2124 1532 ut
2140 1461 2337 1550 diligantur
2352 1477 2386 1532 et
2401 1460 2479 1550 ipsi.

648 977 746 1047 riom
761 969 859 1052 eius,
880 958 1047 1059 gloriam
1062 966 1246 1054 tanquam
1262 948 1459 1047 unigeniti.

650 1130 796 1203 Dixerat
836 1119 881 1191 de
918 1112 1134 1188 assumtione
1172 1103 1364 1189 humanae,
1385 1118 1544 1188 naturae,

551 1262 648 1311 nuere
674 1231 775 1304 addit
796 1219 1019 1298 testimonia,
1053 1230 1088 1288 et
1110 1212 1218 1305 paulo
1240 1223 1320 1302 post
1340 1208 1447 1288 dicit,
1481 1229 1545 1276 cur

551 1345 682 1413 missus
704 1335 749 1404 sit
769 1327 865 1398 fitius
881 1319 970 1406 Dei,
995 1341 1058 1388 cur
1078 1327 1236 1386 versatus
1258 1313 1353 1382 inter
1367 1305 1546 1382 homiues.

552 1445 651 1517 Dicit
670 1436 782 1527 igitur
806 1451 887 1500 eum
911 1420 1086 1494 habitasse
1108 1418 1203 1487 inter
1218 1409 1401 1493 homines,
1428 1413 1464 1482 id
1484 1425 1546 1495 εει,

553 1547 670 1642 palam
687 1543 933 1610 conversatum
949 1547 1023 1596 esse
1038 1545 1118 1594 cum
1135 1515 1362 1600 hominibus,
1386 1511 1545 1586 humano

551 1671 650 1721 more
664 1641 803 1728 vixisse.

657 1743 764 1835 Quod
789 1735 1030 1824 intelligatur,
1061 1740 1101 1798 ut
1123 1746 1230 1816 supra
1250 1719 1414 1790 enarravi
1436 1717 1549 1809 parti-

554 1854 671 1924 culam
691 1842 837 1916 Paulini
869 1835 972 1908 dicti:
1006 1829 1142 1900 Habitu
1173 1827 1341 1894 inventus
1361 1835 1402 1892 ut
1425 1817 1548 1891 homo.

1700 1613 1925 1704 intelligatur
1949 1615 2058 1703 igitur
2080 1615 2192 1704 gratie
2212 1639 2286 1685 non
2302 1627 2440 1686 tantum
2456 1615 2500 1683 de
2514 1615 2587 1704 pri-

1601 1734 1680 1790 vata
1703 1717 1911 1801 dilectione,
1936 1719 1997 1787 scd
2017 1719 2121 1788 etiam
2139 1719 2183 1786 de
2200 1717 2495 1787 communicanda
2512 1742 2587 1786 cae-

1599 1823 1683 1894 teris
1707 1821 1844 1904 electis,
1879 1819 2042 1890 videlicet
2065 1821 2161 1912 quod
2186 1832 2333 1910 propter
2356 1815 2452 1888 branc
2474 1819 2586 1888 filium

554 1954 695 2029 Deinde
717 1954 918 2040 sequuntur
940 1931 1163 2011 testimonia,
1194 1927 1294 2020 quot
1314 1921 1374 1996 bic
1399 1923 1548 1995 Messias
1599 1945 1710 2016 genus
1738 1917 1936 1992 humanum
1966 1923 2012 1993 sit
2040 1936 2198 2014 ereptum
2226 1923 2412 2016 tyrannidi
2441 1923 2588 2004 diaboli,

555 2065 786 2129 conversatus
807 2067 888 2116 cum
906 2035 1136 2114 hominihus,
1163 2053 1368 2124 quanquam
1383 2029 1550 2098 induerat
1600 2043 1636 2100 et
1659 2028 1840 2098 credentes
1855 2026 1927 2094 siut
1945 2025 2064 2108 electi,
2086 2039 2121 2095 ει
2134 2025 2342 2116 diligantur.
2397 2021 2585 2093 infrarur-

554 2157 827 2232 mortalitatem,
853 2159 888 2215 el
910 2142 959 2212 sii
978 2161 1062 2208 vere
1083 2132 1211 2216 homo,
1238 2148 1358 2205 tamen
1379 2130 1486 2201 etiam
1504 2129 1550 2198 sit
1600 2153 1659 2201 sus
1689 2143 1866 2222 utrunque
1889 2127 2161 2218 appellationem
2186 2139 2318 2219 repetet
2340 2128 2462 2195 eadem
2481 2127 2585 2216 signi-

554 2264 651 2334 filius
673 2254 742 2328 Dei
766 2264 903 2343 potens.
965 2241 1051 2312 ideo
1074 2238 1141 2307 oili
1175 2232 1349 2309 Vidimus
1373 2233 1449 2302 eius
1472 2232 1550 2321 glo·
1601 2233 1783 2314 ficatioue,
1816 2229 1880 2299 ubi
1902 2253 1938 2298 se
1958 2230 2088 2300 clarius
2108 2229 2278 2314 declarat,
2311 2231 2447 2298 dicens:
2481 2229 2586 2298 Acce-

555 2367 668 2445 riam,
695 2359 732 2426 id
755 2367 826 2432 est,
852 2345 1043 2428 miracula,
1068 2339 1224 2411 vidimus
1241 2362 1322 2408 eum
1337 2333 1550 2406 resuscitan·
1603 2335 1719 2427 pimus
1741 2334 1890 2422 gratiam
1913 2357 1977 2426 pro
2000 2333 2129 2422 gratia,
2164 2333 2292 2418 idest,
2328 2333 2485 2402 favorem
2509 2359 2584 2420 erga

557 2484 630 2538 tem
646 2473 827 2536 mortuos,
851 2450 1009 2522 vidimus
1024 2459 1058 2515 et
1074 2444 1190 2534 ipsum
1207 2453 1454 2534 postmortem
1469 2460 1552 2507 rur·
1601 2462 1686 2522 nos,
1713 2461 1778 2528 pro
1791 2435 1912 2504 favore
1927 2458 2006 2525 erga
2021 2437 2149 2525 ipsum,
2172 2435 2264 2504 sicut
2277 2448 2359 2504 ame
2375 2437 2505 2506 dicium
2522 2451 2583 2504 ω,

557 2593 619 2640 sus
650 2566 851 2641 viventem,
885 2566 920 2625 et
946 2549 1133 2621 nobiscum
1156 2543 1381 2614 familiariter
1404 2562 1551 2609 versan·
1602 2537 1717 2630 Elegit
1736 2561 1801 2608 noa
1818 2538 1857 2605 in
1877 2538 1972 2628 ipso,
1998 2539 2034 2606 id
2054 2552 2123 2617 ρει,
2151 2551 2296 2629 propte,
2312 2539 2438 2629 ipsum·

557 2689 652 2748 tem,
678 2679 720 2736 ut
741 2660 913 2733 sciremus
931 2678 995 2750 per
1011 2674 1092 2723 eum
1110 2647 1191 2717 tolli
1205 2661 1386 2738 peccatum
1401 2655 1437 2713 et
1453 2665 1552 2712 mor-

558 2791 649 2855 tem,
674 2780 711 2839 et
731 2783 881 2853 regnare
904 2780 1004 2835 eum,
1029 2778 1071 2824 ac
1095 2751 1181 2820 dare
1194 2749 1421 2819 credentibus
1435 2744 1553 2834 Spiri-

558 2893 637 2948 tum
653 2882 827 2949 sanctom,
850 2859 1026 2932 iusticiam
1042 2868 1077 2925 et
1091 2854 1200 2923 vitam
1217 2864 1410 2923 aeternam.
1455 2845 1554 2916 Haec

558 3002 635 3050 non
659 2982 808 3067 possunt
829 2963 925 3047 fieri,
950 2959 1021 3030 nisi
1036 2956 1158 3026 divina
1171 2955 1344 3048 potentia.
1396 2949 1481 3021 ldeo
1497 2947 1554 3018 di-

560 3083 609 3152 cit
623 3101 698 3163 csse
711 3071 862 3163 gloriam
876 3060 1053 3153 unigeniti
1069 3083 1090 3128 a
1105 3070 1216 3151 patre.

663 3175 837 3250 Nominat
868 3179 987 3240 autem
1016 3158 1200 3233 Christum
1229 3153 1475 3248 unigenitum,
1515 3166 1555 3224 ut

560 3285 737 3355 discernat
766 3297 849 3347 eum
878 3295 900 3340 a
928 3267 1076 3338 caeteris
1104 3260 1256 3345 sanctis,
1286 3259 1350 3352 qui
1380 3269 1465 3328 srtnt
1489 3255 1556 3324 filii

560 3383 766 3479 adoptione.
818 3375 868 3448 At
887 3368 948 3443 hic
969 3366 1134 3440 Christus
1154 3378 1206 3435 εει
1227 3377 1354 3434 natura
1377 3359 1493 3444 filius,
1519 3359 1554 3427 id

562 3503 632 3573 est,
657 3489 703 3557 de
718 3478 916 3554 substantia
933 3474 1063 3567 patris,
1088 3486 1249 3559 utsupra
1266 3465 1434 3535 diximus.

1705 2690 1819 2764 Addit
1840 2706 1976 2762 autem:
2003 2690 2136 2762 Plenus
2158 2693 2323 2772 veritate,
2351 2691 2474 2772 idest,
2499 2713 2577 2758 vera

1603 2795 1670 2868 Dei
1693 2796 1846 2879 noticia,
1871 2809 1907 2865 et
1928 2817 2009 2863 vera
2035 2795 2192 2879 iusticia,
2221 2795 2364 2886 propria
2383 2809 2581 2864 etcommu-

1604 2899 1769 2970 nicanda.
1823 2896 1913 2966 Nam
1934 2897 1973 2969 in
1988 2896 2061 2966 filio
2080 2921 2162 2972 vere
2176 2898 2270 2968 lucet
2285 2898 2416 2968 noticia
2431 2893 2514 2974 Dei,
2541 2896 2585 2962 si-

1606 3017 1665 3074 cut
1682 3001 1731 3072 ait
1749 2995 1921 3070 Matthaei
1942 3003 2014 3072 tt.:
2041 2998 2153 3068 Nemo
2172 3002 2273 3070 novit
2289 3001 2420 3083 filium,
2445 2999 2512 3066 nisi
2528 3023 2585 3089 pa-

1606 3120 1677 3189 ter,
1702 3125 1818 3196 neque
1835 3114 1970 3193 patrem
1987 3104 2173 3195 quisquam
2192 3104 2312 3188 novit,
2338 3103 2409 3171 nisi
2423 3101 2534 3184 filius,
2559 3117 2587 3169 et

1606 3207 1663 3279 cui
1688 3205 1841 3275 voluerit
1861 3203 1955 3272 filius
1979 3204 2147 3276 revelare.
2200 3203 2288 3275 item
2305 3208 2348 3275 ad
2367 3202 2525 3274 Ehraeos
2542 3209 2584 3274 l.:

1608 3309 1676 3380 Per
1695 3308 1829 3390 hlium,
1855 3305 1918 3399 qui
1944 3319 1991 3375 cst
2016 3307 2133 3396 fulgor
2154 3308 2287 3396 gloriae
2309 3321 2343 3377 et
2364 3307 2496 3397 effigies
2514 3307 2590 3375 sub-

1606 3411 1756 3486 stantiae
1783 3409 1871 3483 cius.
1936 3405 2031 3499 Ergo
2061 3411 2099 3479 in
2125 3411 2198 3481 lilio
2223 3425 2273 3481 est
2295 3433 2378 3480 vera
2404 3424 2438 3479 et
2462 3409 2591 3499 integra

1609 3514 1739 3587 noticia
1761 3516 1894 3585 aeterni
1912 3511 2000 3597 Dei,
2033 3512 2148 3605 qualis
2171 3514 2208 3581 in
2232 3514 2330 3583 nulla
2353 3528 2512 3583 creatura
2536 3530 2594 3595 est,

1609 3642 1673 3687 nec
1694 3616 1814 3707 patefit
1837 3618 1916 3686 aliis
1940 3616 2009 3685 uisi
2034 3639 2097 3705 per
2118 3616 2243 3687 filium.
2312 3616 2413 3688 Sicut
2436 3618 2511 3707 ipse
2533 3618 2592 3685 ait:

1609 3720 1722 3791 Nemo
1745 3718 1846 3789 novit
1870 3732 2001 3809 paurem
2025 3719 2093 3786 nisi
2116 3718 2230 3803 filius,
2255 3734 2289 3789 et
2311 3720 2366 3789 cui
2391 3718 2482 3788 volet
2506 3720 2596 3788 filius

665 3838 750 3910 Non
781 3831 936 3903 dubium
968 3839 1036 3909 cst,
1075 3821 1165 3917 quin
1195 3822 1241 3891 de
1268 3819 1345 3887 lilio
1373 3818 1557 3912 loquatur:
1610 3820 1777 3892 revelare.
1829 3819 1898 3890 Per
1919 3816 2017 3890 hunc
2039 3822 2149 3909 igitur
2169 3823 2265 3891 edita
2285 3836 2336 3892 est
2354 3822 2542 3908 promissio
2557 3828 2596 3889 de

565 3944 675 4038 Quod
697 3938 793 4010 enim
816 3936 983 4005 laborant
1003 3927 1147 4020 quidam
1164 3919 1329 3993 hocloco
1348 3922 1392 3990 de
1409 3920 1560 4015 syntaxi,
1611 3924 1792 3992 voluntate
1814 3924 1944 4013 patris,
1970 3923 2073 3993 initio
2091 3938 2169 4012 post
2184 3924 2323 4017 lapsum
2341 3924 2459 4007 Adae,
2487 3939 2525 3995 et
2542 3949 2599 4013 per

564 4063 825 4140 supervacanea
854 4034 1034 4105 cavillatio
1063 4041 1127 4100 est.
1185 4024 1357 4097 Refertur
1386 4025 1483 4093 enim
1513 4027 1557 4095 ad
1611 4030 1725 4117 ipsum
1743 4026 1913 4097 illucescit
1929 4018 2014 4095 haec
2030 4026 2160 4096 noticia
2175 4027 2598 4114 mentibuscredentium‚

565 4150 768 4243 superiora:
793 4138 958 4237 Verbum
982 4156 1063 4202 caro
1087 4131 1220 4199 factum
1240 4142 1312 4211 est,
1334 4140 1369 4195 et
1382 4121 1561 4198 habitavit
1611 4152 1691 4199 cum
1728 4151 1791 4219 per
1826 4129 1973 4197 verbnm
2003 4148 2107 4197 suum
2136 4129 2197 4199 dat
2224 4128 2398 4220 Spiritum
2430 4144 2599 4200 sanctum.

566 4256 606 4325 in
636 4248 759 4329 nobis,
795 4243 942 4333 plenum
975 4233 1109 4325 gratiae
1137 4244 1175 4301 ct
1204 4229 1372 4299 veritatis.
1433 4226 1557 4299 Gratia
1593 4230 1744 4317 'Porro,
1770 4254 1889 4299 veram
1909 4228 1974 4299 Dei
1996 4230 2164 4299 noticiam
2186 4232 2378 4301 comitatur
2400 4256 2480 4301 vera
2500 4233 2600 4302 iusti-

566 4353 740 4446 significst
767 4342 865 4415 haud
895 4340 1006 4409 dubie
1035 4336 1193 4404 favorem
1216 4332 1302 4416 Dei,
1335 4346 1456 4425 estque
1478 4357 1559 4403 sen·
1611 4333 1682 4418 cia,
1715 4334 1843 4403 ardens
1866 4334 2010 4404 dilectio
2034 4330 2121 4415 Dei,
2148 4348 2182 4405 et
2203 4358 2285 4403 vera
2310 4333 2538 4419 obedientia,
2562 4342 2601 4403 de

567 4456 697 4530 tentia:
731 4448 802 4520 llic
832 4446 928 4515 filius
957 4440 1113 4533 primum
1143 4450 1180 4506 et
1206 4432 1418 4505 naturaliter
1440 4457 1461 4501 a
1483 4431 1558 4506 Deo
1612 4428 1693 4530 qua*
1714 4458 1816 4525 saepe
1850 4436 1937 4504 alias
1968 4435 2119 4518 dicitur,
2154 4449 2193 4505 ut
2217 4435 2343 4506 Esaiae
2358 4436 2411 4511 6.:
2444 4436 2603 4525 Spiritus

567 4558 749 4649 diligitur,
796 4562 919 4641 estque
945 4564 1071 4626 caiisa,
1116 4534 1402 4631 propterquam
1433 4538 1560 4607 caeteri
1612 4538 1750 4607 domini
1772 4561 1879 4630 super
1898 4564 1971 4623 me,
1997 4562 2038 4607 co
2055 4542 2151 4632 qtrod
2165 4541 2307 4611 unxerit
2322 4564 2394 4622 me;
2422 4552 2456 4609 et
2470 4541 2602 4611 Colos-

567 4676 652 4735 sunt
671 4654 773 4728 electi
797 4667 831 4725 et
848 4649 1062 4737 diliguntur.
1112 4636 1317 4730 Ephesia
1343 4636 1560 4711 Dilesitnos
1612 4643 1797 4713 seuses2.:
1832 4638 1874 4711 ln
1904 4642 1980 4729 ipso
2003 4637 2141 4712 habitat
2164 4644 2281 4711 omnis
2304 4642 2488 4733 plenitudo
2513 4645 2605 4714 disi-

567 4769 606 4837 in
629 4764 782 4837 dilecto,
812 4757 947 4836 idest,
980 4758 1127 4838 propter
1147 4744 1263 4813 filium
1284 4742 1473 4828 dilectum,
1498 4766 1562 4833 per
1614 4744 1734 4813 nitatis
1749 4744 1994 4833 corporaliter.
2047 4742 2167 4832 Quare
2182 4746 2220 4812 in
2235 4770 2276 4813 eo
2293 4768 2373 4813 vera
2388 4746 2531 4817 iusticia
2548 4762 2606 4823 cst,

552 4888 675 4965 ‘quem
698 4856 872 4931 babemus
892 4848 1147 4923 redemtionem
1171 4870 1235 4935 per
1249 4845 1459 4935 sanguinem
1475 4846 1561 4915 eius.
1613 4860 1647 4915 ει
1675 4845 1813 4934 integra
1841 4846 1927 4933 legis
1951 4847 2123 4937 impletio.
2189 4846 2235 4917 Ut
2260 4860 2377 4917 autem
2404 4850 2448 4915 de
2472 4852 2607 4921 noticia

570 4972 669 5041 ldem
705 4965 809 5033 docet
842 4980 912 5026 vox
941 4951 1118 5024 coelestis:
1158 4947 1229 5019 Hic
1260 4961 1313 5019 εει
1339 4948 1433 5017 filius
1462 4972 1562 5019 meus
1614 4946 1680 5017 Dei
1703 4950 2018 5027 communicanda,
2042 4949 2092 5018 sic
2113 4963 2146 5018 et
2167 4950 2212 5018 de
2230 4950 2531 5021 communicanda
2553 4954 2608 5019 iu·

567 5074 739 5150 dilectus,
772 5084 845 5155 quo
866 5057 1042 5133 delector,
1076 5049 1174 5124 bunc
1196 5053 1328 5121 audite.
1395 5048 1563 5121 Testatur
1614 5049 1714 5120 stiria
1738 5050 1899 5141 loquitur
1920 5048 2156 5141 Evangelista.
2209 5050 2299 5124 Cum
2322 5047 2485 5123 Christus
2512 5060 2609 5125 noti-

568 5196 652 5263 ergo
688 5164 789 5239 bunc
826 5160 939 5231 lilium
979 5156 1135 5246 primum
1173 5153 1304 5236 amari,
1347 5164 1381 5222 ct
1416 5165 1563 5244 propter
1614 5154 1704 5222 ciam
1719 5150 1787 5231 Dei
1808 5152 2034 5223 credentibus
2057 5156 2296 5224 communicat
2320 5178 2381 5245 per
2403 5158 2557 5227 verbum
2577 5176 2609 5225 et

570 5274 668 5345 huuc
691 5270 836 5341 electam
859 5285 934 5333 ease
951 5275 985 5329 et
1001 5257 1102 5347 diligi
1116 5253 1330 5342 Ecclesiam,
1355 5278 1446 5347 quae
1463 5256 1564 5327 audit
1614 5252 1787 5346 Spiritum
1810 5268 1991 5339 sanctum,
2018 5256 2121 5325 ctiam
2138 5257 2278 5325 iusticia
2292 5281 2385 5327 nova
2403 5259 2559 5330 efficitur
2574 5262 2609 5325 ia

570 5377 668 5449 bunc
691 5372 826 5453 filium,
859 5359 993 5457 Ephes.
1011 5363 1064 5431 1.:
1091 5359 1193 5431 Sicut
1212 5359 1318 5449 elegit
1341 5380 1408 5425 nos
1430 5358 1562 5451 inipso
1614 5358 1784 5429 cordibus
1806 5359 2039 5431 credentium.
2091 5357 2181 5429 Cum
2204 5360 2299 5428 enim
2322 5361 2441 5449 agnito
2465 5377 2611 5453 peccato

568 5494 653 5551 ante
684 5472 928 5546 conditionem
959 5462 1105 5545 mundi,
1138 5475 1179 5530 ut
1209 5484 1364 5530 essemus
1388 5460 1502 5530 sanati
1529 5474 1565 5531 et
1615 5473 1648 5530 et
1666 5460 1897 5530 damnatione
1912 5461 2043 5546 nostri,
2069 5462 2278 5549 agnovimus
2294 5464 2398 5533 etiam
2413 5460 2610 5553 perEvaa-

570 5575 788 5653 immaculati
814 5593 933 5642 coram
956 5564 1055 5649 Deo,
1081 5562 1392 5652 perdilectionem
1416 5566 1565 5654 praede·
1586 5523 1591 5646 i
1615 5562 1747 5653 galium
1784 5560 2062 5633 misericordiam
2096 5561 2163 5636 Dei
2201 5566 2414 5637 remittentis
2451 5584 2611 5665 peccata,

569 5684 708 5755 stinans
734 5699 801 5748 nos
833 5676 878 5742 ad
911 5666 1141 5758 adoptionem
1171 5665 1329 5735 filiomm
1358 5690 1422 5759 per
1448 5666 1563 5736 lesum
1587 5659 1590 5772 i
1616 5665 1801 5736 liberantis
1831 5688 1898 5735 nos
1921 5686 1941 5732 a
1964 5667 2212 5758 damnatione,
2248 5666 2468 5759 recipientis,
2502 5674 2613 5740 aditi-

567 5781 752 5859 Cbristum
782 5778 823 5846 in
847 5776 978 5867 ipsum,
1012 5784 1046 5839 ct
1069 5765 1177 5843 Rom.
1193 5767 1247 5839 &z
1282 5766 1351 5837 Per
1373 5768 1564 5839 redemtio·
1587 5775 1591 5812 ¹
1616 5768 1734 5839 vantis
1756 5781 1790 5842 et
1811 5767 1983 5839 salvantis
2008 5792 2094 5856 nos,
2118 5770 2311 5861 incipimus
2333 5794 2414 5841 eum
2430 5771 2615 5851 invocare,

570 5910 653 5959 netn
677 5886 716 5955 in
739 5877 885 5955 Christo
905 5872 1002 5959 lesu,
1028 5896 1133 5965 quem
1157 5872 1342 5965 proposuit
1361 5868 1457 5943 Deus
1482 5896 1565 5965 pro·
1587 5817 1591 5915 1
1607 5872 1650 5943 ἐι
1665 5894 1730 5941 nos
1746 5869 1776 5940 ei
1794 5870 1985 5957 subiicere,
2012 5887 2046 5945 ct
2062 5896 2140 5945 eum
2155 5874 2319 5962 diligere,
2347 5870 2613 5945 stauracius.

768 3678 927 3755 Plenum
946 3671 1098 3771 gratias
1120 3678 1151 3740 et
1175 3664 1352 3741 veritatis.
