5825 6950
586 758 680 838 1271

588 948 666 1005 turc
704 922 819 997 Filius
850 918 911 1012 qui
942 930 993 986 est
1016 916 1052 983 io
1077 914 1158 983 siun
1186 911 1304 1002 patris.
1373 906 1480 993 ltem,
1519 902 1577 975 lo-

591 1034 698 1105 bauu.
716 1028 769 1101 &t
804 1024 916 1093 Filius
940 1008 1095 1087 hominis
1118 1014 1180 1109 qui
1204 1013 1316 1084 estin
1342 1013 1452 1084 coelo.
1504 1005 1578 1091 Re-

592 1136 768 1228 spondeo:
805 1127 846 1196 ln
869 1124 1031 1219 symbolo
1053 1120 1271 1207 intelligatur
1285 1115 1439 1198 dictum,
1465 1124 1503 1182 ut
1521 1134 1578 1178 so-

593 1255 652 1308 nat
668 1236 789 1315 litera,
816 1242 849 1297 ct
866 1232 909 1294 de
923 1246 1068 1314 corpore
1085 1222 1178 1309 etde
1195 1218 1371 1308 corporali
1391 1214 1579 1285 locatione.

592 1336 782 1419 Ascendit,
815 1331 946 1402 scilicet
973 1322 1205 1415 corporaliet
1228 1312 1371 1415 physica
1396 1317 1581 1395 locatione,

593 1444 631 1509 in
654 1438 811 1518 coelum,
837 1434 873 1500 id
898 1430 970 1512 est‚'
992 1431 1028 1495 in
1054 1428 1167 1493 locum
1193 1422 1398 1504 coelestem,
1423 1420 1580 1488 ubicun-

593 1554 754 1635 quaest,
779 1536 862 1629 quia
887 1528 1040 1601 hicnon
1069 1540 1149 1594 sunt
1176 1524 1357 1612 lingendae
1383 1522 1580 1608 allegoriae.

596 1644 764 1715 Ascensio
789 1636 856 1706 fuit
882 1633 1033 1701 visibilis
1061 1644 1094 1697 et
1123 1625 1336 1717 corporalis,
1366 1638 1413 1694 et
1446 1645 1583 1712 semper

593 1746 640 1812 ita
672 1740 810 1833 scripsit
839 1751 910 1807 tota
945 1733 1157 1824 antiquitas,
1198 1724 1380 1798 Christum
1408 1722 1582 1816 corporali

593 1846 769 1915 locatione
791 1842 829 1909 in
852 1835 973 1931 aliquo
996 1836 1074 1905 loco
1099 1856 1173 1901 esse
1197 1828 1401 1923 ubicunque
1425 1828 1521 1909 vult,
1550 1837 1584 1895 el

593 1950 749 2017 ascensio
768 1941 960 2033 corporalis
976 1940 1065 2007 facta
1084 1949 1132 2003 est
1143 1956 1293 2002 sursum.
1347 1928 1430 2000 ldeo
1452 1928 1583 1999 Paulus

592 2051 630 2119 in
650 2048 716 2119 hoc
732 2047 847 2153 capite
864 2044 981 2113 locum
999 2040 1101 2109 illum
1120 2035 1281 2105 nominat
1295 2056 1447 2103 sursum.

697 2216 746 2291 At
768 2219 806 2287 in
829 2212 1094 2307 propositione:
1122 2205 1237 2275 Filius
1260 2204 1394 2296 qui'est
1414 2203 1452 2272 in
1472 2204 1583 2288 coelo,

592 2326 729 2395 dictum
764 2317 985 2406 intelligatur
1012 2307 1334 2381 communicatione
1360 2306 1584 2377 idiomatum.

594 2420 721 2525 Λόγος
735 2442 873 2512 semper
895 2431 948 2489 cst
969 2419 1008 2484 in
1034 2412 1153 2494 coelo,
1180 2409 1315 2477 etiamsi
1338 2406 1514 2498 corporali
1531 2408 1584 2477 lo-

544 2588 549 2591 .
593 2532 733 2599 catione
748 2546 885 2613 corpus
908 2534 958 2588 est
980 2520 1019 2585 in
1035 2514 1185 2603 virgine.
1239 2508 1334 2579 Haec
1349 2510 1507 2579 narratio
1524 2534 1583 2578 er-

595 2650 711 2721 pressa
728 2642 779 2697 est
799 2628 837 2693 in
853 2622 1077 2693 enarratione
1093 2614 1265 2709 symboli,
1293 2626 1380 2704 'quea
1399 2613 1528 2705 legitor
1544 2612 1582 2679 in

594 2733 698 2801 libris
712 2726 902 2823 Cypriani,
923 2724 988 2791 etsi
1003 2720 1087 2789 alibi
1104 2716 1287 2805 inscriptio
1301 2728 1366 2784 est:
1393 2710 1582 2783 Enar'ratio

593 2832 754 2915 Rullini,
794 2826 966 2899 Ascendit
992 2825 1035 2890 ad
1068 2820 1204 2897 coelos,
1246 2841 1319 2885 uon
1345 2816 1408 2885 uhi
1432 2817 1580 2885 verbum

595 2931 692 3005 Deus
717 2947 819 3002 antea
842 2952 914 2997 non
937 2928 1074 3005 luserat,
1107 2920 1238 3013 qnippe
1262 2920 1325 3011 qni
1349 2918 1422 2988 e‘rat
1444 2940 1583 3007 semper

595 3039 634 3105 in
652 3035 771 3119 coelo,
797 3047 831 3102 et
848 3031 1014 3098 manebat
1031 3048 1111 3095 cum
1130 3036 1244 3112 patre,
1272 3025 1330 3089 sed
1347 3021 1408 3089 uhi
1433 3020 1580 3089 verbum
1605 3076 1606 3079 ,

593 3162 677 3209 caro
690 3138 821 3207 factum
840 3146 942 3200 antea
957 3153 1030 3197 non
1046 3126 1209 3207 sedebat,
1236 3124 1271 3191 ld
1290 3137 1355 3206 est,
1374 3124 1436 3191 ubi
1454 3146 1582 3211 corpus

594 3253 697 3311 antea
720 3260 793 3306 non
817 3230 988 3303 habuerat
1008 3227 1226 3317 corporalem
1250 3224 1474 3294 locationem.
1524 3224 1583 3295 Sic

596 3340 818 3430 Augustinus
832 3335 1010 3428 loquitur,
1037 3345 1071 3400 et
1087 3330 1243 3398 citantur
1259 3330 1365 3395 verba
1388 3329 1424 3393 in
1442 3326 1583 3431 Longo-

594 3440 848 3515 baructius.
876 3437 1032 3508 distinct.
1056 3434 1136 3502 22:
1181 3418 1261 3501 Nou
1285 3430 1421 3499 dimisit
1448 3444 1583 3520 patrem

593 3542 776 3628 Christus,
801 3565 881 3611 cum
897 3540 992 3609 venit
1010 3535 1203 3615 infirmior,
1226 3530 1359 3624 ubique
1374 3545 1488 3609 totus,
1505 3532 1585 3600 ubi-

597 3671 667 3742 que
683 3646 867 3738 persectus.
933 3639 1071 3709 Deinde
1096 3618 1377 3704 additur¹lorma
1394 3635 1584 3703 sermonis:

597 3749 740 3842 Ubique
762 3761 857 3816 totus
881 3757 949 3821 est,
980 3745 1039 3809 sed
1065 3761 1138 3806 nou
1160 3728 1296 3806 sotiarat*
1315 3732 1412 3804 l‘Alii
1437 3738 1584 3806 concin-

592 3854 679 3922 nius
700 3851 808 3920 locuti
833 3862 936 3918 sunt:
974 3840 1174 3932 Propositio
1206 3863 1286 3907 vera
1308 3848 1360 3908 est
1383 3839 1584 3908 comntuni-

596 3954 735 4024 catione
749 3952 976 4021 idiomatum:
992 3939 1155 4012 Christus
1169 3941 1303 4034 ubique
1321 3954 1383 4010 est.

689 4111 906 4185 Athanasius
922 4110 969 4177 sie
982 4106 1143 4200 loquitur
1155 4107 1198 4172 de
1214 4105 1456 4174 incarnatione
1470 4106 1585 4176 verbi:

591 4213 723 4318 Λόγος
738 4240 812 4306 non
829 4214 1013 4301 colligatus
1029 4223 1080 4276 est
1105 4208 1263 4298 corpori,
1289 4210 1348 4274 sed
1367 4207 1441 4297 ipse
1457 4232 1586 4298 corpus

595 4323 770 4403 continet,
804 4331 843 4387 ut
868 4329 900 4384 et
926 4315 964 4381 iu
988 4334 1029 4381 eo
1054 4310 1117 4389 sit,
1142 4321 1176 4376 et
1198 4323 1292 4376 extra
1319 4311 1438 4394 omnia
1448 4358 1460 4391 ,
1489 4324 1524 4380 et
1549 4311 1586 4379 io

596 4427 677 4495 sinu
703 4421 830 4510 patris,
857 4440 972 4508 neque
992 4436 1075 4505 cum
1097 4411 1142 4478 sit
1166 4409 1204 4476 in
1227 4411 1414 4508 omnibus,
1440 4412 1479 4481 lit
1508 4437 1586 4502 pars

594 4531 632 4598 io
655 4527 827 4605 aliorum,
853 4521 913 4588 sed
933 4516 1052 4586 omnia
1075 4514 1204 4595 vitam,
1225 4514 1586 4608 sustentationemque

594 4633 640 4701 ab
658 4631 735 4720 ipso
754 4624 946 4720 accipiunt.

697 4793 745 4866 Ut
769 4770 885 4860 autem
914 4789 957 4855 de
983 4783 1085 4854 locali
1115 4783 1319 4852 ascensione
1343 4796 1490 4854 naturae
1515 4779 1584 4854 hu-

594 4921 719 4969 manae
735 4894 868 4964 dictum
886 4904 952 4957 est:
977 4886 1147 4956 Ascendit
1164 4889 1206 4953 ad
1231 4887 1366 4970 coelos,
1392 4888 1440 4954 ita
1459 4888 1503 4955 de
1525 4912 1582 4956 ex-

593 5001 761 5071 altatione
782 5009 927 5063 naturae
949 4986 1124 5059 humanae
1147 5011 1253 5076 super
1268 5010 1390 5055 omnes
1408 5003 1583 5058 creaturas

594 5105 728 5171 dictum
744 5112 812 5166 est:
837 5095 942 5165 Sedet
960 5095 1004 5161 ad
1023 5093 1198 5159 dexteram
1216 5090 1334 5178 patris,
1356 5105 1395 5158 ut
1415 5083 1472 5160 hic
1490 5089 1581 5158 Pan·

594 5207 649 5273 lus
668 5202 800 5294 inquit:
829 5196 900 5268 Ubi
917 5198 1027 5265 estad
1047 5195 1223 5260 dexteram
1242 5191 1309 5262 Dei
1331 5196 1466 5265 sedens.
1520 5189 1581 5263 Ait

592 5301 775 5374 Christum
801 5324 939 5367 sursum
965 5321 1055 5380 esse,
1096 5307 1129 5362 et
1162 5294 1305 5384 quidem
1337 5296 1379 5362 ad
1403 5296 1579 5363 dexteram

587 5404 679 5492 Dei,
706 5405 835 5484 idest,
862 5425 934 5470 non
957 5413 996 5468 ut
1018 5397 1111 5468 beati
1135 5395 1249 5482 angeli
1274 5410 1306 5464 et
1322 5390 1486 5465 homines
1502 5419 1579 5466 sur-

1136 748 1158 828 ſj
1177 734 1303 814 rute.
1330 732 1448 811 Mat.
1474 730 1686 807 SCRIPTA
1713 720 2016 814 Exacuunt.
2056 818 2071 827 „

2512 748 2589 825 1272

1631 932 1710 979 mats
1732 913 1776 979 ad
1803 936 1882 982 eum
1908 924 1943 983 et
1973 914 2192 986 mansionem
2224 918 2318 1005 apud
2345 942 2421 987 erun
2450 920 2590 993 iaciemus

1632 1028 1698 1082 etc.
1715 1013 1961 1101 intelligantur
1975 1020 2297 1089 communicatione
2322 1020 2528 1098 idiomatum.
2558 1026 2592 1099 Ft

1631 1118 1675 1211 de
1701 1110 1766 1184 hac
1792 1120 1986 1207 praesentia
2009 1120 2072 1189 filii
2097 1125 2133 1191 in
2162 1120 2420 1211 praedicatione
2435 1120 2592 1210 Evangelii

1633 1230 1666 1285 et
1690 1216 1728 1317 ln
1752 1210 1900 1299 sanctis,
1932 1244 2073 1292 necesse
2088 1241 2139 1295 est
2156 1218 2514 1307 Ecclesiam-fideliter
2529 1242 2594 1297 erti-

1634 1320 1722 1400 diri,
1763 1334 1802 1389 ut
1828 1322 2057 1411 agnoscamus
2088 1325 2284 1395 [laurinum
2318 1327 2593 1398 nostrum·lest1n

1632 1408 1813 1511 Christum
1831 1428 1948 1492 adesse
1964 1418 2166 1515 Ecclesiae,'
2188 1442 2222 1498 et
2239 1450 2312 1497 esse
2329 1430 2554 1519 capht'tilnnia
2567 1434 2595 1501 lu

1634 1524 2021 1617 omrribtrsp··rficiens'.'
2085 1547 2099 1563 ⁹
2193 1544 2200 1567 ⁸
2274 1531 2283 1537 ’
2434 1517 2534 1581 Ι“”·[”

1722 1626 1727 1671 l
1959 1634 1968 1659 τ
2237 1628 2268 1657 ¹¹
2371 1642 2505 1683 ,trtius
2555 1650 2580 1665 ·r

1721 1692 1817 1775 ,lam
1829 1697 1871 1763 ad
1890 1693 2147 1785 Argumentum
2167 1698 2270 1771 Pauli
2295 1704 2421 1784 redeo,
2453 1703 2512 1795 qui
2532 1704 2597 1775 lacit

1636 1792 1827 1869 antithesin
1846 1800 1971 1870 mortis
1993 1814 2133 1870 nostrae
2147 1816 2181 1871 et
2195 1806 2472 1878 resurrectionis.
2522 1804 2597 1887 Dicit

1637 1922 1700 1969 nos
1722 1920 1794 1968 esse
1819 1915 1996 1985 mortuos,
2016 1903 2179 1987 scilicet,
2210 1908 2352 1999 quiain
2372 1931 2452 1976 cera
2472 1930 2597 1976 concer-

1635 2003 1735 2071 sione
1759 2014 1884 2070 natura
1909 2004 2059 2073 carnalis
2083 2008 2208 2093 incipit
2233 2008 2344 2092 ctiori,
2379 2024 2414 2079 et
2435 2010 2529 2079 addit
2550 2034 2597 2079 nos

1636 2105 1859 2173 resuscitatus
1876 2126 1967 2188 esse,
1991 2107 2073 2198 quia
2093 2109 2280 2179 vivificatio
2294 2110 2436 2183 inooata
2450 2124 2514 2193 est,
2529 2112 2597 2183 sicut

1635 2219 1670 2275 et
1687 2228 1792 2295 supra
1816 2207 1954 2275 locutus
1977 2224 2038 2303 est,¹
2067 2207 2185 2279 .Hiuc
2209 2214 2597 2302 docitsrr·argumentutu

1636 2332 1676 2375 ex
1694 2308 1867 2378 elliciente
1890 2333 2010 2393 causa,
2046 2310 2135 2382 sicut
2159 2310 2266 2385 Rom.
2285 2314 2598 2404 ficargumootatur.

1635 2407 1781 2479 Mouua
1806 2424 1929 2479 natura
1954 2435 2028 2480 non
2054 2411 2100 2483 sit
2131 2415 2272 2501 efficax,
2306 2417 2471 2495 ,vivatis
2490 2417 2598 2499 efficax.

1636 2506 1729 2583 tastu
1745 2527 1859 2582 etitem
1884 2514 2050 2584 vivificati
2067 2515 2158 2599 vita,
2185 2518 2263 2587 luce
2283 2518 2492 2613 etssiustioiag
2514 2543 2598 2611 quan

1634 2616 1695 2683 dat
1713 2614 1808 2685 lilius
1824 2611 1892 2683 Dei
1914 2618 2140 2687 resuscitatus
2161 2623 2204 2689 aa
2227 2617 2323 2707 hoc,⁴
2338 2634 2377 2697 at
2397 2608 2600 2703 vos'rspusci·

1635 2720 1684 2785 tet'
1698 2730 1732 2785 et
1748 2714 1913 2791 vivificet.
1963 2712 2059 2806 Ergo
2083 2714 2168 2790 baec
2186 2723 2246 2791 lux
2262 2731 2309 2795 ets
2314 2724 2455 2793 iusticia
2475 2723 2521 2805 sit
2539 2722 2599 2791 affi-

1634 2840 1714 2899 cax,
1740 2842 1811 2885 non
1828 2818 1872 2888 sit
1888 2818 1999 2887 otiosa
2018 2820 2055 2888 in
2073 2824 2175 2892 vobis
2196 2824 2386 2899 vivificatio
2411 2826 2542 2897 incoata
2555 2848 2601 2915 per

1635 2919 1747 2988 lilium
1772 2912 1839 2989 Dei
1858 2920 2117 2997 resuscitatum.
2643 2924 2644 2933 ’

1735 3084 1838 3181 Haec,
1858 3098 1908 3155 est
1932 3066 2132 3176 argilihenti
2161 3110 2295 3187 stamma
2327 3085 2509 3167 hocloco.
2555 3092 2600 3163 lo·

1636 3190 1720 3259 texit
1746 3203 1861 3257 autem
1889 3188 2102 3279 singularem
2130 3192 2535 3294 consolalionem,·'qua
2555 3206 2600 3265 ot-

1636 3292 1746 3362 currit
1771 3292 1897 3371 tacitae
1921 3292 2129 3361 obiectioni:
2173 3276 2356 3383 Cur'ili'c'is
2383 3306 2456 3368 nos'
2476 3294 2599 3369 ¹resauci-

1637 3408 1727 3463 tatos
1742 3416 1833 3476 esse,
1848 3416 1925 3461 curu
1942 3390 2058 3463 adhuc
2074 3396 2240 3482 mortem}
2265 3400 2412 3469 morbos
2424 3455 2434 3484 ‚
2448 3396 2600 3495 'reliquias

1639 3496 1787 3588 peccati,
1815 3497 1975 3584 ingentes
1990 3499 2131 3566 dolores
2149 3510 2181 3566 et
2199 3499 2476 3574 inenarrabilem
2494 3504 2599 3573 molem

1637 3600 1873 3669 calamitatum
1891 3599 1929 3666 in
1953 3599 2059 3668 nobis
2080 3599 2388 3692 circumferamus,
2406 3594 2600 3676 'el‘iideatnr

1637 3697 1729 3769 nihil
1753 3723 1826 3769 esse
1849 3700 2060 3771 imbecillius
2074 3699 2243 3790 Christo?
2293 3681 2519 3808 lte-ippodes:
2549 3705 2599 3774 Vi-

1638 3804 1719 3872 vitis
1746 3815 1777 3894 et
1805 3799 1942 3873 habetis
1957 3803 2058 3873 initia
2076 3805 2167 3890 vitae
2188 3809 2368 3891 aeternae‘¹
2395 3807 2490 3880 'sicut
2512 3807 2598 3878 habt·

1637 3905 1695 3974 bat
1712 3907 1800 3974 latro
1815 3906 1972 3995 pendens
1988 3906 2025 3974 in
2043 3896 2153 4008 epure.
2197 3908 2265 3978 Sed
2276 3895 2369 4021 ,hinec
2388 3903 2492 4012 initia
2507 3907 2600 3982 adhuc

1639 4022 1725 4076 tecta
1743 4022 1845 4090 sunt,
1878 4023 1915 4076 ut
1939 4022 2038 4078 erant
2063 4009 2101 4078 in
2124 4011 2262 4104 latrone
2280 4026 2387 4097 tecta,
2414 4007 2483 4108 'qui
2505 4029 2599 4085 tamen

1638 4110 1791 4178 sentiens
1820 4110 2122 4194 consolationem,
2162 4111 2294 4202 gciebat
2325 4137 2361 4181 se
2391 4117 2462 4186 iam
2494 4113 2599 4185 habere

1638 4212 1738 4279 initia
1757 4211 1848 4280 vitae
1864 4225 2044 4302 aeternae,
2062 4221 2095 4282 e't
2111 4214 2241 4284 sciebat
2255 4210 2443 4285 ¹Christum
2459 4241 2527 4288 esse
2541 4216 2598 4285 elli-

1637 4337 1779 4397 cacem,
1819 4337 2022 4404 quanquam
2055 4317 2384 4408 mundus'putabat
2416 4343 2495 4390 eum
2525 4315 2597 4388 nihil

1637 4439 1723 4483 esse.
1776 4412 1826 4484 lta
1852 4409 1909 4483 hic
1933 4415 2069 4512 inquit,
2104 4413 2284 4486 Christum
2317 4445 2462 4515 quoque
2492 4435 2597 4499 tectura
2643 4415 2644 4464 l

1634 4539 1727 4598 esse,
1761 4517 1913 4599 scilicet,
1949 4517 2030 4609 quia
2057 4521 2211 4588 mundus
2233 4543 2306 4588 non
2334 4522 2432 4593 videt
2451 4524 2521 4593 eius
2540 4521 2598 4590 ett-
2643 4511 2644 4554 l

1635 4618 1763 4688 cociam
1787 4633 1820 4687 et
1852 4619 1943 4691 ridet
1971 4617 2205 4722 Evangelium
2236 4617 2406 4724 horribili
2436 4613 2596 4698 securitate

1635 4734 1803 4814 tauquam
1833 4712 1974 4790 inau'em
2001 4713 2170 4796 fabulam.
2226 4719 2231 4732 “
2285 4784 2286 4787 ,

1737 4887 1807 4959 Sed
1830 4889 1943 4976 gloria
1966 4889 2032 4960 filii
2056 4903 2089 4962 et
2113 4889 2290 4962 Ecclesiae
2319 4900 2548 4990 conspicietur
2566 4898 2592 4965 io

1635 5007 1814 5080 postremo
1838 4991 1990 5074 iudicio,
2026 4994 2090 5062 nbi
2113 5015 2237 5065 omues
2260 4993 2424 5070 homines
2450 5003 2593 5070 videbunt

1635 5089 1837 5172 Christum,
1875 5107 1909 5163 et
1923 5093 2029 5162 luisse
2048 5109 2080 5165 et
2097 5118 2171 5164 esse
2186 5097 2379 5182 eslieacem¹
2407 5117 2442 5172 et
2455 5099 2590 5188 Evauge

1633 5195 1721 5264 lium
1745 5218 1817 5263 non
1833 5195 1939 5266 luisse
1957 5194 2097 5266 inanem
2121 5197 2287 5275 fabulam.
2339 5199 2442 5274 Hanc
2458 5201 2591 5275 consola·

1632 5299 1765 5366 tionem
1791 5296 1917 5367 intexit
1938 5312 2166 5388 argumento,
2207 5325 2277 5392 quo
2300 5295 2482 5390 hortatur,
2512 5319 2544 5376 nt
2562 5303 2587 5370 in

1632 5401 1771 5469 incoata
1803 5399 2072 5471 mortificatione
2096 5415 2129 5473 et
2150 5403 2388 5474 vivificatione
2417 5427 2587 5497 persevere-

594 5519 790 5588 comeant,
815 5507 875 5573 sed
900 5503 1071 5571 exaltatus
1093 5519 1199 5586 sopra
1223 5499 1364 5586 angelos
1386 5497 1424 5565 in
1442 5498 1502 5567 illa
1521 5523 1577 5566 ar·
1630 5525 1728 5587 mus,
1753 5524 1827 5570 non
1853 5502 2052 5572 amittamus
2076 5501 2140 5572 bos
2159 5503 2301 5576 effectus
2324 5502 2479 5600 Christi,
2504 5527 2585 5576 roeo

593 5635 678 5679 ⁰³⁰³
703 5605 860 5676 ¹⁰⁰⁰D⁰l
885 5623 1138 5692 f‘ssssanscum
1163 5611 1279 5687 Ρῧῐῑθ,
1305 5613 1476 5670 ettamen
1501 5625 1578 5670 cor·
1629 5616 1680 5672 tes
1709 5617 1832 5672 contra
1864 5605 2113 5674 conscientiam
2144 5606 2293 5676 innova
2323 5611 2463 5681 scelera.
2510 5608 2585 5678 Hice

597 5735 663 5802 pus
685 5709 844 5777 localiter
867 5705 998 5774 alicubi
1023 5717 1075 5773 est
1098 5701 1292 5769 secundum
1317 5704 1392 5770 veri
1417 5703 1577 5792 corporis
1627 5729 1763 5776 somma
1788 5701 2102 5794 comprehenditur
2121 5708 2159 5776 in
2184 5703 2251 5790 boc
2275 5710 2387 5783 dicto:
2414 5711 2521 5782 Miltia
2537 5711 2585 5776 bo.

591 5813 815 5893 modum‚ut
835 5805 1056 5896 Augustinus
1074 5802 1203 5895 inquit.
1255 5797 1301 5873 Et
1326 5797 1391 5874 bae
1415 5803 1577 5894 proposi·
1625 5831 1708 5876 nam
1743 5807 1928 5894 militiam,
1968 5809 2123 5879 retinens
2159 5811 2263 5880 fidem
2294 5826 2330 5884 et
2362 5815 2485 5884 bonam
2515 5831 2583 5880 con·

592 5915 721 5980 tiones:
748 5907 912 5981 Christus
929 5910 966 5976 in
986 5906 1171 5990 vobisest,
1195 5897 1272 5994 Ego
1296 5905 1334 5974 iu
1356 5907 1425 5991 eis',
1451 5907 1572 5976 venie·
1625 5909 1818 5979 scientiam.
