5825 6950
295 706 371 780 sco
553 699 654 777 xm.
699 702 735 778 s.
762 693 1063 776 anannarm
1094 692 1251 771 nrrsr.
1274 686 1424 767 raum
1449 686 1517 761 au
1544 657 1813 767 animnos.⁸
1859 687 1967 764 car.
1995 688 2057 764 ιν.
2255 691 2333 765 sao

432 876 479 951 Si
498 876 594 949 enim
611 868 809 948 Abraham
826 896 873 946 ex
890 869 1059 973 operibus
1074 879 1136 948 etc.
1339 826 1598 935 benedicentur
1611 848 1888 954 omnes'gentes.
1937 860 1985 936 llt
2005 864 2097 935 sicut
2119 876 2253 937 certum
2276 878 2331 936 est
2403 831 2416 867 Ι

1256 1018 1266 1036 .
1337 962 1533 1037 Ecclesiam
1557 966 1677 1057 colligi
1701 978 1849 1060 propter
1870 965 2004 1052 filium,
2029 967 2078 1038 ita
2095 981 2228 1038 norunt
2244 990 2328 1036 san-

395 1028 554 1103 primum
577 1054 737 1123 ‘xpm
760 1028 971 1101 ”mmm
995 1026 1033 1096 in
1052 1037 1146 1097 mm
1168 1043 1288 1094 ‘⁰¹¹³'
1338 1069 1386 1140 cti
1401 1080 1435 1141 et
1451 1068 1704 1161 promissiones
1722 1071 1900 1141 bonorum
1921 1068 2161 1160 corporalium
2178 1070 2328 1141 traditas

287 1136 449 1207 deranda
472 1148 543 1220 est,
575 1135 672 1229 quod
694 1146 813 1226 aperte
837 1131 990 1203 affirmat
1012 1126 1145 1201 Paulus
1170 1122 1287 1197 Abra·
1337 1190 1411 1243 me
1424 1184 1570 1264 Propter
1585 1172 1712 1256 mium,
1732 1172 1816 1266 quia
1830 1171 2008 1243 Ecclesiae
2023 1173 2216 1243 mmm
2232 1184 2327 1241 mm·

288 1234 378 1307 bam
401 1261 473 1357 ¹¹.⁰¹¹
494 1236 601 1309 sume
621 1236 753 1355 immin
775 1256 894 1305 ‘mm
910 1229 987 1304 D⁰⁰
1013 1244 1158 1350 mim
1180 1248 1286 1345 ‘'pei''
1338 1271 1423 1345 ldeo
1443 1276 1480 1344 2.
1495 1269 1660 1348 Corinth.
1674 1272 1710 1347 7.
1730 1274 1879 1346 dicitur:
1913 1270 2051 1347 Omnes
2073 1269 2325 1367 promissiones

289 1364 377 1426 sua,
403 1354 541 1411 suntet
557 1362 663 1429 supra
681 1339 902 1409 dictumest:
929 1330 984 1405 Ex
1002 1334 1170 1427 operibus
1197 1330 1286 1419 legas
2047 1360 2057 1374 ·

296 1467 371 1515 non
388 1441 635 1513 iustificabitur
656 1438 773 1511 omnis
798 1463 892 1511 caro.
945 1432 994 1507 Et
1018 1432 1109 1507 nibil
1134 1432 1285 1507 dubium
1323 1400 1375 1457 '¹¹¹
1392 1370 1756 1451 chmmmmum'

1437 1492 1695 1567 Discernantur
1719 1520 1801 1587 ergo
1821 1496 2079 1568 obiectalidei:
2112 1495 2265 1589 primum
2290 1508 2326 1566 et

1336 1598 1532 1692 principale
1549 1613 1600 1671 est
1617 1596 1714 1669 Dens
1729 1599 1906 1691 propicius
1923 1615 2067 1693 propter
2081 1598 2325 1683 mediatorem,

1338 1715 1456 1791 postea
1474 1714 1622 1800 possunt
1642 1703 1807 1773 accedere
1832 1702 1900 1772 alia
1925 1718 2066 1774 esterna
2089 1700 2236 1773 obiecta.
2275 1696 2326 1771 Ut

1107 1872 1117 1893 ,
1209 1873 1218 1891 ,
1257 1870 1266 1887 ,
1337 1798 1520 1874 Abraham
1546 1804 1632 1894 petit
1656 1804 1911 1897 protectionem
1934 1804 2029 1875 inter
2052 1802 2326 1895 impiasgentes,

396 1882 535 1955 Deinde
574 1880 821 1955 mmmmm
860 1875 1141 1951 ⁸⁰⁰⁰¹¹¹¹¹¹⁰d⁸¹¹⁰
1182 1876 1286 1993 ‘'sci'‘
1339 1906 1426 1995 petit
1452 1906 1693 1997 posteritatem
1725 1920 1760 1977 et
1795 1908 2098 1977 conservationem
2132 1898 2325 1975 Ecclesiae.

293 1984 456 2057 cledidn
480 1982 662 2105 ΛΜΨ
679 1984 780 2105 ,⁰²⁰³
812 1995 847 2055 ’ἶ
870 1981 1086 2099 i¹f¹P¹¹¹³¹¹¹¹¹¹
1111 1988 1163 2047 ⁶⁸²
1186 2000 1218 2045 ‘¹
1241 1974 1287 2093 Ψ
1338 2007 1507 2101 Denique
1529 2008 1566 2077 in
1589 2008 1796 2102 quotidiana
1818 2010 2042 2079 invocatione
2064 2006 2197 2097 singuli
2212 2005 2326 2075 multa

294 2088 484 2161 iusticiam.
535 2088 637 2159 Alibi
659 2100 742 2158 catat
762 2082 850 2155 baec
870 2086 981 2156 dicta:
1011 2078 1129 2151 Iustus
1151 2100 1215 2148 sua
1233 2101 1287 2144 vr·
1339 2110 1627 2201 complectimur,
1652 2111 1803 2181 “duno
1825 2114 1999 2183 eteodem
2020 2104 2325 2179 modoadneum

294 2206 362 2261 ⁹⁶¹·
415 2194 521 2260 mi
548 2188 621 2279 Qui
637 2188 751 2260 ‘lidii
767 2188 805 2257 3¹¹
823 2208 924 2305 ΨΜ
947 2206 1022 2257 ‘¹⁰¹¹
1038 2182 1287 2303 ⁰9⁰f⁰”d“¹¹'·
1339 2215 1512 2283 accedunt
1531 2233 1654 2283 omnes
1670 2214 1801 2299 sancti,
1826 2214 1977 2299 scilicet,
2004 2210 2195 2284 Credentes
2209 2206 2326 2279 Deum

294 2292 362 2363 ”3⁰
386 2308 506 2362 ΝΜ
529 2292 653 2365 “iim
682 2290 839 2383 primum
865 2290 1019 2367 ‘istium’
1055 2307 1093 2352 ¹¹¹
1127 2305 1198 2377 ‘1⁰⁰
1228 2303 1288 2349 ‘¹'
1340 2338 1415 2385 esse
1437 2314 1636 2406 propicium
1664 2328 1811 2409 propter
1833 2317 2093 2399 mediatorem,
2136 2310 2326 2402 sicutipse

296 2420 414 2489 Pm‘e
441 2394 479 2464 bt
505 2394 638 2515 'miii
658 2392 755 2463 fidel·
809 2389 897 2511 vuli
920 2394 1014 2510 ΜΨ
1039 2381 1289 2459 ⁸²h⁰⁶⁰³¹‘¹¹'
1340 2413 1518 2488 Dominus
1540 2418 1673 2510 inquit:
1715 2414 1896 2510 Quicquid
1925 2415 2100 2519 petieritis
2129 2430 2263 2510 patrem
2286 2412 2327 2483 in

296 2504 398 2580 dere,
428 2520 502 2565 narn
520 2496 637 2567 afferri
655 2518 752 2565 nunc
767 2494 966 2565 doctrinam
986 2501 1145 2581 agnulum
1164 2482 1289 2557 Eccle-
1341 2516 1602 2605 nompnessmeo,
1629 2519 1731 2595 dagh
1747 2520 1861 2597 ,0ng

300 2604 372 2669 siae
385 2598 531 2669 Petrum
548 2612 583 2669 et
601 2592 881 2690 Prophetarum,
906 2596 968 2665 sed
985 2592 1131 2663 eandem
1148 2590 1187 2658 in
1206 2609 1288 2659 vera

298 2698 453 2773 Ecclesia
471 2700 672 2770 doctrinam
688 2702 731 2767 de
749 2699 888 2769 iusticia
904 2718 1045 2787 semper
1058 2692 1181 2763 luisse.
1241 2686 1291 2761 Ut

294 2820 414 2877 autem
441 2802 685 2873 accomodatio
709 2814 804 2872 recte
827 2799 1067 2889 intelligatur,
1093 2792 1291 2863 cavillatio-

294 2928 355 2975 nes
382 2905 594 2975 refutandae
608 2902 721 3000 lsuot,
753 2926 845 2997 quae
865 2913 1117 2995 opponuntur,
1138 2918 1291 2993 quarum

294 3010 410 3102 prima
439 3002 524 3077 haec
550 3020 611 3078 est.

296 1559 346 1615 est
380 1544 564 1637 complecti
593 1542 745 1614 Paulum
777 1564 884 1633 opera
922 1540 1092 1610 moralia:
1137 1558 1218 1605 nam
1252 1544 1286 1603 et

296 1641 477 1719 Abrabam
493 1646 678 1718 antecessit
694 1642 858 1737 politiam
867 1638 979 1713 Moisi
994 1638 1097 1713 annis
1113 1634 1286 1736 quadrin-

294 1750 409 1841 gentis
425 1763 459 1822 et
474 1748 619 1839 triginta
636 1746 694 1818 vel
710 1746 863 1819 circiter.

1423 2636 1499 2708 lam
1518 2638 1786 2712 considerentur
1804 2638 1910 2711 verba
1926 2651 2051 2716 textus.
2083 2636 2127 2710 ln
2140 2636 2256 2739 capite
2268 2636 2329 2710 12.

1343 2737 1457 2817 Gene.
1487 2740 1576 2811 dicit
1597 2738 1791 2813 Dominus:
1826 2739 2043 2814 Benedicam
2072 2739 2150 2813 tibi.
2220 2737 2319 2810 ltem:

1343 2841 1386 2914 ln
1411 2857 1445 2916 te
1462 2844 1717 2915 benedicentur
1733 2868 1857 2914 omnes
1879 2860 2009 2937 gentes.
2059 2842 2184 2915 Postea
2211 2840 2249 2911 in
2269 2863 2329 2910 ca·

1344 2947 1415 3039 pite
1431 2942 1490 3021 15.
1512 2946 1664 3017 dicitur:
1689 2945 1771 3016 Noli
1788 2945 1934 3039 timere,
1959 2971 2023 3040 ego
2045 2959 2224 3040 protector
2246 2958 2329 3015 tuus

1344 3062 1378 3121 et
1400 3070 1525 3137 magna
1550 3072 1683 3120 merces
1704 3048 1819 3121 valde.
1872 3045 1915 3120 ln
1938 3044 1995 3119 bis
2017 3047 2231 3121 dulcissimis
2246 3068 2329 3139 pro·

1344 3150 1574 3221 missionibus
1592 3150 1775 3222 manifeste
1791 3151 1993 3224 ostenditur
2012 3146 2269 3231 reconciliatio,
2293 3159 2330 3219 et

398 3218 546 3286 P'W'
574 3214 808 3281 “vuum
829 3213 1192 3280 “⁸⁰‘'⁸⁰'⁶⁰'⁸'⁰
1345 3267 1448 3324 norat
1477 3248 1660 3324 Abrabam
1688 3252 1840 3345 primam
1871 3252 2159 3345 promissionem:
2200 3248 2333 3323 Samen

399 3352 609 3426 Adversarii
635 3354 780 3439 dicunt,
814 3348 967 3421 Paulum
986 3350 1087 3422 abuti
1101 3345 1170 3421 boc
1185 3349 1293 3439 dicto,
1344 3354 1504 3425 mulieris
1536 3365 1695 3426 conteret
1723 3369 1827 3448 caput
1855 3356 2040 3449 serpentis.
2104 3348 2153 3425 Et
2183 3352 2332 3447 quidem
2469 3365 2473 3373 ‘
2606 3426 2611 3437 ‚

291 3464 378 3556 quia
403 3458 456 3530 ibi
482 3456 613 3530 dicitur
637 3458 681 3526 de
704 3456 773 3525 lide
802 3466 1007 3546 expectante
1040 3454 1292 3546 posteritatem.
1344 3457 1477 3530 sciebat
1491 3452 1583 3528 hanc
1599 3456 1885 3552 promissionem,
1903 3457 1972 3529 iam
1989 3454 2156 3550 restringi
2171 3457 2215 3528 ad
2231 3477 2333 3526 suam

290 3569 340 3637 At
358 3559 600 3650 Evangelium
623 3557 784 3654 loquitur
804 3559 848 3626 de
873 3558 943 3626 fide
959 3570 1170 3648 agnoscente
1187 3551 1292 3630 Chri·
1345 3561 1607 3654 posteritatem,
1632 3560 1716 3656 quia
1730 3562 1864 3631 dictum
1880 3576 1972 3634 erat:
2000 3558 2046 3632 ln
2062 3574 2097 3632 te
2117 3558 2333 3632 benedicen-

291 3684 390 3738 stum
408 3663 616 3734 crucifixum
633 3675 667 3730 et
684 3658 948 3745 resuscitatum,
975 3673 1009 3729 et
1023 3657 1218 3750 accipiente
1236 3682 1292 3729 re·
1345 3678 1405 3737 tur
1428 3686 1553 3733 omnes
1572 3676 1704 3755 gentes.
1769 3659 1911 3754 Accipit
1932 3662 2042 3756 igitur
2066 3661 2228 3734 simulet
2249 3683 2335 3753 pro·

289 3768 505 3838 missionem
523 3777 768 3855 peccatorum,
792 3757 889 3852 Ergo
907 3763 951 3830 de
968 3761 1036 3834 alia
1057 3759 1127 3832 fide
1145 3758 1292 3848 Moises,
1344 3765 1550 3836 missionem
1588 3763 1891 3837 reconciliationis
1921 3780 1955 3839 et
1982 3765 2128 3836 seminis
2155 3760 2335 3835 benedicti

290 3875 333 3940 de
351 3871 427 3942 alia
446 3865 578 3938 Paulus
593 3865 767 3960 loquitur.
1343 3881 1379 3940 et
1395 3866 1629 3960 posteritatis,
1655 3867 1692 3939 id
1708 3879 1778 3954 est,
1803 3869 2048 3961 propagandae
2064 3862 2257 3938 Ecclesiae.

397 4003 635 4098 Respondes:
664 3999 718 4076 Dc
734 3999 902 4072 omnihus
917 3999 1086 4093 exemplis
1100 4001 1139 4071 in
1162 4001 1294 4096 quibu.
1446 3985 1522 4058 Has
1543 3987 1797 4080 promissiones
1816 4013 1898 4059 cum
1921 3989 1990 4060 fide
2012 3986 2164 4077 accipiat
2183 3985 2335 4058 manife-

290 4111 469 4180 laudatur
484 4107 581 4190 fides,
606 4117 647 4176 ut
667 4099 830 4184 Gedeou,
858 4100 984 4188 David,
1010 4105 1161 4175 credunt
1176 4100 1293 4176 Deum
1345 4102 1440 4162 ‘illm
1463 4102 1541 4172 mis
1573 4094 1721 4162 tandem
1745 4111 1820 4162 8⁸⁸0
1842 4091 1948 4161 fidem
1969 4082 2139 4162 Abrahae
2163 4103 2199 4161 et
2220 4085 2338 4176 Pauli,

290 4214 379 4306 ipsis
401 4207 662 4302 praeliantibus
679 4203 879 4278 affuturum
890 4228 984 4278 esse:
1018 4207 1122 4276 etiam
1140 4229 1221 4278 cum
1238 4229 1294 4279 res
1345 4204 1381 4263 02
1401 4191 1565 4263 monium
1591 4207 1796 4265 Samiorum
1817 4192 1856 4263 io
1879 4215 1962 4264 vero
1974 4189 2134 4266 Ecclesia
2156 4191 2336 4283 aecipien-

291 4331 444 4388 erterna
465 4311 598 4401 petitur
615 4321 650 4379 et
663 4320 877 4398 expectator,
901 4331 1041 4401 semper
1054 4321 1172 4380 tamen
1186 4331 1294 4402 opor.
1345 4309 1416 4368 tem
1438 4295 1769 4366 reconciliationem
1786 4309 1933 4390 propter
1957 4293 2199 4367 mediatorem.
2250 4289 2336 4364 ldeo

292 4431 338 4488 tet
365 4414 577 4508 praelucere
603 4405 695 4480 bane
718 4408 844 4492 fidem,
879 4434 949 4503 qna
972 4410 1147 4501 accipitur
1167 4435 1294 4482 rocon.
1345 4410 1381 4468 et
1396 4393 1576 4470 Dominus
1599 4395 1736 4490 inquit:
1771 4395 1875 4469 Vidit
1892 4391 2077 4468 Abrabam
2099 4396 2197 4467 diem
2218 4417 2340 4464 meum

292 4519 432 4590 riliatio
451 4530 597 4607 propter
613 4512 864 4594 mediatorem,
892 4512 988 4582 iuxta
1003 4512 1157 4584 dictum:
1180 4511 1294 4584 Nemo
1345 4499 1384 4569 id
1416 4514 1486 4586 0⁸².
1527 4500 1675 4589 ognovit
1705 4500 1743 4569 in
1774 4499 2011 4591 promissione
2040 4497 2272 4570 mediatorem
2303 4508 2340 4567 el

294 4633 411 4708 potest
435 4617 559 4688 venire
583 4616 629 4685 ad
656 4627 792 4706 patrem
823 4613 894 4682 nisi
927 4637 990 4705 per
1020 4613 1146 4686 filium,
1205 4611 1293 4685 laem
1346 4601 1475 4672 fidncia
1502 4601 1708 4673 mediatoris
1738 4600 1874 4693 accepit
1901 4598 2146 4671 remissionem
2178 4613 2341 4690 peccato-

294 4719 403 4796 liorn.
424 4717 481 4792 5.:
507 4711 682 4788 Perhunc
698 4709 1059 4788 babemusaccessnm
1076 4717 1156 4788 fida.
1191 4713 1295 4788 Sam.
1346 4727 1446 4789 rum,
1483 4716 1520 4774 et
1547 4703 1721 4776 liberatus
1750 4717 1803 4775 est
1829 4703 1877 4774 sb
1907 4702 2033 4773 inieris
2056 4715 2090 4774 et
2114 4703 2161 4773 ab
2181 4700 2235 4770 ira
2256 4695 2338 4774 Dei.

295 4849 353 4916 per
380 4823 498 4916 igitur
513 4819 670 4910 primurn
687 4829 721 4888 et
739 4817 936 4908 principale
951 4818 1129 4890 obiectum
1144 4815 1228 4889 fidei
1244 4833 1295 4892 est
1346 4801 1510 4882 Credidit
1524 4800 1708 4876 Abrohom
1724 4801 1804 4875 Deo
1819 4819 1887 4880 eit·

297 4921 393 4998 Deus
417 4947 497 4994 non
518 4922 691 5004 irascens,
715 4921 776 4989 sed
802 4934 947 5013 propter
972 4919 1087 4990 lilium
1110 4943 1177 4990 nos
1198 4922 1292 4991 reci·
1448 4919 1548 4992 Haec
1569 4921 1754 5013 responsio
1775 4943 1859 4992 vera
1884 4934 1922 4993 et
1944 4920 2046 4993 firma
2069 4933 2144 5006 est,
2187 4917 2279 4991 sicut
2303 4934 2341 4994 et

297 5031 421 5118 piens,
450 5040 486 5098 et
508 5024 623 5117 prima
648 5022 743 5094 lucta
764 5035 839 5108 est,
865 5023 925 5094 An
949 5022 1050 5096 Deus
1073 5021 1159 5096 velit
1179 5035 1214 5094 te
1238 5047 1297 5094 re-
1347 5023 1564 5117 experientia
1584 5037 1733 5098 testator
1746 5023 1785 5094 in
1800 5023 1964 5094 omnium
1976 5023 2120 5117 piorum
2134 5022 2314 5094 cordibus.

301 5133 428 5222 cipere.
1452 5157 1552 5230 ldem
1568 5171 1684 5230 textus
1701 5159 1739 5228 in
1757 5158 1873 5228 Moise
1887 5158 2063 5244 ostendit,
2087 5157 2174 5251 qrrid
2199 5158 2251 5230 ibi
2274 5183 2344 5230 no·

398 5262 567 5357 Cumque
588 5260 661 5330 ism
684 5258 864 5330 credimus
887 5283 968 5331 eum
993 5261 1296 5354 essepropicium,
1348 5262 1462 5335 minet
1481 5259 1628 5343 Fidem,
1664 5260 1831 5332 videlicet
1853 5285 1927 5330 non
1949 5273 2089 5332 tantum
2114 5262 2283 5332 noticiam
2307 5274 2343 5334 te

295 5383 422 5456 postea
446 5376 669 5455 expectamus
692 5362 740 5432 ab
763 5384 805 5433 eo
828 5375 964 5434 caetera
986 5364 1167 5438 beneficia.
1221 5359 1296 5433 Ge-
1348 5362 1437 5450 Deo,
1463 5364 1581 5459 qualis
1595 5365 1703 5434 estin
1721 5363 1893 5449 diabolis,
1921 5362 1978 5433 vel
1992 5363 2031 5431 in
2046 5358 2223 5445 Etbnicis,
2245 5365 2344 5457 qood

295 5473 416 5556 deon,
451 5465 569 5536 David
593 5485 667 5534 non
699 5477 843 5553 possent
870 5489 889 5534 a
913 5462 991 5534 Deo
1016 5479 1134 5558 petere
1155 5465 1212 5535 rel
1236 5489 1296 5536 ex·
1348 5469 1393 5540 sit
1409 5465 1526 5552 Deus,
1549 5468 1647 5560 quod
1672 5467 1718 5535 sit
1739 5465 1907 5536 conditor
1922 5465 2068 5548 mundi,
2092 5466 2253 5557 sapiens,
2280 5489 2345 5536 ve·

293 5589 443 5658 peccare
458 5568 644 5652 victorias,
670 5565 740 5634 nisi
758 5565 858 5656 prius
875 5569 1058 5638 crederent
1076 5589 1113 5637 se
1135 5579 1295 5658 receptos
1346 5594 1426 5655 rar,
1454 5570 1585 5652 iustus,
1617 5580 1753 5649 castus,
1788 5567 1972 5657 postulans
1994 5566 2235 5636 obedientiam
2258 5591 2347 5638 con·

293 5695 371 5746 esse
388 5672 578 5765 etplacere
592 5665 681 5740 Deo.
713 5665 842 5739 Sciunt
856 5683 975 5740 antem
992 5691 1034 5738 ex
1048 5669 1296 5762 promissione,
1346 5683 1531 5764 gruentem
1556 5668 1668 5760 ipsius
1696 5667 1892 5762 sapientiae
1920 5681 1956 5740 et
1988 5668 2185 5750 voluntari,
2220 5683 2256 5740 et
2288 5667 2349 5741 iu-

294 5779 398 5864 qood
415 5773 635 5865 recipiantur
648 5763 813 5840 homines
826 5792 891 5862 per
906 5769 1187 5840 misericordiam
1210 5794 1295 5864 pro·
1347 5773 1471 5845 dicans
1514 5794 1555 5842 sc
1596 5771 1750 5862 puniens
1797 5771 2067 5855 inobedientes,
2109 5769 2202 5842 sicut
2237 5769 2350 5844 Lato·

294 5897 377 5960 eter
399 5877 649 5960 mediatorem,
681 5871 777 5942 iuxta
802 5873 954 5944 dietum:
997 5869 1039 5942 ln
1070 5872 1208 5944 semitm
1230 5886 1294 5946 tuo
1345 5899 1426 5949 mus
1456 5874 1692 5948 boranieusis
1731 5873 1870 5968 inquit,
1908 5871 1992 5945 Non
2026 5871 2135 5943 aliam
2172 5873 2281 5944 fuisse
2311 5876 2351 5945 in
