5825 6950
608 634 685 715 ⁸95
1215 624 1344 701 otiu.
1368 622 1489 704 ΜΠ.
1510 621 1724 703 smteta
1748 622 2052 707 sassones.
2519 644 2565 723 ιιι

611 827 708 897 cata,
738 832 813 907 quo
838 808 884 879 sd
905 826 1057 901 poenam
1079 814 1275 885 εειεῐυειι,
1308 814 1428 873 umen
1452 798 1605 873 sciamus
1656 824 1728 896 qoa
1743 824 1893 894 peram
1905 818 2125 897 acoeptaest.
2147 764 2250 881 -ldeo
2267 820 2303 881 et
2318 824 2428 901 postes
2438 812 2514 885 dicit:
2531 816 2568 889 l's

611 916 663 987 sic
692 914 797 985 etiam
822 935 862 983 ea
890 910 981 1001 tegi,
1022 930 1094 1001 qno
1117 906 1163 977 ad
1188 926 1339 996 poenam
1371 902 1606 995 corporalem,
1657 906 1720 974 des
1733 906 1931 997 imputatur
1947 906 1980 977 ei
1994 908 2038 979 sd
2056 908 2252 997 iusticiam,
2273 914 2333 982 sed
2348 921 2571 1006 proptcrnedis

612 1019 712 1089 iusta
727 1016 841 1087 dicta:
867 1008 1117 1082 Misericordia
1127 1006 1290 1091 Domini,
1318 1006 1605 1101 quodnoncon·
1656 1019 1799 1095 sorem,
1850 1023 1886 1081 et
1910 1010 1973 1079 illa
2006 1008 2113 1097 fides,
2162 1038 2254 1107 qnae
2287 1014 2411 1087 nititur
2437 1020 2571 1091 mediatore

612 1118 720 1191 sumti
737 1136 873 1191 sumus.
926 1112 1014 1187 Vult
1034 1111 1132 1181 enim
1154 1110 1256 1182 Deus
1277 1108 1506 1198 superstitem
1530 1130 1606 1179 csse
1656 1124 1778 1201 petens
1819 1124 1857 1181 et
1895 1112 2074 1203 accipiens
2114 1116 2359 1189 remissionem
2402 1136 2572 1210 peccatum

612 1219 822 1295 Ecclesiam.
874 1214 957 1289 Non
998 1211 1169 1305 imputari
1205 1223 1346 1302 peecata
1387 1210 1604 1304 intelligitur
1655 1209 1710 1285 Ac
1732 1213 1981 1285 universaliter
2000 1216 2052 1288 sic
2074 1218 2205 1290 docent
2220 1214 2426 1311 Prophetae,
2447 1218 2573 1293 Accedes

613 1324 719 1395 etiam
735 1324 831 1393 etde
848 1316 1046 1412 praeteritis
1070 1329 1105 1387 ct
1129 1316 1176 1385 de
1199 1314 1466 1405 praesentibus,
1492 1327 1527 1386 et
1551 1325 1605 1384 est
1655 1315 1743 1386 dum
1765 1338 1840 1387 esse
1855 1318 1903 1387 ad
1920 1316 2036 1389 ileum
2059 1320 2189 1391 liducia
2210 1322 2458 1393 misericordiae
2477 1340 2576 1417 propter

613 1449 689 1498 uon
712 1422 881 1514 cogitare,
916 1442 990 1492 non
1013 1420 1223 1498 ὸεεεηιεεε,
1247 1418 1343 1511 quod
1368 1416 1430 1487 ille
1454 1416 1604 1486 credens
1655 1419 1909 1501 mediatorem,
1931 1419 2021 1493 sicut
2036 1420 2165 1492 Daniel
2182 1423 2319 1518 iuquit:
2343 1423 2422 1496 Non
2435 1428 2468 1494 in
2483 1428 2594 1497 iussin

613 1528 659 1601 sit
688 1525 890 1620 puniendus
922 1535 1064 1593 aeterna
1092 1542 1227 1613 poena,
1266 1541 1472 1613 quenquam
1500 1531 1604 1589 antea
1654 1534 1795 1604 nostra,
1817 1522 1934 1591 sedin
1949 1524 2188 1595 misericordia
2213 1543 2274 1599 tua
2290 1542 2427 1619 propter
2438 1525 2577 1599 Danioon

614 1629 788 1723 deliquit,
814 1640 850 1698 ct
866 1621 1083 1697 adhucsunt
1104 1622 1144 1691 in
1165 1645 1208 1692 eo
1224 1622 1358 1693 sordes.
1408 1619 1531 1693 Latini
1546 1620 1602 1691 di·
1654 1625 1875 1696 exaudinos.
1925 1622 1972 1697 Et
1987 1622 2130 1697 Psalmo
2144 1627 2200 1700 6.:
2235 1627 2380 1700 Salvum
2401 1655 2453 1698 me
2467 1632 2512 1700 lsc
2525 1654 2577 1721 pn·

616 1745 754 1811 cerent,
780 1726 863 1799 Non
884 1728 1098 1822 exprobrare
1113 1746 1174 1809 ee,
1198 1746 1273 1793 non
1297 1746 1461 1795 accusare
1484 1718 1603 1794 homi·
1654 1738 1736 1819 pter
1751 1726 2032 1799 misericordiam
2049 1742 2160 1804 tuam.
2210 1727 2257 1802 Et
2267 1728 2400 1803 Esod.:
2423 1729 2579 1804 llomisatn

613 1858 694 1905 nem
727 1848 897 1925 tanquam
927 1852 1027 1900 mum
1052 1848 1188 1920 poenae
1210 1839 1384 1899 aeternae.
1447 1824 1520 1898 Sed
1543 1820 1603 1897 hic
1654 1825 1834 1900 Dominus
1856 1826 1952 1899 Deus
1972 1830 2187 1905 misericors.

613 1936 742 2007 usitata
763 1932 919 2005 obiectio
941 1930 1123 2001 recitanda
1144 1941 1213 2013 est,
1238 1951 1348 2022 qnare
1362 1925 1495 2000 Paulus
1518 1928 1603 1999 citat
1755 1929 1803 2000 Ει
1826 1928 1932 2005 Rom.
1955 1928 2013 2005 d:
2057 1932 2127 2005 Per
2151 1929 2249 2005 hunc
2272 1928 2441 2008 hahemus
2458 1958 2580 2006 mesor

614 2040 749 2109 dictum
775 2038 820 2107 de
840 2033 1067 2119 remissione,
1102 2044 1136 2102 et
1158 2054 1235 2101 non
1256 2030 1420 2120 adiungit
1442 2030 1536 2102 dicta
1558 2030 1603 2101 dc
1654 2030 1842 2107 adDeum.
1893 2032 2000 2105 ltem:
2027 2032 2141 2107 Nemo
2156 2037 2376 2127 pervenitad
2392 2053 2525 2132 patrem,
2541 2036 2581 2105 nii

614 2139 802 2232 operibus,
824 2134 926 2207 Beati
948 2135 1071 2216 mites,
1095 2130 1198 2205 Beati
1220 2132 1477 2209 misericordes.
1527 2129 1603 2206 lte-
1654 2159 1718 2229 per
1735 2135 1861 2207 lilium.
1912 2130 1960 2207 Ει
1976 2150 2096 2208 tamen
2120 2163 2244 2211 verum
2260 2154 2331 2225 cst,
2354 2155 2394 2211 ut
2417 2140 2508 2212 toties
2524 2138 2582 2207 liri

615 2243 792 2335 spondeo:
822 2237 919 2329 Quia
942 2259 1080 2329 semper
1098 2236 1192 2306 dicta
1211 2234 1437 2308 delaudilsus
1452 2258 1601 2327 operum
1654 2260 1752 2322 mus,
1784 2236 1902 2309 Simul
1926 2237 1964 2307 in
1991 2235 2059 2310 hac
2088 2242 2296 2311 remissione
2326 2241 2436 2313 filium
2456 2241 2514 2313 Dei
2533 2242 2582 2309 dm

614 2358 699 2415 sunt
721 2335 973 2438 synecdochae.
1023 2336 1234 2411 Laudentur
1255 2336 1351 2407 enim
1372 2338 1412 2407 in
1432 2336 1508 2423 his,
1538 2338 1602 2431 qui
1655 2341 1760 2411 nobis
1783 2341 1828 2409 de
1852 2339 1985 2430 spiritu
2008 2365 2093 2428 siro,
2126 2347 2186 2414 sed
2211 2368 2284 2414 non
2305 2346 2540 2415 obscurandum
2555 2358 2582 2409 ca

616 2460 698 2519 sum
728 2442 946 2516 reconciliati
976 2442 1064 2527 lide,
1105 2440 1202 2511 iusta
1232 2440 1348 2531 dicta,
1387 2437 1496 2513 llom.
1525 2442 1601 2514 lh:
1654 2443 1819 2514 meritum
1834 2438 1988 2526 Christi,
2015 2446 2422 2517 necabduccndaesunt
2441 2444 2583 2515 meotessl

615 2545 736 2619 Omne
749 2548 844 2641 quod
860 2568 935 2615 non
945 2557 997 2614 est
1007 2568 1048 2613 er
1061 2544 1130 2613 lide
1146 2555 1325 2631 peccatum
1342 2554 1404 2616 est.
1429 2538 1602 2618 Roma:
1654 2540 1721 2616 hac
1750 2545 1856 2615 unica
1877 2546 2123 2621 consolatione
2150 2549 2190 2620 in
2215 2546 2413 2639 Evangelio
2439 2546 2581 2640 proposita.

614 2648 746 2740 Legem
776 2646 974 2719 stabilimus
1003 2644 1085 2719 fide.
1136 2641 1395 2716 Universaliter
1420 2644 1531 2734 igitur
1562 2646 1600 2715 in
1655 2672 1748 2741 qnae
1770 2646 1946 2733 affirmat,
1971 2649 2081 2741 recipi
2096 2664 2132 2723 ct
2147 2652 2285 2743 placere
2299 2654 2582 2741 credentespropto

614 2752 782 2823 laudibus
805 2772 954 2840 operum
981 2748 1080 2838 prius
1103 2746 1322 2835 intelligatur
1345 2746 1432 2817 fides
1462 2747 1602 2838 praelu-
1654 2750 1905 2833 mediatorem,
1931 2750 2141 2840 sicutsupra
2158 2753 2265 2824 dixit:
2293 2751 2412 2843 Quem
2429 2754 2581 2845 posuitpn

616 2877 717 2937 cens,
755 2876 844 2947 qnae
871 2850 999 2942 accipit
1020 2848 1263 2921 remissionem
1290 2860 1535 2939 peccatorum,
1567 2863 1604 2920 et
1654 2853 1957 2945 piciatoremlide.
2005 2849 2580 2927 Retineaturautemadrersusuul

616 2954 941 3027 reconciliationem
954 2953 1065 3043 gratis
1080 2965 1226 3041 propter
1239 2952 1482 3025 mediatorem.
1516 2949 1602 3024 ldeo
1653 2970 1707 3025 tae
1724 2953 1968 3026 cavillationes
1985 2949 2398 3040 haecadmonitio‚cum
2414 2957 2453 3025 in
2470 2950 2595 3038 rotaldi

615 3055 703 3129 haec
721 3051 899 3129 dictahoc
917 3056 995 3125 loco
1011 3078 1085 3125 non
1099 3053 1371 3146 citantur,quia
1384 3056 1480 3126 hona
1496 3077 1603 3148 opera
1654 3058 1815 3127 iusticiae
1836 3056 2020 3129 latendum
2041 3059 2107 3139 sit,
2142 3083 2215 3130 esse
2239 3055 2335 3129 hanc
2358 3058 2575 3130 relationem·

615 3174 813 3257 sequuntur
830 3158 868 3227 in
885 3156 1101 3238 iustificatis,
1127 3178 1202 3225 non
1216 3156 1419 3230 iustificant.
1654 3158 1881 3250 ceptationis,
1925 3182 2065 3231 necesse
2089 3176 2142 3233 est
2167 3161 2320 3250 intelligi
2347 3186 2415 3233 nos
2437 3152 2580 3243 insoni

717 3260 852 3334 Paulus
869 3274 984 3335 autem
1009 3256 1067 3329 hie
1086 3258 1223 3351 quaerit
1243 3280 1316 3328 non
1335 3259 1517 3354 quomodo
1539 3281 1605 3348 po·
1654 3278 1725 3342 est,
1761 3276 1919 3351 acceptos
1944 3285 2018 3333 esse
2040 3276 2186 3353 propter
2215 3265 2452 3336 mediatorem
2469 3260 2586 3331 Deon‘l

614 3382 688 3438 stea
711 3388 816 3457 opera
840 3362 928 3435 liant
951 3376 1012 3434 aut
1027 3362 1206 3454 placeant,
1233 3362 1294 3429 sed
1318 3362 1500 3454 quomodo
1523 3382 1604 3452 per·
1655 3360 1857 3444 hominem,
1897 3378 1932 3435 et
1954 3387 2028 3435 non
2052 3366 2208 3455 intelligi
2232 3367 2416 3438 iusticiam
2439 3351 2595 3436 antetuli

617 3491 703 3540 sona
724 3469 784 3540 liat
798 3466 907 3546 iusta,
934 3465 1060 3552 idest,
1086 3477 1226 3555 accepte
1245 3460 1342 3544 Deo,
1368 3462 1532 3534 videlicet
1548 3485 1604 3532 re-
1654 3466 1855 3538 divinitate.

617 3569 787 3642 missione
810 3581 1049 3660 peccatorum.
1099 3563 1183 3635 ldeo
1206 3567 1298 3635 dicta
1326 3566 1371 3635 de
1394 3564 1605 3635 remissione
1672 3597 1676 3604 ·

616 3675 725 3760 citat,
760 3694 850 3766 quse
879 3693 954 3740 non
983 3683 1068 3740 suut
1104 3661 1344 3761 synecdoche,
1384 3665 1468 3759 quia
1497 3667 1605 3757 gratis
2413 3741 2416 3744 Α

616 3791 762 3869 propter
777 3773 890 3844 filium
912 3771 1122 3865 recipimur.
1149 3783 1184 3842 et
1207 3764 1292 3841 haec
1317 3769 1480 3840 remissio
1502 3781 1605 3840 ante·
1873 3745 2083 3830 mmm*
2115 3763 2432 3831 ‘'lssflmffl

616 3881 709 3950 cedit
730 3878 825 3947 bona
849 3897 968 3967 opera.
1756 3869 1899 3942 iusticia
1914 3871 2086 3961 imputata
2103 3885 2252 3945 estante
2277 3871 2566 3945 circumcisiones

719 3979 894 4050 Addende
918 3987 1025 4049 estet
1048 3969 1137 4044 haec
1159 3973 1370 4045 admonitio.
1423 3968 1605 4045 Osiander
1756 3973 1852 4064 Ergo
1885 3973 2106 4044 circumcisio
2141 3998 2216 4044 non
2245 3989 2298 4046 est
2326 4000 2461 4060 causa,
2500 3977 2595 4062 puell

617 4079 870 4172 interpretetur
899 4073 984 4147 haec
1003 4079 1126 4146 verbs:
1154 4072 1328 4167 lmputata
1345 4089 1397 4146 est
1415 4077 1446 4145 ei
1467 4075 1605 4148 iusticia
1819 4100 1925 4169 quam
1950 4072 2133 4147 Abraham
2162 4088 2216 4148 cst
2237 4076 2367 4150 iustus.

618 4179 688 4254 hoc
705 4183 831 4265 modo,
854 4181 981 4270 idest,
1006 4178 1180 4249 transfusa
1197 4191 1249 4248 est
1266 4177 1303 4246 iu
1321 4201 1402 4248 eum
1424 4178 1606 4248 divinitas.
1756 4176 2021 4270 Consequentia
2046 4178 2231 4250 manifesta
2261 4195 2342 4263 est,
2391 4177 2472 4271 qnia
2500 4171 2595 4238 eumn

616 4281 698 4356 Etsi
719 4297 835 4354 aretem
861 4280 1085 4352 verissimum
1109 4294 1179 4360 est,
1206 4278 1244 4349 in
1261 4280 1468 4350 remissione
1483 4303 1605 4370 pecca·
1656 4304 1730 4350 non
1751 4280 1928 4350 antecedit
1949 4302 2091 4348 cansam
2117 4293 2286 4370 ternpore
2337 4268 2595 4352 cncomnnso

539 4469 542 4477 ¹
617 4400 737 4458 torum
755 4384 828 4456 lieri
848 4382 1130 4466 renovationem,
1148 4405 1228 4452 cram
1245 4379 1611 4452 auditavoceEvan··
1655 4399 1772 4454 autem
1790 4377 1973 4452 Abraham
1989 4404 2085 4451 anno
2104 4383 2227 4454 aetatis
2241 4405 2324 4452 suae
2343 4381 2430 4460 99..
2453 4401 2524 4448 cum
2534 4382 2595 4440 anu

618 4487 700 4581 getii
724 4489 762 4558 in
787 4489 894 4558 corde
916 4483 1166 4578 perterrefacto
1194 4483 1288 4553 lilius
1310 4479 1378 4554 Dei
1401 4479 1494 4565 hanc
1517 4507 1604 4554 con·
1656 4499 1803 4556 vocatus
1820 4495 1910 4554 essct
1926 4506 1967 4553 es
1986 4481 2109 4558 llaran
2126 4479 2187 4554 75.
2239 4481 2333 4555 Sunt
2347 4505 2434 4574 ergo
2448 4473 2595 4550 aonial‘¹

1806 3609 2040 3711 Imputalum
2068 3626 2121 3689 est
2144 3614 2179 3687 ci
2201 3613 2241 3688 in
2263 3617 2472 3719 praeputio.

479 4589 487 4602 '
618 4589 828 4662 solationem
848 4589 955 4674 dicit,
995 4585 1246 4660 Remittentur
1267 4585 1334 4655 tibi
1358 4599 1522 4678 peccata,
1556 4583 1605 4655 Et
1656 4587 1845 4660 vocatione
1866 4586 1912 4654 od
1937 4585 2243 4658 circumcisionem
2267 4581 2329 4660 24.

619 4696 680 4762 dat
701 4692 877 4785 Spiritum
902 4703 1084 4761 sanctum:
1112 4701 1231 4758 tamen
1254 4687 1351 4758 aliud
1370 4699 1421 4757 est
1442 4687 1540 4780 loqui
1560 4687 1605 4758 de
1762 4687 1805 4758 ln
1836 4683 1905 4758 hoe
1930 4701 2139 4776 argumento
2169 4687 2379 4759 continetur
2413 4671 2595 4756 doemon

617 4793 681 4865 illa
705 4793 952 4879 renovatione,
985 4791 1081 4861 aliud
1106 4791 1150 4860 de
1172 4813 1297 4875 causa,
1332 4801 1605 4884 propterquam
1658 4789 1768 4882 signis
1784 4813 1847 4864 seu
1868 4789 2113 4872 sacramentis,
2140 4803 2180 4862 ut
2195 4789 2323 4861 usitate
2342 4777 2595 4861 nominassent

618 4917 769 4988 persona
785 4895 885 4986 prius
904 4893 1031 4983 accipit
1047 4891 1290 4963 remissionem
1307 4905 1549 4982 peccatorum,
1571 4903 1604 4962 ει
1657 4893 1821 4964 doctrina
1841 4895 1886 4963 de
1918 4892 2024 4962 honis
2052 4891 2232 4983 operibus.
2282 4884 2469 4963 Abraham
2495 4876 2595 4951 nond

618 4998 658 5070 tt
674 5009 833 5084 accepts,
851 5019 912 5066 seu
930 4998 974 5066 de
989 4996 1095 5063 modo
1111 5019 1183 5086 quo
1198 4995 1395 5064 accedimus
1410 4996 1454 5063 ad
1473 4993 1606 5069 Deum.
1660 4995 1773 5067 iustus
1796 5008 1941 5084 propter
1963 5013 2073 5083 opus,
2096 4993 2354 5086 quod-quidem
2371 5015 2393 5060 a
2408 4987 2483 5060 Deo
2495 4977 2595 5054 mande

723 5095 824 5172 Sicut
846 5109 963 5168 autem
984 5097 1077 5166 intra
1097 5096 1243 5180 dicitur}‚
1268 5093 1418 5185 Propter
1433 5094 1606 5165 obedien·
1657 5110 1734 5170 tum
1751 5111 1842 5168 erat:
1866 5117 1949 5186 ergo
1967 5117 2034 5163 nec
2054 5117 2122 5172 nos
2135 5117 2259 5167 summ
2271 5094 2358 5166 iusti
2373 5105 2511 5185 propter
2522 5095 2595 5172 open

620 5201 707 5273 tiam
729 5198 837 5271 unius
858 5198 1125 5270 constituuntur
1147 5197 1229 5268 insti
1248 5197 1367 5266 multi:
1401 5198 1448 5268 ita
1472 5193 1531 5268 hic
1548 5197 1606 5268 in·
1660 5199 1721 5269 ssd
1745 5195 1975 5290 placentDeo
1998 5197 2092 5268 bona
2115 5220 2222 5287 opera
2239 5196 2281 5268 in
2298 5190 2378 5276 iris,
2404 5193 2463 5286 qni
2484 5193 2541 5256 ian
2557 5179 2595 5290 aa

619 5303 820 5395 tellissamus
842 5298 1012 5392 imputari
1036 5299 1141 5369 nobis
1167 5298 1405 5368 obedientiam
1434 5301 1608 5370 mediato·-
1661 5301 1746 5372 iusti
1770 5312 1873 5384 sunt,
1899 5298 2038 5368 etiamsi
2054 5293 2200 5396 haerent
2217 5293 2334 5368 adhoc
2350 5297 2391 5366 in
2404 5295 2456 5366 eis
2477 5287 2595 5375 reliqna

619 5405 690 5491 ris,
724 5416 869 5497 propter
891 5424 995 5494 quem
1019 5395 1191 5471 habemns
1220 5401 1463 5470 remissionem
1486 5424 1607 5493 pecco-
1659 5402 1811 5496 peccati,
1836 5413 1877 5472 ut
1890 5400 1977 5470 alibi
1995 5399 2173 5491 copiosius
2191 5400 2335 5472 dicitnr.
2563 5481 2569 5494 ⁵

619 5523 739 5580 torum
756 5518 791 5576 et
806 5503 1096 5596 acceptationem.
1124 5500 1208 5574 ldeo
1224 5517 1258 5573 ει
1276 5499 1334 5572 hic
1348 5501 1482 5574 Paulus
1497 5503 1609 5574 citans
1762 5502 1866 5574 Nunc
1887 5501 1933 5574 sle
1950 5501 2189 5576 Sacrameutis
2210 5501 2381 5574 dicamus.
2433 5492 2547 5566 Pano
2563 5502 2595 5590 'i‘

618 5608 816 5680 Psalmum:
842 5603 943 5676 Beati
976 5629 1128 5698 quorum
1145 5599 1311 5674 remissae
1333 5618 1416 5676 sunt
1438 5605 1611 5698 iniquita·
1659 5605 1753 5694 signi
1771 5609 1881 5674 verbo
1904 5628 1989 5677 suus
2008 5617 2083 5684 est,
2114 5603 2279 5675 nominat
2301 5599 2401 5671 hunc
2418 5599 2517 5669 ritum
2532 5582 2595 5689 ⁸53¹?

619 5726 671 5781 tes
687 5725 750 5782 etc.
803 5703 973 5780 Ostendit
988 5728 1026 5776 se
1050 5705 1151 5800 loqui
1175 5707 1219 5776 de
1246 5706 1498 5799 imputatione,
1538 5730 1609 5801 qua
1660 5706 1736 5776 lum
1762 5706 1923 5778 iusticias
1942 5705 2037 5778 fidei.
2088 5704 2160 5778 llic
2182 5705 2334 5795 primurn
2353 5686 2595 5772 confiderent

619 5812 725 5886 asebis
741 5825 887 5905 propter
902 5809 1133 5882 mediatorem
1150 5821 1289 5902 peccata
1305 5809 1553 5895 remittuntur,
1573 5823 1608 5882 et
1659 5823 1817 5894 scentes,
1858 5830 1949 5901 quac
1971 5809 2043 5902 siut
2066 5809 2196 5889 usitata
2228 5800 2415 5880 hominurn
2442 5787 2595 5868 indicia-¹¹
