5825 6950
325 689 371 770 n
720 689 803 765 xu.
864 685 1164 764 susannam
1192 687 1246 763 nv
1272 686 1455 765 avano.
1485 683 1700 765 lOANttls.
1751 663 1856 764 cnr.
1884 687 1910 763 t.
2295 693 2345 767 eo

328 862 659 958 posteareiellemus.
710 861 816 935 Prius
840 865 937 935 enim
951 863 1150 955 simplicem
1166 877 1200 936 et
1220 885 1301 955 per·
1350 863 1526 936 abiectum
1546 873 1581 934 et
1602 859 1978 948 maledictumaDeo‚
2005 862 2184 954 intelligit.
2236 859 2344 934 Chri-

326 983 452 1063 petuam
474 961 655 1036 Ecclesiae
681 968 890 1038 sententiam
911 967 1089 1052 recitabo,
1116 981 1150 1037 et
1166 962 1301 1037 adbor-
1351 981 1426 1036 stus
1441 981 1559 1038 autem
1576 967 1750 1036 intellexit
1766 981 1801 1038 et
1817 967 1972 1040 sentiens
1988 961 2081 1038 hanc
2092 981 2228 1038 tantam
2243 967 2344 1053 iram,

326 1095 377 1142 tor
396 1069 486 1162 pios,
518 1080 561 1137 ut
590 1069 765 1140 retineant
792 1065 939 1160 phrasin
966 1085 1144 1151 veterum,
1172 1070 1235 1163 qui
1251 1071 1301 1140 sic
1353 1096 1416 1162 pro
1434 1070 1540 1138 nobis
1557 1095 1632 1138 eam
1650 1071 1830 1144 sustinuit.

327 1175 421 1244 locuti
449 1185 554 1240 suot:
597 1169 757 1243 Verbum
791 1174 956 1242 assumsit
975 1187 1138 1242 naturam
1171 1167 1302 1243 huma·
1455 1169 1552 1242 idem
1571 1175 1671 1243 docet
1688 1171 1819 1242 Paulus
1837 1173 1879 1242 ad
1898 1167 2030 1264 Philip.
2043 1173 2095 1242 2.:
2124 1169 2202 1242 Hoc
2219 1173 2344 1243 sentite

328 1301 418 1352 nam,
443 1277 490 1342 ita
506 1288 548 1342 ut
565 1273 610 1343 sit
627 1299 696 1344 una
720 1299 871 1366 persona
888 1274 984 1346 lesus
999 1270 1174 1348 Christus.
1226 1273 1300 1344 Nec
1350 1276 1445 1347 inter
1462 1299 1545 1359 ros,
1572 1279 1667 1368 qnod
1686 1291 1719 1344 ct
1737 1276 1774 1344 iu
1791 1271 1933 1346 Christo
1956 1273 2053 1352 lesu,
2080 1275 2140 1368 qui
2158 1300 2237 1345 cnm
2255 1293 2344 1346 esset

328 1377 574 1466 imaginandum
590 1391 640 1446 est
655 1374 847 1447 humanam
863 1393 1025 1448 naturam
1044 1377 1301 1448 tantumluisse
1353 1379 1390 1447 in
1408 1379 1522 1447 forma
1539 1375 1625 1462 Dei,
1653 1402 1726 1447 non
1744 1379 1904 1468 rapinam
1922 1377 2024 1448 duxit
2039 1401 2074 1446 se
2091 1401 2242 1472 aequare
2258 1377 2344 1457 Deo,
2447 1455 2454 1468 ,

331 1479 502 1572 hospitium
523 1480 669 1550 divinae
694 1495 851 1555 naturae.
904 1481 1004 1553 Sicut
1031 1475 1168 1551 habitat
1183 1478 1301 1570 Spiri-
1351 1485 1411 1550 sed
1438 1482 1591 1570 seipsum
1614 1471 1830 1562 exinanivit,
1870 1480 2023 1550 sormam
2046 1480 2136 1549 servi
2157 1479 2345 1572 accipiens,

339 1596 522 1654 tassanctns
540 1581 578 1650 in
601 1583 754 1664 renatis,
780 1596 878 1654 etest
901 1583 941 1652 in
969 1584 1020 1652 cis
1044 1583 1175 1654 elbcax.
1228 1581 1300 1654 Sed
1352 1583 1641 1653 insimilitudine
1666 1579 1850 1652 hominnm
1868 1583 1997 1664 lactus,
2023 1599 2056 1653 et
2073 1579 2198 1652 babitu
2217 1584 2345 1652 inven-

337 1693 406 1756 duae
421 1699 564 1754 naturae
575 1687 696 1754 divina
712 1699 747 1753 et
762 1681 917 1756 hnmana
930 1701 1015 1756 sunt
1028 1684 1149 1756 irnitae
1166 1685 1302 1755 unione
1352 1702 1409 1756 tus
1426 1698 1468 1755 ut
1485 1683 1604 1771 bomo,
1629 1679 1833 1755 humiliavit
1848 1687 2021 1778 seipsum,
2049 1686 2160 1756 factus
2178 1687 2346 1756 obediens

335 1787 545 1883 hypostatica,
571 1802 612 1856 ut
638 1801 771 1857 veteres
797 1788 911 1878 locuti
932 1807 1034 1873 sunt,
1060 1783 1128 1859 boc
1155 1801 1225 1870 est,
1250 1787 1300 1858 ita
1352 1792 1530 1882 usquead
1557 1803 1725 1873 mortem,
1765 1805 1913 1858 mortem
1939 1802 2054 1858 autem
2083 1788 2207 1862 crucis.
2270 1783 2346 1858 Etsi

331 1905 363 1960 ut
380 1915 447 1960 una
467 1889 511 1960 sit
538 1914 699 1980 persona.
753 1889 836 1961 ldeo
857 1887 1086 1982 Evangelista
1112 1885 1170 1960 hic
1197 1889 1300 1960 dicit:
1352 1891 1414 1960 alii
1429 1891 1516 1960 alias
1542 1891 1849 1982 interpretationes
1873 1893 2032 1976 addunt,
2057 1904 2176 1960 tamen
2202 1891 2346 1982 simpli-

332 1991 470 2062 l'erbum
501 2016 585 2060 caro
609 1994 739 2062 lactum
763 2007 832 2078 est,
869 1995 971 2088 quasi
995 1993 1107 2064 dicat:
1139 1989 1299 2063 Verbum
1352 1993 1491 2064 cissima
1525 2008 1575 2074 est
1599 1994 1636 2064 in
1662 2017 1704 2062 eo
1726 1991 1831 2063 Pauli
1856 1994 1933 2064 loco
1966 1993 2151 2066 sententia.
2222 1991 2347 2062 Forma

332 2121 394 2164 non
415 2109 543 2167 tantum
567 2096 772 2165 adiunctum
790 2110 860 2186 est,
892 2111 1061 2166 utcomes
1083 2095 1301 2188 separabilis,
1352 2096 1524 2186 signifieat
1548 2111 1700 2188 utroque
1726 2097 1804 2166 loco
1828 2095 2111 2167 similitudinem.
2170 2092 2242 2183 Qui
2268 2119 2347 2164 cnm

333 2203 382 2267 sed
396 2199 514 2268 lactum
539 2212 592 2267 est
613 2191 743 2280 bomo,
774 2199 896 2268 lucens
918 2199 959 2268 iu
987 2213 1060 2269 tota
1082 2214 1208 2270 natura
1230 2193 1300 2269 hu·
1353 2214 1442 2271 esset
1457 2200 1494 2269 in
1516 2201 1628 2268 forma
1643 2195 1731 2279 Dei,
1759 2199 1796 2270 id
1820 2213 1892 2284 est,
1917 2212 2005 2269 esset
2022 2196 2149 2268 similis
2169 2195 2265 2282 Deo,
2293 2223 2346 2265 sa-

335 2326 444 2385 mana,
464 2313 620 2393 quaeest
637 2300 669 2367 ei
687 2301 805 2384 nnita,
831 2301 879 2372 ita
904 2315 945 2371 ut
968 2300 1014 2371 sit
1040 2324 1112 2371 una
1137 2325 1298 2393 persona.
1354 2304 1474 2394 piens,
1505 2304 1636 2388 iustus,
1669 2302 1789 2387 fortis,
1821 2301 1983 2391 superior
2008 2315 2140 2384 morte,
2174 2301 2347 2390 datorvi-

345 2401 479 2472 &rbitror
506 2416 539 2471 et
563 2399 716 2472 Paulum
744 2400 897 2473 voluisse
922 2405 1018 2473 idem
1043 2403 1177 2488 dicere,
1218 2429 1298 2498 cum
1353 2421 1425 2490 tae,
1459 2405 1614 2502 denique
1635 2405 1794 2474 divinam
1821 2399 1956 2474 habens
1981 2405 2193 2494 potentiam,
2229 2419 2347 2472 tamen

349 2506 401 2572 ait:
430 2503 464 2572 ln
475 2499 610 2575 Christo
627 2505 892 2595 plenitudinem
915 2504 1115 2576 divinitatis
1140 2499 1302 2577 habitare
1353 2533 1428 2578 non
1448 2507 1627 2598 arrogavit
1645 2508 1715 2578 sibi
1737 2506 1985 2602 aequalitatem
2004 2503 2091 2590 Dei,
2117 2505 2154 2574 id
2178 2521 2247 2590 est,
2276 2530 2347 2574 non

342 2608 556 2695 corporaliter,
590 2609 626 2676 id
650 2623 722 2692 est,
749 2609 990 2699 personaliter.
1043 2607 1132 2678 Nam
1148 2623 1301 2681 utnunc
1353 2612 1459 2704 gessit
1479 2635 1514 2681 se
1539 2625 1706 2704 tanquam
1729 2609 1911 2704 aequalem
1936 2606 2034 2693 Deo,
2073 2622 2206 2678 utnon
2232 2621 2349 2696 posset

335 2709 441 2778 usitate
451 2710 599 2778 dicimus
624 2733 829 2799 personam,
853 2711 902 2782 ita
920 2711 1049 2782 Graeci
1076 2709 1302 2783 usitatissime
1353 2714 1428 2805 pati
1443 2727 1477 2784 et
1496 2713 1599 2796 mori,
1625 2715 1683 2781 sed
1698 2714 1854 2803 seipsum
1870 2711 2085 2796 exinanivit,
2113 2711 2148 2778 id
2166 2727 2228 2796 est,
2253 2711 2348 2780 exirit

332 2812 475 2881 dixerunt
490 2805 660 2902 σώματα.
1354 2816 1452 2887 illam
1480 2813 1548 2885 Dei
1572 2815 1866 2898 similitudinem,
1898 2840 1973 2886 uon
2002 2837 2104 2906 posse
2137 2815 2230 2906 pati,
2275 2839 2347 2880 riou

411 2913 573 2984 Secundo
592 2938 673 2985 curn
696 2913 842 2986 dicitur:
878 2912 1038 2987 Verbum
1061 2941 1143 2988 caro
1168 2917 1300 2988 lactum
1355 2944 1455 3012 posse
1472 2919 1582 2998 mori,
1609 2931 1644 2988 et
1659 2919 1771 2989 lactus
1787 2933 1839 2989 est
1853 2918 1980 2988 similis
1995 2912 2203 3004 hominum,
2232 2919 2267 2983 id
2286 2933 2348 2994 est,

325 3028 375 3084 est.
428 3015 512 3086 Non
542 3018 716 3107 cogitetur
745 3021 994 3090 transmutatio
1024 3043 1087 3090 seu
1115 3021 1300 3091 conversio
1354 3047 1436 3092 vere
1453 3017 1561 3090 horno
1583 3022 1765 3106 mortalis,
1791 3035 1826 3092 ct
1843 3015 1967 3090 habitu
1990 3021 2157 3099 inventus
2175 3013 2348 3092 utbomn,

322 3117 407 3188 verbi
425 3121 465 3188 in
479 3134 645 3190 naturam
669 3115 883 3199 humanam,
909 3135 1046 3194 utrum
1063 3122 1169 3192 dicis:
1197 3120 1300 3218 Aqua
1355 3127 1481 3210 idest,
1514 3123 1700 3195 affectibus
1719 3125 1944 3194 naturalibus
1967 3123 2134 3194 omnibus
2156 3121 2348 3213 praeditas,

321 3223 623 3295 estfactavinnm.
674 3218 765 3292 Cera
791 3224 953 3295 estfacta
977 3226 1081 3314 ignis.
1134 3224 1225 3296 Nam
1241 3249 1302 3296 su·
1354 3228 1500 3312 esuriit,
1531 3225 1637 3316 sitiit,
1673 3227 1884 3316 defatigatus
1908 3240 1977 3309 est,
2007 3225 2151 3307 metuit,
2183 3223 2350 3314 speravit,

320 3347 372 3410 pra
397 3327 537 3397 dictum
569 3339 621 3395 est
655 3323 769 3424 λόγον
803 3349 878 3396 εεεε
910 3349 1097 3418 personam
1130 3328 1301 3398 divinam.
1355 3329 1489 3415 doluit,
1514 3330 1749 3413 lactatusest,
1773 3327 1999 3423 lacrymavit,
2023 3325 2212 3410 natusest,
2239 3325 2349 3394 sensit

319 3424 386 3495 Non
403 3427 514 3519 igitur
530 3429 749 3519 extinguitur
771 3453 887 3524 neque
902 3431 1123 3501 convertitur
1137 3429 1177 3500 in
1194 3430 1301 3501 aliam
1354 3445 1488 3505 tantam
1505 3428 1742 3515 moesticiam,
1766 3443 1807 3501 ut
1823 3431 1967 3501 sudaret
1989 3429 2206 3519 sanguinem.
2258 3424 2349 3498 Cum

319 3554 398 3615 nm,
428 3534 492 3601 sed
521 3545 675 3603 assumta
701 3527 857 3602 humana
876 3548 1004 3604 natura
1028 3551 1168 3615 manet,
1203 3537 1301 3606 etin
1355 3536 1450 3605 enim
1469 3549 1558 3604 esset
1572 3534 1713 3603 victima
1738 3558 1803 3624 pro
1828 3556 1955 3624 genere
1980 3527 2157 3616 humano,
2184 3544 2349 3621 expertus

317 3656 348 3701 ra
365 3634 469 3703 lueet.
1354 3655 1406 3711 est
1422 3662 1564 3710 sensum
1582 3638 1655 3707 irae
1671 3635 1739 3708 Dei
1760 3640 1928 3708 adversus
1952 3648 2132 3727 peccatum
2145 3635 2194 3702 in
2221 3656 2350 3721 genere

403 3736 533 3807 Tertio
560 3762 642 3806 caro
664 3737 886 3827 intelligatur
909 3754 1138 3809 nontantum
1161 3765 1302 3833 corpus,
1353 3738 1526 3812 hnmano.
1578 3738 1674 3809 Haec
1689 3740 1818 3809 deinde
1833 3740 2070 3811 declarantur.
2116 3734 2244 3807 Factus
2264 3738 2349 3803 obe-

319 3838 367 3906 set
389 3851 487 3911 totus
510 3835 631 3915 homo.
689 3838 780 3909 Nam
805 3832 913 3939 λόγος
936 3844 1103 3914 assumsit
1124 3868 1252 3935 corpus
1268 3860 1303 3916 et
1355 3846 1458 3915 cliens
1487 3866 1599 3937 usqne
1624 3845 1668 3911 ad
1693 3856 1862 3927 mortem,
1897 3853 2046 3909 mortem
2077 3854 2194 3908 antem
2224 3838 2349 3938 crucis.

318 3941 460 4013 somam
482 3938 689 4013 humanam.
749 3942 820 4013 Sed
842 3968 909 4014 cnr
929 3945 1058 4018 maluit
1072 3943 1301 4036 Evarrgelista
1354 3941 1777 4041 ltaqueutEvangelista
1799 3968 1884 4015 usus
1908 3956 1961 4013 est
1985 3942 2132 4009 nomine
2154 3942 2288 4019 earnis,
2317 3954 2350 4008 et

319 4044 359 4111 oti
377 4045 618 4137 appellatione
651 4046 794 4115 carnis?
844 4044 920 4117 Cur
942 4071 1017 4118 non
1046 4048 1154 4133 dixit,
1193 4042 1303 4147 λόγος
1354 4064 1518 4120 naturam
1537 4044 1747 4129 humanam,
1773 4062 1808 4116 et
1830 4044 2109 4116 imbecillitatem
2136 4043 2349 4133 significans.

319 4148 413 4217 iactos
427 4164 483 4219 est
498 4142 637 4218 homo?
684 4144 762 4217 Etsi
785 4144 855 4218 boc
871 4151 1003 4221 voluit:
1029 4148 1121 4221 Nam
1135 4146 1302 4223 Christus
1354 4152 1406 4223 lta
1425 4150 1558 4222 Paulus
1575 4164 1609 4221 et
1623 4144 1817 4219 humanam
1839 4163 2004 4220 naturam
2028 4148 2290 4237 complectitur,
2317 4160 2348 4213 et
2422 4210 2429 4219 ,

320 4251 515 4322 secedam
537 4246 739 4334 esthamo,
770 4245 1055 4343 habenscorpus
1078 4255 1302 4341 etanimam,
1352 4254 1523 4326 describit
1549 4252 1847 4336 imbecillitatem,
1895 4277 1975 4323 cum
2005 4250 2170 4319 nominat
2197 4250 2349 4317 sormam

324 4354 427 4425 utalia
450 4352 567 4423 multa
586 4354 790 4424 testimonia
814 4365 1008 4440 testantur,
1041 4367 1162 4427 tamen
1178 4352 1300 4448 phrasi
1354 4358 1468 4443 servi,
1494 4370 1528 4426 et
1543 4356 1679 4451 inquit:
1708 4354 1855 4441 Habitu,
1881 4357 1997 4438 idest,
2024 4352 2351 4423 affectibusinven-

330 4455 500 4547 maurae
516 4480 581 4546 pro
604 4451 751 4527 bomine
768 4455 858 4527 dixit
879 4482 1042 4540 carnem,
1070 4473 1109 4530 nt
1126 4459 1301 4550 significa·
1354 4476 1411 4533 tus
1427 4474 1468 4530 nt
1482 4455 1603 4529 bomo.

328 4558 663 4629 retiubecillitatem
687 4574 722 4630 et
746 4561 1011 4634 mortalitatem.
1072 4560 1174 4632 Talis
1203 4564 1299 4633 enim
1455 4559 1646 4633 Caeterum
1665 4572 1702 4629 et
1717 4555 1784 4630 hoc
1800 4558 1992 4629 dicendum
2008 4570 2073 4627 est:
2100 4555 2178 4624 Etsi
2195 4548 2350 4623 ianri-

321 4672 426 4735 vrtora
446 4674 607 4733 assumta
622 4676 693 4746 εει,
719 4677 879 4755 quaeest
897 4665 1077 4750 mortalis,
1104 4665 1300 4757 etquidem
1353 4679 1407 4739 sto
1429 4662 1586 4737 humana
1611 4676 1738 4735 natura
1771 4660 1949 4739 mortalis,
1990 4682 2071 4729 vere
2100 4657 2168 4728 fnit
2193 4652 2349 4727 bumana

316 4764 460 4837 salicem
491 4760 691 4835 horrendae
717 4763 791 4833 irae
815 4778 851 4836 et
873 4766 1008 4837 indicio
1035 4764 1103 4836 Dei
1131 4771 1301 4839 adversus
1354 4784 1501 4854 natura,
1543 4781 1662 4838 tamen
1684 4766 1754 4836 luit
1783 4764 1859 4833 sine
1883 4774 2044 4853 peccato,
2079 4761 2226 4831 fuerunt
2248 4758 2286 4827 in
2308 4782 2351 4827 eo

314 4882 485 4953 peecatum
500 4863 650 4939 humani
667 4867 817 4957 generis.
867 4866 988 4957 Quam
1017 4871 1107 4938 iram
1131 4866 1215 4940 haec
1231 4871 1300 4939 im·
1353 4896 1477 4943 omnes
1492 4870 1728 4967 appetitiones
1747 4868 1951 4949 ordinatae,
1975 4865 2096 4957 quales
2111 4861 2208 4932 Deus
2226 4862 2350 4931 condi·

313 4970 440 5041 berillis
455 4984 489 5040 et
505 4971 665 5041 mortalis
679 4993 763 5039 caro
779 4965 972 5042 ianristo
988 4972 1170 5043 sustinuit.
1197 4972 1301 5044 llanc
1353 4976 1426 5062 dit,
1451 4974 1521 5044 fnit
1544 4970 1717 5065 appetitio
1733 4969 1821 5054 cibi,
1847 4982 1973 5061 potus,
1999 4964 2222 5057 defatigatio,
2247 4965 2351 5032 dolor

312 5071 581 5143 inenarrabilem
604 5068 892 5144 humiliationem
910 5074 1121 5162 significavit
1136 5073 1301 5168 Evange-
1353 5078 1532 5171 eorporis,
1556 5089 1688 5157 metus,
1714 5095 1812 5164 spes,
1832 5070 1997 5154 tristitia,
2024 5069 2179 5151 laetitia,
2205 5068 2270 5145 ira,
2296 5090 2350 5133 ze-

255 5263 256 5276 *
311 5173 635 5269 listaappellationc
658 5176 796 5260 earnis,
822 5189 861 5247 ut
884 5175 1008 5247 Esaias
1032 5178 1171 5271 inquit:
1204 5177 1299 5267 Quia
1355 5184 1429 5264 lus,
1456 5182 1517 5250 sed
1534 5174 1620 5247 baec
1633 5178 1779 5245 luerunt
1802 5176 1965 5244 ordinata
1982 5186 2016 5241 et
2032 5172 2108 5241 sine
2125 5182 2284 5262 peccato,
2310 5180 2351 5236 ut

311 5294 408 5366 ponet
423 5278 583 5347 animam
606 5300 705 5349 snam
730 5292 929 5370 peccatum,
952 5282 989 5349 id
1010 5292 1081 5365 est,
1107 5282 1300 5373 piaculum,
1352 5288 1387 5356 2.
1402 5277 1567 5355 Corinth.
1586 5280 1622 5355 6.
1643 5279 1790 5349 dicitur:
1817 5274 1913 5349 Eum
1930 5274 2001 5367 'qui
2019 5298 2094 5343 non
2109 5272 2210 5343 novit
2225 5292 2350 5362 pecca-

310 5404 364 5451 seu
389 5378 545 5451 bostiam
568 5404 636 5471 pro
661 5396 820 5471 peccato,
857 5381 994 5453 videbit
1014 5405 1134 5453 semen
1155 5384 1300 5475 longae·
1352 5402 1447 5466 tum,
1475 5381 1662 5477 pronubis
1688 5380 1866 5472 peccatum
1891 5378 1994 5463 lecit,
2027 5391 2066 5447 ut
2093 5398 2159 5445 nos
2186 5374 2349 5442 fieremus

311 5508 398 5554 sum.
451 5480 500 5555 Et
519 5486 566 5553 ad
590 5482 673 5557 Gal.
692 5485 744 5553 da
777 5486 911 5555 Factus
933 5510 997 5576 pro
1021 5487 1127 5556 nobis
1147 5487 1299 5557 maledi·
1352 5488 1491 5560 iusticia
1507 5484 1575 5558 Dei
1592 5486 1630 5553 in
1646 5508 1700 5558 eo.
1752 5478 1799 5553 Et
1816 5485 1859 5551 ad
1878 5478 2038 5551 Ebraeos
2057 5476 2110 5553 4.:
2142 5474 2225 5547 Non
2240 5469 2350 5543 babe-

309 5601 419 5667 ttum,
448 5600 488 5657 at
509 5586 879 5685 nosamaledictioue
894 5588 1094 5658 redimeret.
1144 5586 1219 5659 Nec
1239 5616 1300 5660 co-
1352 5616 1432 5663 mus
1447 5586 1652 5683 pontificem
1670 5587 1733 5680 qui
1751 5609 1824 5655 non
1850 5584 1960 5676 possit
1977 5580 2130 5673 compati
2159 5576 2349 5647 infirmita·

310 5690 492 5774 gitandum
523 5704 573 5761 est
600 5686 691 5762 hanc
719 5714 793 5759 esse
821 5690 1100 5782 appellationem
1126 5692 1178 5760 rei
1201 5693 1299 5762 levis.
1353 5697 1448 5766 tibus
1470 5690 1621 5774 n'ostris,
1653 5702 1827 5761 tentatum
1853 5700 1972 5757 autem
1994 5708 2059 5778 per
2082 5682 2203 5752 omnia
2224 5701 2350 5751 setian-

310 5788 470 5862 llomane
500 5794 592 5864 ratio
622 5818 697 5865 non
726 5792 897 5881 intelligit
920 5795 1203 5884 magnitudinem
1226 5796 1299 5867 irae
1351 5800 1438 5869 dum
1454 5794 1726 5867 similitudinem
1750 5804 1909 5861 nostram
1932 5788 2009 5857 sine
2031 5799 2183 5878 peccato.
2236 5777 2350 5851 A'ccc·

310 5890 370 5965 llei
390 5896 560 5967 adversus
586 5910 780 5989 peccatum.
842 5894 927 5967 ldeo
955 5922 1021 5969 nec
1045 5899 1132 5992 quid
1156 5898 1201 5969 sit
1226 5920 1301 5969 esse
1351 5905 1479 5972 damus
1495 5899 1605 5989 igitur
1619 5920 1699 5968 cum
1717 5893 1866 5975 fiducia,
1892 5904 1955 5963 etc.
