<?xml version="1.0" encoding="UTF-8"?>
<!DOCTYPE html PUBLIC "-//W3C//DTD XHTML 1.0 Transitional//EN"
    "http://www.w3.org/TR/xhtml1/DTD/xhtml1-transitional.dtd">
<html xmlns="http://www.w3.org/1999/xhtml" xml:lang="en" lang="en">
 <head>
  <title>
</title>
<meta http-equiv="Content-Type" content="text/html;charset=utf-8" />
  <meta name='ocr-system' content='tesseract 3.04.00' />
  <meta name='ocr-capabilities' content='ocr_page ocr_carea ocr_par ocr_line ocrx_word'/>
</head>
<body>
  <div class='ocr_page' id='page_1' title='image "./philippimelanth08bindgoog_0058.png"; bbox 0 0 5825 6950; ppageno 0'>
   <div class='ocr_carea' id='block_1_1' title="bbox 325 667 2368 770">
    <p class='ocr_par' dir='ltr' id='par_1_1' title="bbox 325 667 2368 770">
     <span class='ocr_line' id='line_1_1' title="bbox 325 667 2368 770; baseline -0.004 -10"><span class='ocrx_word' id='word_1_1' title='bbox 325 677 368 760; x_wconf 74' lang='lat' dir='ltr'><strong>td</strong></span> <span class='ocrx_word' id='word_1_2' title='bbox 791 667 1094 753; x_wconf 79' lang='lat' dir='ltr'><strong>ENARRthO</strong></span> <span class='ocrx_word' id='word_1_3' title='bbox 1129 671 1181 750; x_wconf 82' lang='grc' dir='ltr'><strong>ΙΝ</strong></span> <span class='ocrx_word' id='word_1_4' title='bbox 1211 669 1399 754; x_wconf 81' lang='lat' dir='ltr'><strong>EVANG.</strong></span> <span class='ocrx_word' id='word_1_5' title='bbox 1431 669 1652 754; x_wconf 84' lang='lat' dir='ltr'><strong>lOANNlS.</strong></span> <span class='ocrx_word' id='word_1_6' title='bbox 1710 667 1816 750; x_wconf 77' lang='lat' dir='ltr'><strong>CAP.</strong></span> <span class='ocrx_word' id='word_1_7' title='bbox 1850 675 1915 752; x_wconf 86' lang='lat' dir='ltr'><strong>lll.</strong></span> <span class='ocrx_word' id='word_1_8' title='bbox 2318 695 2368 770; x_wconf 70' lang='grc' dir='ltr'><em>ω</em></span> 
     </span>
    </p>
   </div>
   <div class='ocr_carea' id='block_1_2' title="bbox 258 845 2443 3725">
    <p class='ocr_par' dir='ltr' id='par_1_2' title="bbox 258 845 2443 3725">
     <span class='ocr_line' id='line_1_2' title="bbox 326 845 2362 948; baseline 0.008 -22"><span class='ocrx_word' id='word_1_9' title='bbox 326 875 402 926; x_wconf 82' lang='lat' dir='ltr'><strong>men</strong></span> <span class='ocrx_word' id='word_1_10' title='bbox 413 845 474 922; x_wconf 87' lang='lat' dir='ltr'><strong>hic</strong></span> <span class='ocrx_word' id='word_1_11' title='bbox 492 847 659 948; x_wconf 82' lang='lat' dir='ltr'><strong>loquitur</strong></span> <span class='ocrx_word' id='word_1_12' title='bbox 676 851 721 922; x_wconf 88' lang='lat' dir='ltr'><strong>de</strong></span> <span class='ocrx_word' id='word_1_13' title='bbox 737 850 926 944; x_wconf 81' lang='lat' dir='ltr'><strong>principali</strong></span> <span class='ocrx_word' id='word_1_14' title='bbox 948 874 1051 922; x_wconf 91' lang='lat' dir='ltr'><strong>causa</strong></span> <span class='ocrx_word' id='word_1_15' title='bbox 1071 872 1154 920; x_wconf 88' lang='lat' dir='ltr'><strong>suae</strong></span> <span class='ocrx_word' id='word_1_16' title='bbox 1176 849 1320 920; x_wconf 87' lang='lat' dir='ltr'><strong>missio-</strong></span> <span class='ocrx_word' id='word_1_17' title='bbox 1370 863 1405 920; x_wconf 90' lang='lat' dir='ltr'><strong>et</strong></span> <span class='ocrx_word' id='word_1_18' title='bbox 1419 873 1559 943; x_wconf 90' lang='lat' dir='ltr'><strong>semper</strong></span> <span class='ocrx_word' id='word_1_19' title='bbox 1575 845 1661 922; x_wconf 88' lang='lat' dir='ltr'><strong>haec</strong></span> <span class='ocrx_word' id='word_1_20' title='bbox 1674 873 1742 921; x_wconf 86' lang='lat' dir='ltr'><strong>vos</strong></span> <span class='ocrx_word' id='word_1_21' title='bbox 1752 851 1943 924; x_wconf 89' lang='lat' dir='ltr'><strong>ostendens</strong></span> <span class='ocrx_word' id='word_1_22' title='bbox 1954 853 2042 924; x_wconf 90' lang='lat' dir='ltr'><strong>iram</strong></span> <span class='ocrx_word' id='word_1_23' title='bbox 2051 853 2132 946; x_wconf 90' lang='lat' dir='ltr'><strong>Dei,</strong></span> <span class='ocrx_word' id='word_1_24' title='bbox 2159 861 2196 932; x_wconf 91' lang='lat' dir='ltr'><strong>in</strong></span> <span class='ocrx_word' id='word_1_25' title='bbox 2205 859 2362 942; x_wconf 83' lang='lat' dir='ltr'><strong>Ecclesia</strong></span> 
     </span>
     <span class='ocr_line' id='line_1_3' title="bbox 325 947 2358 1042; baseline 0.007 -14"><span class='ocrx_word' id='word_1_26' title='bbox 325 957 394 1042; x_wconf 86' lang='lat' dir='ltr'><strong>nis,</strong></span> <span class='ocrx_word' id='word_1_27' title='bbox 418 969 454 1024; x_wconf 89' lang='lat' dir='ltr'><strong>et</strong></span> <span class='ocrx_word' id='word_1_28' title='bbox 475 978 561 1024; x_wconf 85' lang='lat' dir='ltr'><strong>mos</strong></span> <span class='ocrx_word' id='word_1_29' title='bbox 585 954 741 1026; x_wconf 88' lang='lat' dir='ltr'><strong>occurrit</strong></span> <span class='ocrx_word' id='word_1_30' title='bbox 762 952 972 1025; x_wconf 85' lang='lat' dir='ltr'><strong>obiectioni:</strong></span> <span class='ocrx_word' id='word_1_31' title='bbox 999 949 1074 1042; x_wconf 86' lang='lat' dir='ltr'><strong>Qui</strong></span> <span class='ocrx_word' id='word_1_32' title='bbox 1096 976 1170 1023; x_wconf 89' lang='lat' dir='ltr'><strong>non</strong></span> <span class='ocrx_word' id='word_1_33' title='bbox 1194 951 1318 1042; x_wconf 90' lang='lat' dir='ltr'><strong>credit,</strong></span> <span class='ocrx_word' id='word_1_34' title='bbox 1369 975 1497 1023; x_wconf 87' lang='lat' dir='ltr'><strong>sonare</strong></span> <span class='ocrx_word' id='word_1_35' title='bbox 1519 953 1633 1024; x_wconf 88' lang='lat' dir='ltr'><strong>debet.</strong></span> <span class='ocrx_word' id='word_1_36' title='bbox 1688 947 1772 1022; x_wconf 90' lang='lat' dir='ltr'><strong>ldeo</strong></span> <span class='ocrx_word' id='word_1_37' title='bbox 1790 952 1922 1025; x_wconf 85' lang='lat' dir='ltr'><strong>Paulus</strong></span> <span class='ocrx_word' id='word_1_38' title='bbox 1937 955 1986 1026; x_wconf 91' lang='lat' dir='ltr'><strong>sic</strong></span> <span class='ocrx_word' id='word_1_39' title='bbox 2003 960 2143 1032; x_wconf 91' lang='lat' dir='ltr'><strong>orditur</strong></span> <span class='ocrx_word' id='word_1_40' title='bbox 2159 988 2258 1038; x_wconf 87' lang='lat' dir='ltr'><strong>suam</strong></span> <span class='ocrx_word' id='word_1_41' title='bbox 2274 996 2358 1042; x_wconf 89' lang='lat' dir='ltr'><strong>con·</strong></span> 
     </span>
     <span class='ocr_line' id='line_1_4' title="bbox 328 1051 2443 1158; baseline 0.006 -29"><span class='ocrx_word' id='word_1_42' title='bbox 328 1061 388 1130; x_wconf 84' lang='lat' dir='ltr'><strong>iam</strong></span> <span class='ocrx_word' id='word_1_43' title='bbox 403 1057 588 1129; x_wconf 82' lang='lat' dir='ltr'><strong>iudicatus</strong></span> <span class='ocrx_word' id='word_1_44' title='bbox 603 1070 665 1126; x_wconf 86' lang='lat' dir='ltr'><strong>est.</strong></span> <span class='ocrx_word' id='word_1_45' title='bbox 706 1056 778 1128; x_wconf 88' lang='lat' dir='ltr'><strong>lam</strong></span> <span class='ocrx_word' id='word_1_46' title='bbox 797 1070 849 1128; x_wconf 89' lang='lat' dir='ltr'><strong>est</strong></span> <span class='ocrx_word' id='word_1_47' title='bbox 864 1057 935 1126; x_wconf 93' lang='lat' dir='ltr'><strong>lata</strong></span> <span class='ocrx_word' id='word_1_48' title='bbox 951 1055 1124 1126; x_wconf 87' lang='lat' dir='ltr'><strong>sententia</strong></span> <span class='ocrx_word' id='word_1_49' title='bbox 1141 1057 1186 1124; x_wconf 90' lang='lat' dir='ltr'><strong>de</strong></span> <span class='ocrx_word' id='word_1_50' title='bbox 1199 1055 1318 1126; x_wconf 90' lang='lat' dir='ltr'><strong>omni·</strong></span> <span class='ocrx_word' id='word_1_51' title='bbox 1370 1056 1525 1124; x_wconf 90' lang='lat' dir='ltr'><strong>cionem:</strong></span> <span class='ocrx_word' id='word_1_52' title='bbox 1551 1051 1746 1128; x_wconf 84' lang='lat' dir='ltr'><strong>Revelatur</strong></span> <span class='ocrx_word' id='word_1_53' title='bbox 1764 1056 1817 1126; x_wconf 87' lang='lat' dir='ltr'><strong>ira</strong></span> <span class='ocrx_word' id='word_1_54' title='bbox 1832 1055 1900 1128; x_wconf 87' lang='lat' dir='ltr'><strong>Dei</strong></span> <span class='ocrx_word' id='word_1_55' title='bbox 1920 1059 1964 1128; x_wconf 82' lang='lat' dir='ltr'><strong>de</strong></span> <span class='ocrx_word' id='word_1_56' title='bbox 1979 1062 2077 1132; x_wconf 84' lang='lat' dir='ltr'><strong>coelo</strong></span> <span class='ocrx_word' id='word_1_57' title='bbox 2094 1087 2200 1158; x_wconf 90' lang='lat' dir='ltr'><strong>super</strong></span> <span class='ocrx_word' id='word_1_58' title='bbox 2215 1095 2359 1146; x_wconf 85' lang='lat' dir='ltr'><strong>omnem</strong></span> <span class='ocrx_word' id='word_1_59' title='bbox 2439 1105 2443 1112; x_wconf 92' lang='lat'><em>·</em></span> 
     </span>
     <span class='ocr_line' id='line_1_5' title="bbox 326 1153 2360 1256; baseline 0.008 -24"><span class='ocrx_word' id='word_1_60' title='bbox 326 1165 385 1235; x_wconf 87' lang='lat' dir='ltr'><strong>hus</strong></span> <span class='ocrx_word' id='word_1_61' title='bbox 397 1159 715 1256; x_wconf 80' lang='lat' dir='ltr'><strong>contemnentibus</strong></span> <span class='ocrx_word' id='word_1_62' title='bbox 739 1153 836 1230; x_wconf 85' lang='lat' dir='ltr'><strong>hunc</strong></span> <span class='ocrx_word' id='word_1_63' title='bbox 860 1160 1091 1242; x_wconf 83' lang='lat' dir='ltr'><strong>salvatorem,</strong></span> <span class='ocrx_word' id='word_1_64' title='bbox 1117 1160 1176 1226; x_wconf 91' lang='lat' dir='ltr'><strong>sed</strong></span> <span class='ocrx_word' id='word_1_65' title='bbox 1197 1171 1314 1228; x_wconf 77' lang='lat' dir='ltr'><strong>tassten</strong></span> <span class='ocrx_word' id='word_1_66' title='bbox 1369 1157 1594 1252; x_wconf 87' lang='lat' dir='ltr'><strong>iniquitatem</strong></span> <span class='ocrx_word' id='word_1_67' title='bbox 1617 1171 1651 1230; x_wconf 90' lang='lat' dir='ltr'><strong>et</strong></span> <span class='ocrx_word' id='word_1_68' title='bbox 1672 1155 1886 1228; x_wconf 90' lang='lat' dir='ltr'><strong>iniusticiam</strong></span> <span class='ocrx_word' id='word_1_69' title='bbox 1906 1155 2105 1238; x_wconf 89' lang='lat' dir='ltr'><strong>hominum.</strong></span> <span class='ocrx_word' id='word_1_70' title='bbox 2158 1167 2246 1244; x_wconf 88' lang='lat' dir='ltr'><strong>Item</strong></span> <span class='ocrx_word' id='word_1_71' title='bbox 2267 1175 2360 1254; x_wconf 90' lang='lat' dir='ltr'><strong>Psal.</strong></span> 
     </span>
     <span class='ocr_line' id='line_1_6' title="bbox 328 1257 2359 1358; baseline 0.006 -22"><span class='ocrx_word' id='word_1_72' title='bbox 328 1276 420 1336; x_wconf 86' lang='lat' dir='ltr'><strong>erunt</strong></span> <span class='ocrx_word' id='word_1_73' title='bbox 436 1261 555 1356; x_wconf 88' lang='lat' dir='ltr'><strong>aliqui</strong></span> <span class='ocrx_word' id='word_1_74' title='bbox 574 1285 649 1332; x_wconf 90' lang='lat' dir='ltr'><strong>non</strong></span> <span class='ocrx_word' id='word_1_75' title='bbox 662 1272 942 1351; x_wconf 83' lang='lat' dir='ltr'><strong>contemnentes,</strong></span> <span class='ocrx_word' id='word_1_76' title='bbox 965 1284 1038 1331; x_wconf 92' lang='lat' dir='ltr'><strong>non</strong></span> <span class='ocrx_word' id='word_1_77' title='bbox 1056 1259 1187 1353; x_wconf 93' lang='lat' dir='ltr'><strong>peribit</strong></span> <span class='ocrx_word' id='word_1_78' title='bbox 1202 1273 1315 1332; x_wconf 89' lang='lat' dir='ltr'><strong>totum</strong></span> <span class='ocrx_word' id='word_1_79' title='bbox 1372 1260 1449 1334; x_wconf 72' lang='lat'><strong>15.:</strong></span> <span class='ocrx_word' id='word_1_80' title='bbox 1476 1258 1573 1330; x_wconf 90' lang='lat' dir='ltr'><strong>Deus</strong></span> <span class='ocrx_word' id='word_1_81' title='bbox 1601 1263 1646 1329; x_wconf 90' lang='lat' dir='ltr'><strong>de</strong></span> <span class='ocrx_word' id='word_1_82' title='bbox 1678 1257 1776 1332; x_wconf 89' lang='lat' dir='ltr'><strong>coelo</strong></span> <span class='ocrx_word' id='word_1_83' title='bbox 1804 1266 1957 1354; x_wconf 79' lang='lat' dir='ltr'><strong>respexit</strong></span> <span class='ocrx_word' id='word_1_84' title='bbox 1986 1288 2091 1358; x_wconf 89' lang='lat' dir='ltr'><strong>super</strong></span> <span class='ocrx_word' id='word_1_85' title='bbox 2120 1271 2213 1342; x_wconf 85' lang='lat' dir='ltr'><strong>filios</strong></span> <span class='ocrx_word' id='word_1_86' title='bbox 2241 1271 2359 1350; x_wconf 91' lang='lat' dir='ltr'><strong>homi-</strong></span> 
     </span>
     <span class='ocr_line' id='line_1_7' title="bbox 329 1357 2359 1460; baseline 0.008 -25"><span class='ocrx_word' id='word_1_87' title='bbox 329 1389 427 1460; x_wconf 80' lang='lat' dir='ltr'><strong>genus</strong></span> <span class='ocrx_word' id='word_1_88' title='bbox 443 1359 668 1446; x_wconf 88' lang='lat' dir='ltr'><strong>humanum,</strong></span> <span class='ocrx_word' id='word_1_89' title='bbox 695 1364 761 1434; x_wconf 85' lang='lat' dir='ltr'><strong>erit</strong></span> <span class='ocrx_word' id='word_1_90' title='bbox 784 1363 915 1458; x_wconf 89' lang='lat' dir='ltr'><strong>aliquis</strong></span> <span class='ocrx_word' id='word_1_91' title='bbox 937 1374 1075 1454; x_wconf 90' lang='lat' dir='ltr'><strong>coetus,</strong></span> <span class='ocrx_word' id='word_1_92' title='bbox 1108 1361 1171 1456; x_wconf 90' lang='lat' dir='ltr'><strong>qui</strong></span> <span class='ocrx_word' id='word_1_93' title='bbox 1194 1362 1316 1433; x_wconf 78' lang='lat' dir='ltr'>audiet</span> <span class='ocrx_word' id='word_1_94' title='bbox 1368 1386 1475 1443; x_wconf 90' lang='lat' dir='ltr'><strong>num,</strong></span> <span class='ocrx_word' id='word_1_95' title='bbox 1500 1375 1568 1432; x_wconf 89' lang='lat' dir='ltr'><strong>etc.</strong></span> <span class='ocrx_word' id='word_1_96' title='bbox 1624 1357 1763 1432; x_wconf 89' lang='lat' dir='ltr'><strong>Omnes</strong></span> <span class='ocrx_word' id='word_1_97' title='bbox 1778 1365 2046 1440; x_wconf 86' lang='lat' dir='ltr'><strong>declinaverunt</strong></span> <span class='ocrx_word' id='word_1_98' title='bbox 2063 1385 2127 1446; x_wconf 88' lang='lat' dir='ltr'><strong>etc.</strong></span> <span class='ocrx_word' id='word_1_99' title='bbox 2180 1375 2359 1454; x_wconf 88' lang='lat' dir='ltr'><strong>Haecon-</strong></span> 
     </span>
     <span class='ocr_line' id='line_1_8' title="bbox 353 1463 2357 1564; baseline 0.008 -25"><span class='ocrx_word' id='word_1_100' title='bbox 353 1494 413 1542; x_wconf 89' lang='lat' dir='ltr'><strong>unc</strong></span> <span class='ocrx_word' id='word_1_101' title='bbox 427 1466 566 1556; x_wconf 80' lang='lat' dir='ltr'><strong>filium,</strong></span> <span class='ocrx_word' id='word_1_102' title='bbox 590 1480 627 1538; x_wconf 88' lang='lat' dir='ltr'><strong>et</strong></span> <span class='ocrx_word' id='word_1_103' title='bbox 641 1469 760 1544; x_wconf 84' lang='lat' dir='ltr'><strong>credet</strong></span> <span class='ocrx_word' id='word_1_104' title='bbox 775 1465 830 1553; x_wconf 89' lang='lat' dir='ltr'><strong>ei,</strong></span> <span class='ocrx_word' id='word_1_105' title='bbox 854 1489 896 1538; x_wconf 89' lang='lat' dir='ltr'><strong>ac</strong></span> <span class='ocrx_word' id='word_1_106' title='bbox 909 1465 1120 1538; x_wconf 83' lang='lat' dir='ltr'><strong>salvabitur.</strong></span> <span class='ocrx_word' id='word_1_107' title='bbox 1368 1463 1489 1534; x_wconf 88' lang='lat' dir='ltr'><strong>cinnes</strong></span> <span class='ocrx_word' id='word_1_108' title='bbox 1512 1478 1596 1535; x_wconf 89' lang='lat' dir='ltr'><strong>sunt</strong></span> <span class='ocrx_word' id='word_1_109' title='bbox 1615 1465 1811 1536; x_wconf 89' lang='lat' dir='ltr'><strong>sententiae</strong></span> <span class='ocrx_word' id='word_1_110' title='bbox 1828 1467 1896 1536; x_wconf 92' lang='lat' dir='ltr'><strong>iam</strong></span> <span class='ocrx_word' id='word_1_111' title='bbox 1917 1468 2008 1540; x_wconf 90' lang='lat' dir='ltr'><strong>latae</strong></span> <span class='ocrx_word' id='word_1_112' title='bbox 2024 1473 2067 1540; x_wconf 90' lang='lat' dir='ltr'><strong>de</strong></span> <span class='ocrx_word' id='word_1_113' title='bbox 2083 1479 2270 1564; x_wconf 89' lang='lat' dir='ltr'><strong>omnibus,</strong></span> <span class='ocrx_word' id='word_1_114' title='bbox 2296 1491 2357 1556; x_wconf 89' lang='lat' dir='ltr'><strong>sed</strong></span> 
     </span>
     <span class='ocr_line' id='line_1_9' title="bbox 1367 1562 2360 1676; baseline 0.011 -39"><span class='ocrx_word' id='word_1_115' title='bbox 1367 1567 1413 1637; x_wconf 88' lang='lat' dir='ltr'><strong>ab</strong></span> <span class='ocrx_word' id='word_1_116' title='bbox 1440 1562 1507 1638; x_wconf 92' lang='lat' dir='ltr'><strong>hac</strong></span> <span class='ocrx_word' id='word_1_117' title='bbox 1536 1568 1833 1639; x_wconf 77' lang='lat' dir='ltr'><strong>condemnatione</strong></span> <span class='ocrx_word' id='word_1_118' title='bbox 1856 1571 2058 1661; x_wconf 90' lang='lat' dir='ltr'><strong>eripiuntur</strong></span> <span class='ocrx_word' id='word_1_119' title='bbox 2080 1573 2137 1664; x_wconf 93' lang='lat' dir='ltr'><strong>hi,</strong></span> <span class='ocrx_word' id='word_1_120' title='bbox 2170 1571 2233 1675; x_wconf 75' lang='lat' dir='ltr'><strong>ipsi</strong></span> <span class='ocrx_word' id='word_1_121' title='bbox 2258 1589 2360 1676; x_wconf 78' lang='lat' dir='ltr'><strong>agni.</strong></span> 
     </span>
     <span class='ocr_line' id='line_1_10' title="bbox 1368 1666 2359 1764; baseline 0.021 -23"><span class='ocrx_word' id='word_1_122' title='bbox 1368 1669 1466 1741; x_wconf 91' lang='lat' dir='ltr'><strong>tione</strong></span> <span class='ocrx_word' id='word_1_123' title='bbox 1489 1671 1589 1740; x_wconf 84' lang='lat' dir='ltr'><strong>verbi</strong></span> <span class='ocrx_word' id='word_1_124' title='bbox 1606 1666 1696 1758; x_wconf 90' lang='lat' dir='ltr'><strong>Dei,</strong></span> <span class='ocrx_word' id='word_1_125' title='bbox 1721 1694 1780 1742; x_wconf 86' lang='lat' dir='ltr'><strong>scu</strong></span> <span class='ocrx_word' id='word_1_126' title='bbox 1804 1670 1872 1742; x_wconf 86' lang='lat' dir='ltr'><strong>fide</strong></span> <span class='ocrx_word' id='word_1_127' title='bbox 1894 1674 2074 1764; x_wconf 90' lang='lat' dir='ltr'><strong>accipiunt</strong></span> <span class='ocrx_word' id='word_1_128' title='bbox 2097 1687 2359 1762; x_wconf 91' lang='lat' dir='ltr'><strong>reconciliatio-</strong></span> 
     </span>
     <span class='ocr_line' id='line_1_11' title="bbox 414 1765 2357 1884; baseline 0.008 -38"><span class='ocrx_word' id='word_1_129' title='bbox 414 1773 553 1848; x_wconf 81' lang='lat' dir='ltr'><strong>Hacret</strong></span> <span class='ocrx_word' id='word_1_130' title='bbox 588 1787 770 1868; x_wconf 85' lang='lat' dir='ltr'><strong>peccatum</strong></span> <span class='ocrx_word' id='word_1_131' title='bbox 807 1771 847 1842; x_wconf 93' lang='lat' dir='ltr'><strong>in</strong></span> <span class='ocrx_word' id='word_1_132' title='bbox 882 1771 1050 1842; x_wconf 89' lang='lat' dir='ltr'><strong>omnihus</strong></span> <span class='ocrx_word' id='word_1_133' title='bbox 1095 1765 1315 1850; x_wconf 89' lang='lat' dir='ltr'><strong>hominibus,</strong></span> <span class='ocrx_word' id='word_1_134' title='bbox 1367 1796 1465 1844; x_wconf 87' lang='lat' dir='ltr'><strong>nem.</strong></span> <span class='ocrx_word' id='word_1_135' title='bbox 1504 1773 1708 1866; x_wconf 90' lang='lat' dir='ltr'><strong>Diligenter</strong></span> <span class='ocrx_word' id='word_1_136' title='bbox 1721 1787 1839 1845; x_wconf 89' lang='lat' dir='ltr'><strong>autem</strong></span> <span class='ocrx_word' id='word_1_137' title='bbox 1854 1775 2151 1852; x_wconf 83' lang='lat' dir='ltr'><strong>considerandum</strong></span> <span class='ocrx_word' id='word_1_138' title='bbox 2167 1801 2237 1868; x_wconf 89' lang='lat' dir='ltr'><strong>est,</strong></span> <span class='ocrx_word' id='word_1_139' title='bbox 2259 1796 2357 1884; x_wconf 89' lang='lat' dir='ltr'><strong>quod</strong></span> 
     </span>
     <span class='ocr_line' id='line_1_12' title="bbox 332 1874 2356 1975; baseline 0.007 -23"><span class='ocrx_word' id='word_1_140' title='bbox 332 1893 463 1975; x_wconf 83' lang='lat' dir='ltr'><strong>propter</strong></span> <span class='ocrx_word' id='word_1_141' title='bbox 481 1877 579 1972; x_wconf 85' lang='lat' dir='ltr'><strong>quod</strong></span> <span class='ocrx_word' id='word_1_142' title='bbox 596 1900 720 1948; x_wconf 89' lang='lat' dir='ltr'><strong>omnes</strong></span> <span class='ocrx_word' id='word_1_143' title='bbox 742 1890 827 1947; x_wconf 91' lang='lat' dir='ltr'><strong>sunt</strong></span> <span class='ocrx_word' id='word_1_144' title='bbox 848 1875 919 1958; x_wconf 89' lang='lat' dir='ltr'><strong>rei,</strong></span> <span class='ocrx_word' id='word_1_145' title='bbox 952 1890 987 1946; x_wconf 90' lang='lat' dir='ltr'><strong>et</strong></span> <span class='ocrx_word' id='word_1_146' title='bbox 1009 1874 1143 1944; x_wconf 90' lang='lat' dir='ltr'><strong>accedit</strong></span> <span class='ocrx_word' id='word_1_147' title='bbox 1163 1874 1312 1944; x_wconf 90' lang='lat' dir='ltr'><strong>alterum</strong></span> <span class='ocrx_word' id='word_1_148' title='bbox 1367 1899 1507 1946; x_wconf 87' lang='lat' dir='ltr'><strong>causam</strong></span> <span class='ocrx_word' id='word_1_149' title='bbox 1523 1876 1763 1948; x_wconf 87' lang='lat' dir='ltr'><strong>damnationis</strong></span> <span class='ocrx_word' id='word_1_150' title='bbox 1776 1875 1827 1948; x_wconf 90' lang='lat' dir='ltr'><strong>ait</strong></span> <span class='ocrx_word' id='word_1_151' title='bbox 1840 1899 1926 1959; x_wconf 90' lang='lat' dir='ltr'><strong>esse,</strong></span> <span class='ocrx_word' id='word_1_152' title='bbox 1952 1886 2181 1960; x_wconf 87' lang='lat' dir='ltr'><strong>noncredere</strong></span> <span class='ocrx_word' id='word_1_153' title='bbox 2194 1890 2356 1966; x_wconf 86' lang='lat' dir='ltr'><strong>infilium</strong></span> 
     </span>
     <span class='ocr_line' id='line_1_13' title="bbox 331 1973 2357 2078; baseline 0.005 -25"><span class='ocrx_word' id='word_1_154' title='bbox 331 1997 498 2078; x_wconf 87' lang='lat' dir='ltr'><strong>peccatum</strong></span> <span class='ocrx_word' id='word_1_155' title='bbox 521 1981 561 2050; x_wconf 94' lang='lat' dir='ltr'><strong>in</strong></span> <span class='ocrx_word' id='word_1_156' title='bbox 584 1979 726 2064; x_wconf 90' lang='lat' dir='ltr'><strong>multis,</strong></span> <span class='ocrx_word' id='word_1_157' title='bbox 750 1992 933 2050; x_wconf 89' lang='lat' dir='ltr'><strong>contemtu</strong></span> <span class='ocrx_word' id='word_1_158' title='bbox 953 1974 1126 2063; x_wconf 85' lang='lat' dir='ltr'><strong>liliiDei,·</strong></span> <span class='ocrx_word' id='word_1_159' title='bbox 1148 1975 1314 2047; x_wconf 91' lang='lat' dir='ltr'><strong>sicutin-</strong></span> <span class='ocrx_word' id='word_1_160' title='bbox 1365 1975 1446 2051; x_wconf 90' lang='lat' dir='ltr'><strong>Dei.</strong></span> <span class='ocrx_word' id='word_1_161' title='bbox 1497 1975 1575 2048; x_wconf 87' lang='lat' dir='ltr'><strong>Etsi</strong></span> <span class='ocrx_word' id='word_1_162' title='bbox 1589 1978 1682 2048; x_wconf 89' lang='lat' dir='ltr'><strong>enim</strong></span> <span class='ocrx_word' id='word_1_163' title='bbox 1698 1993 1878 2071; x_wconf 88' lang='lat' dir='ltr'><strong>peccatum</strong></span> <span class='ocrx_word' id='word_1_164' title='bbox 1892 1973 2091 2054; x_wconf 82' lang='lat' dir='ltr'><strong>haerensin</strong></span> <span class='ocrx_word' id='word_1_165' title='bbox 2107 2003 2233 2063; x_wconf 89' lang='lat' dir='ltr'><strong>natura</strong></span> <span class='ocrx_word' id='word_1_166' title='bbox 2251 1998 2357 2068; x_wconf 82' lang='lat' dir='ltr'><strong>etiam</strong></span> 
     </span>
     <span class='ocr_line' id='line_1_14' title="bbox 333 2079 2357 2188; baseline 0.007 -32"><span class='ocrx_word' id='word_1_167' title='bbox 333 2085 543 2156; x_wconf 72' lang='lat' dir='ltr'><strong>fudicetur:</strong></span> <span class='ocrx_word' id='word_1_168' title='bbox 586 2079 744 2174; x_wconf 80' lang='lat' dir='ltr'>Spiritus</span> <span class='ocrx_word' id='word_1_169' title='bbox 766 2095 906 2151; x_wconf 87' lang='lat' dir='ltr'><strong>sanctus</strong></span> <span class='ocrx_word' id='word_1_170' title='bbox 930 2094 1052 2171; x_wconf 77' lang='lat' dir='ltr'>arguet</span> <span class='ocrx_word' id='word_1_171' title='bbox 1074 2079 1248 2147; x_wconf 91' lang='lat' dir='ltr'><strong>mundum</strong></span> <span class='ocrx_word' id='word_1_172' title='bbox 1270 2079 1315 2147; x_wconf 90' lang='lat' dir='ltr'><strong>de</strong></span> <span class='ocrx_word' id='word_1_173' title='bbox 1366 2094 1538 2151; x_wconf 73' lang='lat' dir='ltr'><strong>causaest</strong></span> <span class='ocrx_word' id='word_1_174' title='bbox 1557 2081 1595 2150; x_wconf 91' lang='lat' dir='ltr'><strong>in</strong></span> <span class='ocrx_word' id='word_1_175' title='bbox 1614 2084 1888 2168; x_wconf 88' lang='lat' dir='ltr'><strong>nuncrcdentc,</strong></span> <span class='ocrx_word' id='word_1_176' title='bbox 1914 2096 2032 2154; x_wconf 89' lang='lat' dir='ltr'><strong>tamen</strong></span> <span class='ocrx_word' id='word_1_177' title='bbox 2048 2089 2357 2188; x_wconf 86' lang='lat' dir='ltr'><strong>quiahocpecca·</strong></span> 
     </span>
     <span class='ocr_line' id='line_1_15' title="bbox 334 2177 2355 2282; baseline 0.007 -25"><span class='ocrx_word' id='word_1_178' title='bbox 334 2201 480 2282; x_wconf 83' lang='lat' dir='ltr'><strong>peccato,</strong></span> <span class='ocrx_word' id='word_1_179' title='bbox 517 2187 700 2282; x_wconf 90' lang='lat' dir='ltr'><strong>quianon</strong></span> <span class='ocrx_word' id='word_1_180' title='bbox 729 2184 882 2254; x_wconf 91' lang='lat' dir='ltr'><strong>credunt</strong></span> <span class='ocrx_word' id='word_1_181' title='bbox 912 2183 950 2252; x_wconf 92' lang='lat' dir='ltr'><strong>in</strong></span> <span class='ocrx_word' id='word_1_182' title='bbox 983 2205 1050 2251; x_wconf 88' lang='lat' dir='ltr'><strong>me.</strong></span> <span class='ocrx_word' id='word_1_183' title='bbox 1101 2177 1176 2252; x_wconf 85' lang='lat' dir='ltr'><strong>Ubi</strong></span> <span class='ocrx_word' id='word_1_184' title='bbox 1206 2179 1314 2270; x_wconf 91' lang='lat' dir='ltr'><strong>igitur</strong></span> <span class='ocrx_word' id='word_1_185' title='bbox 1366 2194 1441 2253; x_wconf 92' lang='lat' dir='ltr'><strong>tum</strong></span> <span class='ocrx_word' id='word_1_186' title='bbox 1465 2183 1598 2274; x_wconf 88' lang='lat' dir='ltr'><strong>regitur</strong></span> <span class='ocrx_word' id='word_1_187' title='bbox 1621 2183 1689 2252; x_wconf 88' lang='lat' dir='ltr'><strong>lide</strong></span> <span class='ocrx_word' id='word_1_188' title='bbox 1711 2183 1749 2252; x_wconf 91' lang='lat' dir='ltr'><strong>in</strong></span> <span class='ocrx_word' id='word_1_189' title='bbox 1770 2179 1828 2254; x_wconf 90' lang='lat' dir='ltr'><strong>his</strong></span> <span class='ocrx_word' id='word_1_190' title='bbox 1850 2185 1912 2278; x_wconf 86' lang='lat' dir='ltr'><strong>qui</strong></span> <span class='ocrx_word' id='word_1_191' title='bbox 1929 2188 2098 2277; x_wconf 89' lang='lat' dir='ltr'><strong>credunt,</strong></span> <span class='ocrx_word' id='word_1_192' title='bbox 2127 2197 2264 2268; x_wconf 89' lang='lat' dir='ltr'><strong>etiamsi</strong></span> <span class='ocrx_word' id='word_1_193' title='bbox 2281 2227 2355 2273; x_wconf 89' lang='lat' dir='ltr'><strong>ma-</strong></span> 
     </span>
     <span class='ocr_line' id='line_1_16' title="bbox 335 2282 2355 2387; baseline 0.008 -27"><span class='ocrx_word' id='word_1_194' title='bbox 335 2315 397 2362; x_wconf 88' lang='lat' dir='ltr'><strong>non</strong></span> <span class='ocrx_word' id='word_1_195' title='bbox 416 2305 463 2362; x_wconf 87' lang='lat' dir='ltr'><strong>est</strong></span> <span class='ocrx_word' id='word_1_196' title='bbox 486 2289 622 2378; x_wconf 81' lang='lat' dir='ltr'><strong>agnitio</strong></span> <span class='ocrx_word' id='word_1_197' title='bbox 646 2286 929 2376; x_wconf 76' lang='lat' dir='ltr'>misericordiae,</span> <span class='ocrx_word' id='word_1_198' title='bbox 956 2297 991 2354; x_wconf 94' lang='lat' dir='ltr'><strong>et</strong></span> <span class='ocrx_word' id='word_1_199' title='bbox 1012 2282 1314 2354; x_wconf 74' lang='lat' dir='ltr'><strong>reconciliationis</strong></span> <span class='ocrx_word' id='word_1_200' title='bbox 1366 2300 1448 2356; x_wconf 85' lang='lat' dir='ltr'><strong>neat</strong></span> <span class='ocrx_word' id='word_1_201' title='bbox 1473 2287 1608 2377; x_wconf 89' lang='lat' dir='ltr'><strong>reipsa,</strong></span> <span class='ocrx_word' id='word_1_202' title='bbox 1634 2298 1752 2356; x_wconf 89' lang='lat' dir='ltr'><strong>tsmen</strong></span> <span class='ocrx_word' id='word_1_203' title='bbox 1773 2310 1848 2358; x_wconf 90' lang='lat' dir='ltr'><strong>non</strong></span> <span class='ocrx_word' id='word_1_204' title='bbox 1874 2289 2037 2378; x_wconf 89' lang='lat' dir='ltr'><strong>damnat,</strong></span> <span class='ocrx_word' id='word_1_205' title='bbox 2061 2296 2121 2367; x_wconf 90' lang='lat' dir='ltr'><strong>sed</strong></span> <span class='ocrx_word' id='word_1_206' title='bbox 2140 2300 2252 2387; x_wconf 89' lang='lat' dir='ltr'><strong>gratia</strong></span> <span class='ocrx_word' id='word_1_207' title='bbox 2270 2328 2355 2378; x_wconf 85' lang='lat' dir='ltr'><strong>esu·</strong></span> 
     </span>
     <span class='ocr_line' id='line_1_17' title="bbox 341 2386 1800 2485; baseline -0.002 -22"><span class='ocrx_word' id='word_1_208' title='bbox 341 2407 460 2485; x_wconf 89' lang='lat' dir='ltr'><strong>propter</strong></span> <span class='ocrx_word' id='word_1_209' title='bbox 474 2391 591 2462; x_wconf 87' lang='lat' dir='ltr'><strong>lilium</strong></span> <span class='ocrx_word' id='word_1_210' title='bbox 607 2391 817 2479; x_wconf 86' lang='lat' dir='ltr'><strong>promissae,</strong></span> <span class='ocrx_word' id='word_1_211' title='bbox 843 2411 983 2459; x_wconf 90' lang='lat' dir='ltr'><strong>necesse</strong></span> <span class='ocrx_word' id='word_1_212' title='bbox 998 2399 1050 2458; x_wconf 89' lang='lat' dir='ltr'><strong>est</strong></span> <span class='ocrx_word' id='word_1_213' title='bbox 1072 2386 1175 2484; x_wconf 86' lang='lat' dir='ltr'><strong>sequi</strong></span> <span class='ocrx_word' id='word_1_214' title='bbox 1197 2399 1313 2457; x_wconf 89' lang='lat' dir='ltr'><strong>aeter·</strong></span> <span class='ocrx_word' id='word_1_215' title='bbox 1366 2390 1467 2459; x_wconf 89' lang='lat' dir='ltr'><strong>herat</strong></span> <span class='ocrx_word' id='word_1_216' title='bbox 1484 2411 1590 2480; x_wconf 88' lang='lat' dir='ltr'><strong>supra</strong></span> <span class='ocrx_word' id='word_1_217' title='bbox 1608 2402 1800 2480; x_wconf 88' lang='lat' dir='ltr'><strong>peccatum.</strong></span> 
     </span>
     <span class='ocr_line' id='line_1_18' title="bbox 350 2487 2355 2586; baseline 0.009 -23"><span class='ocrx_word' id='word_1_218' title='bbox 350 2521 416 2564; x_wconf 86' lang='lat' dir='ltr'><strong>nam</strong></span> <span class='ocrx_word' id='word_1_219' title='bbox 444 2495 552 2566; x_wconf 85' lang='lat' dir='ltr'><strong>inm:</strong></span> <span class='ocrx_word' id='word_1_220' title='bbox 607 2493 690 2586; x_wconf 89' lang='lat' dir='ltr'><strong>quia</strong></span> <span class='ocrx_word' id='word_1_221' title='bbox 721 2505 901 2584; x_wconf 91' lang='lat' dir='ltr'><strong>peccatum</strong></span> <span class='ocrx_word' id='word_1_222' title='bbox 932 2502 1084 2560; x_wconf 89' lang='lat' dir='ltr'><strong>nonest</strong></span> <span class='ocrx_word' id='word_1_223' title='bbox 1113 2489 1312 2574; x_wconf 88' lang='lat' dir='ltr'><strong>remissum,</strong></span> <span class='ocrx_word' id='word_1_224' title='bbox 1468 2487 1565 2562; x_wconf 87' lang='lat' dir='ltr'><strong>Haec</strong></span> <span class='ocrx_word' id='word_1_225' title='bbox 1595 2491 1716 2560; x_wconf 88' lang='lat' dir='ltr'><strong>omnia</strong></span> <span class='ocrx_word' id='word_1_226' title='bbox 1747 2492 1962 2565; x_wconf 88' lang='lat' dir='ltr'><strong>videbantur</strong></span> <span class='ocrx_word' id='word_1_227' title='bbox 1985 2491 2173 2574; x_wconf 88' lang='lat' dir='ltr'><strong>Pharisaeo</strong></span> <span class='ocrx_word' id='word_1_228' title='bbox 2204 2531 2295 2580; x_wconf 88' lang='lat' dir='ltr'><strong>nova</strong></span> <span class='ocrx_word' id='word_1_229' title='bbox 2321 2527 2355 2586; x_wconf 90' lang='lat' dir='ltr'><strong>et</strong></span> 
     </span>
     <span class='ocr_line' id='line_1_19' title="bbox 344 2589 2356 2686; baseline 0.01 -20"><span class='ocrx_word' id='word_1_230' title='bbox 344 2597 628 2667; x_wconf 80' lang='lat' dir='ltr'><strong>sedcumulatum.</strong></span> <span class='ocrx_word' id='word_1_231' title='bbox 668 2591 844 2679; x_wconf 90' lang='lat' dir='ltr'><strong>Econtra,</strong></span> <span class='ocrx_word' id='word_1_232' title='bbox 874 2594 935 2662; x_wconf 91' lang='lat' dir='ltr'><strong>ubi</strong></span> <span class='ocrx_word' id='word_1_233' title='bbox 949 2593 1131 2681; x_wconf 88' lang='lat' dir='ltr'><strong>agnitione</strong></span> <span class='ocrx_word' id='word_1_234' title='bbox 1148 2591 1213 2660; x_wconf 84' lang='lat' dir='ltr'><strong>filii</strong></span> <span class='ocrx_word' id='word_1_235' title='bbox 1231 2589 1310 2674; x_wconf 88' lang='lat' dir='ltr'><strong>Ilei,</strong></span> <span class='ocrx_word' id='word_1_236' title='bbox 1365 2595 1539 2680; x_wconf 88' lang='lat' dir='ltr'><strong>absurda,</strong></span> <span class='ocrx_word' id='word_1_237' title='bbox 1572 2607 1607 2664; x_wconf 91' lang='lat' dir='ltr'><strong>et</strong></span> <span class='ocrx_word' id='word_1_238' title='bbox 1631 2594 1672 2664; x_wconf 89' lang='lat' dir='ltr'><strong>in</strong></span> <span class='ocrx_word' id='word_1_239' title='bbox 1694 2593 1902 2664; x_wconf 84' lang='lat' dir='ltr'><strong>universum</strong></span> <span class='ocrx_word' id='word_1_240' title='bbox 1928 2598 2043 2671; x_wconf 90' lang='lat' dir='ltr'><strong>aliena</strong></span> <span class='ocrx_word' id='word_1_241' title='bbox 2068 2619 2151 2676; x_wconf 91' lang='lat' dir='ltr'><strong>sunt</strong></span> <span class='ocrx_word' id='word_1_242' title='bbox 2171 2631 2191 2676; x_wconf 92' lang='lat' dir='ltr'><strong>a</strong></span> <span class='ocrx_word' id='word_1_243' title='bbox 2213 2610 2356 2686; x_wconf 92' lang='lat' dir='ltr'><strong>iudiciis</strong></span> 
     </span>
     <span class='ocr_line' id='line_1_20' title="bbox 337 2691 2356 2806; baseline 0.009 -36"><span class='ocrx_word' id='word_1_244' title='bbox 337 2715 366 2770; x_wconf 84' lang='lat' dir='ltr'><strong>et</strong></span> <span class='ocrx_word' id='word_1_245' title='bbox 382 2699 441 2768; x_wconf 82' lang='lat' dir='ltr'><strong>fide</strong></span> <span class='ocrx_word' id='word_1_246' title='bbox 462 2699 638 2790; x_wconf 77' lang='lat' dir='ltr'><strong>accipitur</strong></span> <span class='ocrx_word' id='word_1_247' title='bbox 658 2696 819 2766; x_wconf 82' lang='lat' dir='ltr'><strong>remissio</strong></span> <span class='ocrx_word' id='word_1_248' title='bbox 837 2709 1081 2787; x_wconf 89' lang='lat' dir='ltr'><strong>peecatorum,</strong></span> <span class='ocrx_word' id='word_1_249' title='bbox 1114 2695 1314 2763; x_wconf 84' lang='lat' dir='ltr'><strong>liberantur</strong></span> <span class='ocrx_word' id='word_1_250' title='bbox 1364 2691 1550 2777; x_wconf 89' lang='lat' dir='ltr'><strong>humanis,</strong></span> <span class='ocrx_word' id='word_1_251' title='bbox 1576 2719 1666 2790; x_wconf 84' lang='lat' dir='ltr'><strong>quae</strong></span> <span class='ocrx_word' id='word_1_252' title='bbox 1687 2710 1825 2766; x_wconf 88' lang='lat' dir='ltr'><strong>tantum</strong></span> <span class='ocrx_word' id='word_1_253' title='bbox 1847 2697 2054 2792; x_wconf 87' lang='lat' dir='ltr'><strong>intelligunt</strong></span> <span class='ocrx_word' id='word_1_254' title='bbox 2070 2704 2242 2780; x_wconf 89' lang='lat' dir='ltr'><strong>iusticiam</strong></span> <span class='ocrx_word' id='word_1_255' title='bbox 2258 2714 2356 2806; x_wconf 87' lang='lat' dir='ltr'><strong>legis.</strong></span> 
     </span>
     <span class='ocr_line' id='line_1_21' title="bbox 336 2791 2356 2894; baseline 0.008 -24"><span class='ocrx_word' id='word_1_256' title='bbox 336 2815 451 2872; x_wconf 88' lang='lat' dir='ltr'><strong>mentes</strong></span> <span class='ocrx_word' id='word_1_257' title='bbox 472 2803 520 2871; x_wconf 90' lang='lat' dir='ltr'><strong>ab</strong></span> <span class='ocrx_word' id='word_1_258' title='bbox 546 2791 603 2872; x_wconf 57' lang='lat' dir='ltr'><strong>ira*</strong></span> <span class='ocrx_word' id='word_1_259' title='bbox 622 2796 701 2872; x_wconf 89' lang='lat' dir='ltr'><strong>Dei.</strong></span> <span class='ocrx_word' id='word_1_260' title='bbox 760 2795 905 2869; x_wconf 85' lang='lat' dir='ltr'><strong>Dictum</strong></span> <span class='ocrx_word' id='word_1_261' title='bbox 929 2793 1066 2868; x_wconf 87' lang='lat' dir='ltr'><strong>Christi</strong></span> <span class='ocrx_word' id='word_1_262' title='bbox 1090 2793 1180 2865; x_wconf 91' lang='lat' dir='ltr'><strong>nihil</strong></span> <span class='ocrx_word' id='word_1_263' title='bbox 1206 2791 1313 2866; x_wconf 91' lang='lat' dir='ltr'><strong>habet</strong></span> <span class='ocrx_word' id='word_1_264' title='bbox 1365 2799 1500 2868; x_wconf 85' lang='lat' dir='ltr'><strong>Mirum</strong></span> <span class='ocrx_word' id='word_1_265' title='bbox 1525 2813 1576 2871; x_wconf 91' lang='lat' dir='ltr'><strong>est</strong></span> <span class='ocrx_word' id='word_1_266' title='bbox 1598 2799 1666 2870; x_wconf 88' lang='lat' dir='ltr'><strong>tibi</strong></span> <span class='ocrx_word' id='word_1_267' title='bbox 1688 2799 1754 2890; x_wconf 86' lang='lat' dir='ltr'><strong>ipsi</strong></span> <span class='ocrx_word' id='word_1_268' title='bbox 1778 2823 1922 2893; x_wconf 87' lang='lat' dir='ltr'><strong>quoque</strong></span> <span class='ocrx_word' id='word_1_269' title='bbox 1944 2811 2149 2894; x_wconf 83' lang='lat' dir='ltr'><strong>agnoscenti</strong></span> <span class='ocrx_word' id='word_1_270' title='bbox 2170 2824 2265 2884; x_wconf 86' lang='lat' dir='ltr'><strong>tuam</strong></span> <span class='ocrx_word' id='word_1_271' title='bbox 2287 2819 2356 2890; x_wconf 88' lang='lat' dir='ltr'><strong>im.</strong></span> 
     </span>
     <span class='ocr_line' id='line_1_22' title="bbox 334 2897 2355 2995; baseline 0.006 -20"><span class='ocrx_word' id='word_1_272' title='bbox 334 2903 569 2990; x_wconf 78' lang='lat' dir='ltr'><strong>olsscuritatis,</strong></span> <span class='ocrx_word' id='word_1_273' title='bbox 620 2903 682 2971; x_wconf 86' lang='lat' dir='ltr'><strong>sed</strong></span> <span class='ocrx_word' id='word_1_274' title='bbox 723 2897 910 2973; x_wconf 85' lang='lat' dir='ltr'><strong>antithesis</strong></span> <span class='ocrx_word' id='word_1_275' title='bbox 949 2899 1206 2971; x_wconf 87' lang='lat' dir='ltr'><strong>consideranda</strong></span> <span class='ocrx_word' id='word_1_276' title='bbox 1233 2913 1310 2984; x_wconf 70' lang='lat' dir='ltr'><strong>est.</strong></span> <span class='ocrx_word' id='word_1_277' title='bbox 1366 2901 1614 2983; x_wconf 82' lang='lat' dir='ltr'><strong>berillitatem,</strong></span> <span class='ocrx_word' id='word_1_278' title='bbox 1640 2899 1854 2995; x_wconf 80' lang='lat' dir='ltr'><strong>qnodDeus</strong></span> <span class='ocrx_word' id='word_1_279' title='bbox 1876 2904 2083 2978; x_wconf 79' lang='lat' dir='ltr'><strong>affirmetse</strong></span> <span class='ocrx_word' id='word_1_280' title='bbox 2107 2913 2355 2993; x_wconf 85' lang='lat' dir='ltr'><strong>tibivellevi.</strong></span> 
     </span>
     <span class='ocr_line' id='line_1_23' title="bbox 332 2997 2374 3098; baseline 0.01 -22"><span class='ocrx_word' id='word_1_281' title='bbox 332 3003 528 3078; x_wconf 86' lang='lat' dir='ltr'><strong>Pharisaeus</strong></span> <span class='ocrx_word' id='word_1_282' title='bbox 552 3005 698 3097; x_wconf 84' lang='lat' dir='ltr'><strong>putabat</strong></span> <span class='ocrx_word' id='word_1_283' title='bbox 722 3003 800 3074; x_wconf 92' lang='lat' dir='ltr'><strong>tolli</strong></span> <span class='ocrx_word' id='word_1_284' title='bbox 823 3017 1022 3095; x_wconf 89' lang='lat' dir='ltr'><strong>peccatum,</strong></span> <span class='ocrx_word' id='word_1_285' title='bbox 1061 3017 1096 3073; x_wconf 90' lang='lat' dir='ltr'><strong>et</strong></span> <span class='ocrx_word' id='word_1_286' title='bbox 1119 3001 1208 3072; x_wconf 90' lang='lat' dir='ltr'><strong>iram</strong></span> <span class='ocrx_word' id='word_1_287' title='bbox 1232 2998 1312 3091; x_wconf 92' lang='lat' dir='ltr'><strong>Dei,</strong></span> <span class='ocrx_word' id='word_1_288' title='bbox 1364 3017 1436 3074; x_wconf 90' lang='lat' dir='ltr'><strong>tam</strong></span> <span class='ocrx_word' id='word_1_289' title='bbox 1459 3017 1639 3074; x_wconf 89' lang='lat' dir='ltr'><strong>aeternam</strong></span> <span class='ocrx_word' id='word_1_290' title='bbox 1657 3005 1761 3092; x_wconf 89' lang='lat' dir='ltr'><strong>dare,</strong></span> <span class='ocrx_word' id='word_1_291' title='bbox 1785 3019 1931 3098; x_wconf 86' lang='lat' dir='ltr'><strong>propter</strong></span> <span class='ocrx_word' id='word_1_292' title='bbox 1947 3008 2081 3092; x_wconf 85' lang='lat' dir='ltr'><strong>filium,</strong></span> <span class='ocrx_word' id='word_1_293' title='bbox 2107 3037 2187 3086; x_wconf 91' lang='lat' dir='ltr'><strong>cum</strong></span> <span class='ocrx_word' id='word_1_294' title='bbox 2206 3023 2294 3092; x_wconf 90' lang='lat' dir='ltr'><strong>adeo</strong></span> <span class='ocrx_word' id='word_1_295' title='bbox 2309 2997 2374 3097; x_wconf 76' lang='lat' dir='ltr'><strong>sis</strong></span> 
     </span>
     <span class='ocr_line' id='line_1_24' title="bbox 331 3102 2356 3208; baseline 0.009 -29"><span class='ocrx_word' id='word_1_296' title='bbox 331 3125 357 3180; x_wconf 88' lang='lat' dir='ltr'><strong>et</strong></span> <span class='ocrx_word' id='word_1_297' title='bbox 370 3109 445 3179; x_wconf 91' lang='lat' dir='ltr'><strong>dari</strong></span> <span class='ocrx_word' id='word_1_298' title='bbox 461 3109 570 3178; x_wconf 89' lang='lat' dir='ltr'><strong>vitam</strong></span> <span class='ocrx_word' id='word_1_299' title='bbox 590 3122 769 3179; x_wconf 87' lang='lat' dir='ltr'><strong>aeternam</strong></span> <span class='ocrx_word' id='word_1_300' title='bbox 794 3122 938 3198; x_wconf 90' lang='lat' dir='ltr'><strong>propter</strong></span> <span class='ocrx_word' id='word_1_301' title='bbox 961 3105 1091 3194; x_wconf 86' lang='lat' dir='ltr'><strong>legem,</strong></span> <span class='ocrx_word' id='word_1_302' title='bbox 1118 3106 1162 3173; x_wconf 89' lang='lat' dir='ltr'><strong>de</strong></span> <span class='ocrx_word' id='word_1_303' title='bbox 1181 3102 1311 3174; x_wconf 88' lang='lat' dir='ltr'><strong>Messia</strong></span> <span class='ocrx_word' id='word_1_304' title='bbox 1365 3106 1531 3191; x_wconf 86' lang='lat' dir='ltr'><strong>vitiosus,</strong></span> <span class='ocrx_word' id='word_1_305' title='bbox 1555 3107 1667 3197; x_wconf 89' lang='lat' dir='ltr'><strong>magis</strong></span> <span class='ocrx_word' id='word_1_306' title='bbox 1682 3120 1958 3181; x_wconf 88' lang='lat' dir='ltr'><strong>consentaneum</strong></span> <span class='ocrx_word' id='word_1_307' title='bbox 1975 3112 2041 3181; x_wconf 90' lang='lat' dir='ltr'><strong>tibi</strong></span> <span class='ocrx_word' id='word_1_308' title='bbox 2055 3116 2253 3208; x_wconf 88' lang='lat' dir='ltr'><strong>videretur,</strong></span> <span class='ocrx_word' id='word_1_309' title='bbox 2278 3125 2356 3199; x_wconf 86' lang='lat' dir='ltr'><strong>fieri</strong></span> 
     </span>
     <span class='ocr_line' id='line_1_25' title="bbox 329 3202 2355 3306; baseline 0.009 -24"><span class='ocrx_word' id='word_1_310' title='bbox 329 3209 410 3282; x_wconf 91' lang='lat' dir='ltr'><strong>nihil</strong></span> <span class='ocrx_word' id='word_1_311' title='bbox 426 3211 496 3283; x_wconf 89' lang='lat' dir='ltr'><strong>tale</strong></span> <span class='ocrx_word' id='word_1_312' title='bbox 511 3211 707 3302; x_wconf 82' lang='lat' dir='ltr'><strong>cogitabat,</strong></span> <span class='ocrx_word' id='word_1_313' title='bbox 732 3212 792 3279; x_wconf 89' lang='lat' dir='ltr'><strong>scd</strong></span> <span class='ocrx_word' id='word_1_314' title='bbox 809 3209 1010 3278; x_wconf 89' lang='lat' dir='ltr'><strong>somniabat</strong></span> <span class='ocrx_word' id='word_1_315' title='bbox 1031 3207 1312 3297; x_wconf 83' lang='lat' dir='ltr'><strong>gubernaturum</strong></span> <span class='ocrx_word' id='word_1_316' title='bbox 1366 3202 1553 3278; x_wconf 89' lang='lat' dir='ltr'><strong>haeredem</strong></span> <span class='ocrx_word' id='word_1_317' title='bbox 1574 3209 1671 3277; x_wconf 83' lang='lat' dir='ltr'><strong>¹vitae</strong></span> <span class='ocrx_word' id='word_1_318' title='bbox 1693 3222 1873 3294; x_wconf 91' lang='lat' dir='ltr'><strong>aeternae,</strong></span> <span class='ocrx_word' id='word_1_319' title='bbox 1906 3211 1935 3279; x_wconf 91' lang='lat' dir='ltr'><strong>si</strong></span> <span class='ocrx_word' id='word_1_320' title='bbox 1958 3214 1996 3282; x_wconf 93' lang='lat' dir='ltr'><strong>in</strong></span> <span class='ocrx_word' id='word_1_321' title='bbox 2018 3228 2052 3284; x_wconf 86' lang='lat' dir='ltr'><strong>te</strong></span> <span class='ocrx_word' id='word_1_322' title='bbox 2074 3218 2355 3306; x_wconf 83' lang='lat' dir='ltr'><strong>deprehenderes</strong></span> 
     </span>
     <span class='ocr_line' id='line_1_26' title="bbox 328 3305 2355 3406; baseline 0.004 -22"><span class='ocrx_word' id='word_1_323' title='bbox 328 3338 391 3385; x_wconf 84' lang='lat' dir='ltr'><strong>esse</strong></span> <span class='ocrx_word' id='word_1_324' title='bbox 411 3313 540 3382; x_wconf 91' lang='lat' dir='ltr'><strong>mundi</strong></span> <span class='ocrx_word' id='word_1_325' title='bbox 564 3311 767 3404; x_wconf 89' lang='lat' dir='ltr'><strong>imperium.</strong></span> <span class='ocrx_word' id='word_1_326' title='bbox 818 3307 867 3380; x_wconf 86' lang='lat' dir='ltr'><strong>At</strong></span> <span class='ocrx_word' id='word_1_327' title='bbox 890 3323 1030 3380; x_wconf 89' lang='lat' dir='ltr'><strong>econtra</strong></span> <span class='ocrx_word' id='word_1_328' title='bbox 1058 3305 1221 3380; x_wconf 89' lang='lat' dir='ltr'><strong>Christus</strong></span> <span class='ocrx_word' id='word_1_329' title='bbox 1242 3309 1311 3378; x_wconf 88' lang='lat' dir='ltr'><strong>ait:</strong></span> <span class='ocrx_word' id='word_1_330' title='bbox 1366 3310 1532 3380; x_wconf 90' lang='lat' dir='ltr'><strong>mirificas</strong></span> <span class='ocrx_word' id='word_1_331' title='bbox 1549 3311 1717 3394; x_wconf 88' lang='lat' dir='ltr'><strong>virtutes,</strong></span> <span class='ocrx_word' id='word_1_332' title='bbox 1742 3311 1903 3379; x_wconf 85' lang='lat' dir='ltr'><strong>flammas</strong></span> <span class='ocrx_word' id='word_1_333' title='bbox 1920 3315 2052 3384; x_wconf 88' lang='lat' dir='ltr'><strong>amoris</strong></span> <span class='ocrx_word' id='word_1_334' title='bbox 2068 3315 2155 3406; x_wconf 91' lang='lat' dir='ltr'><strong>Dei,</strong></span> <span class='ocrx_word' id='word_1_335' title='bbox 2180 3329 2355 3402; x_wconf 75' lang='lat' dir='ltr'><strong>excelleo.</strong></span> 
     </span>
     <span class='ocr_line' id='line_1_27' title="bbox 258 3408 2355 3515; baseline 0.01 -29"><span class='ocrx_word' id='word_1_336' title='bbox 258 3450 259 3512; x_wconf 53' lang='grc' dir='ltr'><strong>ι</strong></span> <span class='ocrx_word' id='word_1_337' title='bbox 325 3417 457 3491; x_wconf 89' lang='lat' dir='ltr'><strong>itstolli</strong></span> <span class='ocrx_word' id='word_1_338' title='bbox 480 3428 661 3509; x_wconf 90' lang='lat' dir='ltr'><strong>peccatum</strong></span> <span class='ocrx_word' id='word_1_339' title='bbox 683 3427 719 3485; x_wconf 88' lang='lat' dir='ltr'><strong>et</strong></span> <span class='ocrx_word' id='word_1_340' title='bbox 743 3414 830 3482; x_wconf 92' lang='lat' dir='ltr'><strong>iram</strong></span> <span class='ocrx_word' id='word_1_341' title='bbox 847 3410 935 3495; x_wconf 91' lang='lat' dir='ltr'><strong>Dei,</strong></span> <span class='ocrx_word' id='word_1_342' title='bbox 957 3411 1097 3483; x_wconf 87' lang='lat' dir='ltr'><strong>acdari</strong></span> <span class='ocrx_word' id='word_1_343' title='bbox 1119 3410 1227 3481; x_wconf 89' lang='lat' dir='ltr'><strong>vitam</strong></span> <span class='ocrx_word' id='word_1_344' title='bbox 1253 3433 1312 3481; x_wconf 89' lang='lat' dir='ltr'><strong>ae·</strong></span> <span class='ocrx_word' id='word_1_345' title='bbox 1366 3430 1436 3484; x_wconf 91' lang='lat' dir='ltr'><strong>tem</strong></span> <span class='ocrx_word' id='word_1_346' title='bbox 1459 3411 1765 3483; x_wconf 87' lang='lat' dir='ltr'><strong>lucemdivinam.</strong></span> <span class='ocrx_word' id='word_1_347' title='bbox 1815 3408 1913 3484; x_wconf 85' lang='lat' dir='ltr'><strong>Haec</strong></span> <span class='ocrx_word' id='word_1_348' title='bbox 1932 3415 2016 3509; x_wconf 88' lang='lat' dir='ltr'><strong>quia</strong></span> <span class='ocrx_word' id='word_1_349' title='bbox 2031 3443 2104 3491; x_wconf 90' lang='lat' dir='ltr'><strong>non</strong></span> <span class='ocrx_word' id='word_1_350' title='bbox 2119 3423 2355 3515; x_wconf 87' lang='lat' dir='ltr'><strong>deprehendis</strong></span> 
     </span>
     <span class='ocr_line' id='line_1_28' title="bbox 325 3508 2356 3611; baseline 0.007 -20"><span class='ocrx_word' id='word_1_351' title='bbox 325 3536 475 3606; x_wconf 78' lang='lat' dir='ltr'><strong>ternam,</strong></span> <span class='ocrx_word' id='word_1_352' title='bbox 499 3518 531 3589; x_wconf 90' lang='lat' dir='ltr'><strong>si</strong></span> <span class='ocrx_word' id='word_1_353' title='bbox 544 3521 729 3589; x_wconf 84' lang='lat' dir='ltr'><strong>credamus</strong></span> <span class='ocrx_word' id='word_1_354' title='bbox 744 3517 782 3585; x_wconf 91' lang='lat' dir='ltr'><strong>in</strong></span> <span class='ocrx_word' id='word_1_355' title='bbox 803 3508 900 3587; x_wconf 89' lang='lat' dir='ltr'><strong>hunc</strong></span> <span class='ocrx_word' id='word_1_356' title='bbox 917 3512 1069 3603; x_wconf 88' lang='lat' dir='ltr'><strong>Filium,</strong></span> <span class='ocrx_word' id='word_1_357' title='bbox 1095 3512 1264 3587; x_wconf 88' lang='lat' dir='ltr'><strong>Messiam</strong></span> <span class='ocrx_word' id='word_1_358' title='bbox 1279 3528 1314 3585; x_wconf 89' lang='lat' dir='ltr'><strong>et</strong></span> <span class='ocrx_word' id='word_1_359' title='bbox 1366 3517 1404 3585; x_wconf 93' lang='lat' dir='ltr'><strong>in</strong></span> <span class='ocrx_word' id='word_1_360' title='bbox 1429 3530 1483 3602; x_wconf 89' lang='lat' dir='ltr'><strong>te,</strong></span> <span class='ocrx_word' id='word_1_361' title='bbox 1514 3516 1674 3611; x_wconf 80' lang='lat' dir='ltr'><strong>dubitas,</strong></span> <span class='ocrx_word' id='word_1_362' title='bbox 1706 3528 1741 3584; x_wconf 90' lang='lat' dir='ltr'><strong>at</strong></span> <span class='ocrx_word' id='word_1_363' title='bbox 1765 3509 1856 3584; x_wconf 91' lang='lat' dir='ltr'><strong>hanc</strong></span> <span class='ocrx_word' id='word_1_364' title='bbox 1882 3516 1992 3609; x_wconf 88' lang='lat' dir='ltr'><strong>ipsam</strong></span> <span class='ocrx_word' id='word_1_365' title='bbox 2017 3523 2277 3601; x_wconf 87' lang='lat' dir='ltr'><strong>dubitationem</strong></span> <span class='ocrx_word' id='word_1_366' title='bbox 2300 3562 2356 3607; x_wconf 86' lang='lat' dir='ltr'><strong>re-</strong></span> 
     </span>
     <span class='ocr_line' id='line_1_29' title="bbox 324 3612 2354 3725; baseline 0.007 -30"><span class='ocrx_word' id='word_1_367' title='bbox 324 3623 550 3695; x_wconf 59' lang='lat' dir='ltr'><strong>salvatorem.</strong></span> <span class='ocrx_word' id='word_1_368' title='bbox 1366 3614 1558 3713; x_wconf 83' lang='lat' dir='ltr'><strong>prehendit</strong></span> <span class='ocrx_word' id='word_1_369' title='bbox 1593 3642 1661 3689; x_wconf 83' lang='lat' dir='ltr'><strong>vos</strong></span> <span class='ocrx_word' id='word_1_370' title='bbox 1691 3612 1899 3707; x_wconf 81' lang='lat' dir='ltr'><strong>Evangelii,</strong></span> <span class='ocrx_word' id='word_1_371' title='bbox 1938 3646 2030 3715; x_wconf 87' lang='lat' dir='ltr'><strong>quae</strong></span> <span class='ocrx_word' id='word_1_372' title='bbox 2067 3626 2165 3701; x_wconf 91' lang='lat' dir='ltr'><strong>iuhet</strong></span> <span class='ocrx_word' id='word_1_373' title='bbox 2201 3638 2354 3725; x_wconf 86' lang='lat' dir='ltr'><strong>credere,</strong></span> 
     </span>
    </p>
   </div>
   <div class='ocr_carea' id='block_1_3' title="bbox 350 3716 2487 3915">
    <p class='ocr_par' dir='ltr' id='par_1_3' title="bbox 350 3716 2487 3915">
     <span class='ocr_line' id='line_1_30' title="bbox 413 3716 2487 3816; baseline -0.007 5"><span class='ocrx_word' id='word_1_374' title='bbox 413 3792 421 3811; x_wconf 89' lang='lat'><strong>·</strong></span> <span class='ocrx_word' id='word_1_375' title='bbox 766 3790 772 3807; x_wconf 89' lang='lat'>.</span> <span class='ocrx_word' id='word_1_376' title='bbox 841 3788 849 3808; x_wconf 88' lang='lat'><strong>.</strong></span> <span class='ocrx_word' id='word_1_377' title='bbox 937 3784 945 3803; x_wconf 87' lang='lat'><strong>.</strong></span> <span class='ocrx_word' id='word_1_378' title='bbox 1004 3786 1012 3805; x_wconf 94' lang='lat'><strong>.</strong></span> <span class='ocrx_word' id='word_1_379' title='bbox 1366 3724 1462 3816; x_wconf 85' lang='lat' dir='ltr'><strong>quod</strong></span> <span class='ocrx_word' id='word_1_380' title='bbox 1486 3718 1584 3792; x_wconf 89' lang='lat' dir='ltr'><strong>Deus</strong></span> <span class='ocrx_word' id='word_1_381' title='bbox 1603 3733 1747 3813; x_wconf 90' lang='lat' dir='ltr'><strong>propter</strong></span> <span class='ocrx_word' id='word_1_382' title='bbox 1770 3716 1886 3791; x_wconf 88' lang='lat' dir='ltr'><strong>filium</strong></span> <span class='ocrx_word' id='word_1_383' title='bbox 1910 3725 2139 3799; x_wconf 86' lang='lat' dir='ltr'><strong>mediatorem</strong></span> <span class='ocrx_word' id='word_1_384' title='bbox 2165 3758 2246 3807; x_wconf 90' lang='lat' dir='ltr'><strong>vere</strong></span> <span class='ocrx_word' id='word_1_385' title='bbox 2271 3741 2356 3813; x_wconf 89' lang='lat' dir='ltr'><strong>velit</strong></span> <span class='ocrx_word' id='word_1_386' title='bbox 2483 3750 2487 3762; x_wconf 86' lang='lat'>&#39;</span> 
     </span>
     <span class='ocr_line' id='line_1_31' title="bbox 350 3786 1843 3915; baseline -0.013 -50"><span class='ocrx_word' id='word_1_387' title='bbox 350 3786 418 3891; x_wconf 81' lang='lat' dir='ltr'><strong>Qus</strong></span> <span class='ocrx_word' id='word_1_388' title='bbox 438 3802 561 3865; x_wconf 84' lang='lat' dir='ltr'><strong>autem</strong></span> <span class='ocrx_word' id='word_1_389' title='bbox 575 3818 650 3865; x_wconf 82' lang='lat' dir='ltr'><strong>aon</strong></span> <span class='ocrx_word' id='word_1_390' title='bbox 673 3786 805 3876; x_wconf 78' lang='lat' dir='ltr'><strong>credet,</strong></span> <span class='ocrx_word' id='word_1_391' title='bbox 832 3814 909 3861; x_wconf 83' lang='lat' dir='ltr'><strong>som</strong></span> <span class='ocrx_word' id='word_1_392' title='bbox 927 3795 1115 3862; x_wconf 72' lang='lat' dir='ltr'><strong>radicatus</strong></span> <span class='ocrx_word' id='word_1_393' title='bbox 1130 3798 1199 3877; x_wconf 79' lang='lat' dir='ltr'><strong>est,</strong></span> <span class='ocrx_word' id='word_1_394' title='bbox 1223 3798 1286 3865; x_wconf 81' lang='lat' dir='ltr'><strong>etc.</strong></span> <span class='ocrx_word' id='word_1_395' title='bbox 1365 3841 1399 3898; x_wconf 61' lang='lat' dir='ltr'><strong>,e</strong></span> <span class='ocrx_word' id='word_1_396' title='bbox 1415 3824 1590 3915; x_wconf 50' lang='lat' dir='ltr'><strong>recipere,</strong></span> <span class='ocrx_word' id='word_1_397' title='bbox 1616 3837 1651 3896; x_wconf 59' lang='lat' dir='ltr'><strong>e,</strong></span> <span class='ocrx_word' id='word_1_398' title='bbox 1667 3823 1843 3895; x_wconf 45' lang='lat' dir='ltr'>exaudite·</span> 
     </span>
    </p>
   </div>
   <div class='ocr_carea' id='block_1_4' title="bbox 440 1628 1193 1736">
    <p class='ocr_par' dir='ltr' id='par_1_4' title="bbox 440 1628 1193 1736">
     <span class='ocr_line' id='line_1_32' title="bbox 440 1628 1193 1736; baseline 0.004 -28"><span class='ocrx_word' id='word_1_399' title='bbox 440 1631 526 1736; x_wconf 84' lang='lat' dir='ltr'><strong>Qui</strong></span> <span class='ocrx_word' id='word_1_400' title='bbox 540 1632 655 1709; x_wconf 81' lang='lat' dir='ltr'><strong>credit</strong></span> <span class='ocrx_word' id='word_1_401' title='bbox 674 1633 714 1707; x_wconf 85' lang='lat' dir='ltr'><strong>in</strong></span> <span class='ocrx_word' id='word_1_402' title='bbox 736 1635 877 1733; x_wconf 83' lang='lat' dir='ltr'><strong>ipsum,</strong></span> <span class='ocrx_word' id='word_1_403' title='bbox 904 1658 979 1705; x_wconf 84' lang='lat' dir='ltr'><strong>non</strong></span> <span class='ocrx_word' id='word_1_404' title='bbox 995 1628 1193 1710; x_wconf 85' lang='lat' dir='ltr'><strong>iudicalur.</strong></span> 
     </span>
    </p>
   </div>
   <div class='ocr_carea' id='block_1_5' title="bbox 1896 3822 2357 3927">
    <p class='ocr_par' dir='ltr' id='par_1_5' title="bbox 1896 3822 2357 3927">
     <span class='ocr_line' id='line_1_33' title="bbox 1896 3822 2357 3927; baseline 0.05 -33"><span class='ocrx_word' id='word_1_405' title='bbox 1896 3822 1993 3897; x_wconf 87' lang='lat' dir='ltr'><strong>Haec</strong></span> <span class='ocrx_word' id='word_1_406' title='bbox 2009 3833 2172 3905; x_wconf 82' lang='lat' dir='ltr'><strong>exercitia</strong></span> <span class='ocrx_word' id='word_1_407' title='bbox 2189 3837 2257 3927; x_wconf 90' lang='lat' dir='ltr'><strong>piis</strong></span> <span class='ocrx_word' id='word_1_408' title='bbox 2272 3858 2357 3915; x_wconf 91' lang='lat' dir='ltr'><strong>nota</strong></span> 
     </span>
    </p>
   </div>
   <div class='ocr_carea' id='block_1_6' title="bbox 315 3923 2464 5878">
    <p class='ocr_par' dir='ltr' id='par_1_6' title="bbox 316 3923 2358 4749">
     <span class='ocr_line' id='line_1_34' title="bbox 416 3923 1598 4021; baseline -0.006 -17"><span class='ocrx_word' id='word_1_409' title='bbox 416 3930 605 4004; x_wconf 85' lang='lat' dir='ltr'><strong>Sententia</strong></span> <span class='ocrx_word' id='word_1_410' title='bbox 617 3928 857 4004; x_wconf 89' lang='lat' dir='ltr'><strong>damnationis</strong></span> <span class='ocrx_word' id='word_1_411' title='bbox 878 3950 954 3997; x_wconf 92' lang='lat' dir='ltr'><strong>non</strong></span> <span class='ocrx_word' id='word_1_412' title='bbox 977 3923 1084 4000; x_wconf 84' lang='lat' dir='ltr'><strong>habet</strong></span> <span class='ocrx_word' id='word_1_413' title='bbox 1107 3951 1198 4021; x_wconf 90' lang='lat' dir='ltr'><strong>opus</strong></span> <span class='ocrx_word' id='word_1_414' title='bbox 1218 3952 1312 3998; x_wconf 84' lang='lat' dir='ltr'><strong>nova</strong></span> <span class='ocrx_word' id='word_1_415' title='bbox 1366 3951 1440 3997; x_wconf 90' lang='lat' dir='ltr'><strong>esse</strong></span> <span class='ocrx_word' id='word_1_416' title='bbox 1456 3929 1598 3997; x_wconf 87' lang='lat' dir='ltr'><strong>debent.</strong></span> 
     </span>
     <span class='ocr_line' id='line_1_35' title="bbox 321 4030 1311 4129; baseline -0.007 -23"><span class='ocrx_word' id='word_1_417' title='bbox 321 4036 622 4129; x_wconf 82' lang='lat' dir='ltr'><strong>promulgatione,</strong></span> <span class='ocrx_word' id='word_1_418' title='bbox 654 4034 739 4128; x_wconf 87' lang='lat' dir='ltr'><strong>quia</strong></span> <span class='ocrx_word' id='word_1_419' title='bbox 766 4030 885 4102; x_wconf 89' lang='lat' dir='ltr'><strong>statim</strong></span> <span class='ocrx_word' id='word_1_420' title='bbox 913 4045 993 4121; x_wconf 89' lang='lat' dir='ltr'><strong>post</strong></span> <span class='ocrx_word' id='word_1_421' title='bbox 1016 4031 1154 4123; x_wconf 91' lang='lat' dir='ltr'><strong>lapsum</strong></span> <span class='ocrx_word' id='word_1_422' title='bbox 1178 4031 1311 4122; x_wconf 90' lang='lat' dir='ltr'><strong>primo-</strong></span> 
     </span>
     <span class='ocr_line' id='line_1_36' title="bbox 319 4134 1313 4230; baseline -0.008 -21"><span class='ocrx_word' id='word_1_423' title='bbox 319 4164 394 4209; x_wconf 90' lang='lat' dir='ltr'><strong>rum</strong></span> <span class='ocrx_word' id='word_1_424' title='bbox 410 4150 622 4230; x_wconf 85' lang='lat' dir='ltr'><strong>parentum,</strong></span> <span class='ocrx_word' id='word_1_425' title='bbox 646 4156 813 4228; x_wconf 88' lang='lat' dir='ltr'><strong>oppressa</strong></span> <span class='ocrx_word' id='word_1_426' title='bbox 827 4147 881 4203; x_wconf 88' lang='lat' dir='ltr'><strong>est</strong></span> <span class='ocrx_word' id='word_1_427' title='bbox 893 4147 1037 4225; x_wconf 89' lang='lat' dir='ltr'><strong>peccato</strong></span> <span class='ocrx_word' id='word_1_428' title='bbox 1052 4147 1086 4204; x_wconf 87' lang='lat' dir='ltr'><strong>et</strong></span> <span class='ocrx_word' id='word_1_429' title='bbox 1102 4147 1215 4205; x_wconf 91' lang='lat' dir='ltr'><strong>morte</strong></span> <span class='ocrx_word' id='word_1_430' title='bbox 1228 4134 1313 4203; x_wconf 91' lang='lat' dir='ltr'><strong>uni-</strong></span> 
     </span>
     <span class='ocr_line' id='line_1_37' title="bbox 318 4236 1312 4331; baseline -0.005 -22"><span class='ocrx_word' id='word_1_431' title='bbox 318 4266 414 4311; x_wconf 77' lang='lat' dir='ltr'><strong>versa</strong></span> <span class='ocrx_word' id='word_1_432' title='bbox 433 4241 640 4331; x_wconf 84' lang='lat' dir='ltr'><strong>posteritas,</strong></span> <span class='ocrx_word' id='word_1_433' title='bbox 661 4237 1034 4329; x_wconf 89' lang='lat' dir='ltr'><strong>proptersententiam</strong></span> <span class='ocrx_word' id='word_1_434' title='bbox 1050 4236 1255 4305; x_wconf 85' lang='lat' dir='ltr'><strong>antelatam</strong></span> <span class='ocrx_word' id='word_1_435' title='bbox 1273 4237 1312 4304; x_wconf 92' lang='lat' dir='ltr'><strong>in</strong></span> 
     </span>
     <span class='ocr_line' id='line_1_38' title="bbox 318 4336 2357 4431; baseline 0.008 -18"><span class='ocrx_word' id='word_1_436' title='bbox 318 4342 503 4414; x_wconf 85' lang='lat' dir='ltr'><strong>Paradiso:</strong></span> <span class='ocrx_word' id='word_1_437' title='bbox 543 4338 665 4412; x_wconf 89' lang='lat' dir='ltr'><strong>Morte</strong></span> <span class='ocrx_word' id='word_1_438' title='bbox 689 4339 863 4410; x_wconf 87' lang='lat' dir='ltr'><strong>morieris.</strong></span> <span class='ocrx_word' id='word_1_439' title='bbox 923 4336 998 4408; x_wconf 90' lang='lat' dir='ltr'><strong>lam</strong></span> <span class='ocrx_word' id='word_1_440' title='bbox 1023 4338 1133 4427; x_wconf 88' lang='lat' dir='ltr'><strong>igitur</strong></span> <span class='ocrx_word' id='word_1_441' title='bbox 1152 4336 1312 4418; x_wconf 88' lang='lat' dir='ltr'><strong>iudicati,</strong></span> <span class='ocrx_word' id='word_1_442' title='bbox 1466 4336 1669 4423; x_wconf 89' lang='lat' dir='ltr'><strong>Discernit,</strong></span> <span class='ocrx_word' id='word_1_443' title='bbox 1695 4350 1735 4408; x_wconf 92' lang='lat' dir='ltr'><strong>ut</strong></span> <span class='ocrx_word' id='word_1_444' title='bbox 1750 4360 1855 4429; x_wconf 90' lang='lat' dir='ltr'><strong>supra</strong></span> <span class='ocrx_word' id='word_1_445' title='bbox 1872 4338 1959 4426; x_wconf 85' lang='lat' dir='ltr'><strong>dixi,</strong></span> <span class='ocrx_word' id='word_1_446' title='bbox 1985 4336 2159 4431; x_wconf 90' lang='lat' dir='ltr'><strong>homines,</strong></span> <span class='ocrx_word' id='word_1_447' title='bbox 2186 4353 2247 4424; x_wconf 92' lang='lat' dir='ltr'><strong>alii</strong></span> <span class='ocrx_word' id='word_1_448' title='bbox 2265 4360 2357 4431; x_wconf 89' lang='lat' dir='ltr'><strong>acci-</strong></span> 
     </span>
     <span class='ocr_line' id='line_1_39' title="bbox 317 4436 2357 4535; baseline -0.001 -18"><span class='ocrx_word' id='word_1_449' title='bbox 317 4442 383 4517; x_wconf 85' lang='lat' dir='ltr'><strong>hoe</strong></span> <span class='ocrx_word' id='word_1_450' title='bbox 412 4460 486 4531; x_wconf 90' lang='lat' dir='ltr'><strong>est,</strong></span> <span class='ocrx_word' id='word_1_451' title='bbox 525 4442 686 4515; x_wconf 89' lang='lat' dir='ltr'><strong>damnati</strong></span> <span class='ocrx_word' id='word_1_452' title='bbox 717 4454 802 4513; x_wconf 90' lang='lat' dir='ltr'><strong>sunt</strong></span> <span class='ocrx_word' id='word_1_453' title='bbox 829 4463 953 4509; x_wconf 89' lang='lat' dir='ltr'><strong>omnes</strong></span> <span class='ocrx_word' id='word_1_454' title='bbox 984 4436 1159 4509; x_wconf 89' lang='lat' dir='ltr'><strong>homines.</strong></span> <span class='ocrx_word' id='word_1_455' title='bbox 1209 4437 1313 4527; x_wconf 73' lang='lat' dir='ltr'><strong>Sicut</strong></span> <span class='ocrx_word' id='word_1_456' title='bbox 1365 4442 1472 4535; x_wconf 91' lang='lat' dir='ltr'><strong>piunt</strong></span> <span class='ocrx_word' id='word_1_457' title='bbox 1505 4440 1638 4522; x_wconf 89' lang='lat' dir='ltr'><strong>lilium,</strong></span> <span class='ocrx_word' id='word_1_458' title='bbox 1676 4440 1738 4510; x_wconf 91' lang='lat' dir='ltr'><strong>alii</strong></span> <span class='ocrx_word' id='word_1_459' title='bbox 1770 4464 1843 4511; x_wconf 90' lang='lat' dir='ltr'><strong>non</strong></span> <span class='ocrx_word' id='word_1_460' title='bbox 1877 4442 2067 4534; x_wconf 86' lang='lat' dir='ltr'><strong>accipiunt.</strong></span> <span class='ocrx_word' id='word_1_461' title='bbox 2132 4450 2210 4523; x_wconf 82' lang='lat' dir='ltr'><strong>Soli</strong></span> <span class='ocrx_word' id='word_1_462' title='bbox 2240 4476 2357 4531; x_wconf 62' lang='lat' dir='ltr'><strong>autem</strong></span> 
     </span>
     <span class='ocr_line' id='line_1_40' title="bbox 317 4539 2358 4647; baseline 0.001 -28"><span class='ocrx_word' id='word_1_463' title='bbox 317 4546 450 4623; x_wconf 82' lang='lat' dir='ltr'><strong>Paulus</strong></span> <span class='ocrx_word' id='word_1_464' title='bbox 464 4548 607 4641; x_wconf 88' lang='lat' dir='ltr'><strong>inquit,</strong></span> <span class='ocrx_word' id='word_1_465' title='bbox 632 4543 740 4618; x_wconf 86' lang='lat' dir='ltr'><strong>Rom.</strong></span> <span class='ocrx_word' id='word_1_466' title='bbox 753 4546 808 4618; x_wconf 57' lang='lat' dir='ltr'><strong>dm</strong></span> <span class='ocrx_word' id='word_1_467' title='bbox 842 4539 980 4612; x_wconf 88' lang='lat' dir='ltr'><strong>Omnes</strong></span> <span class='ocrx_word' id='word_1_468' title='bbox 997 4556 1249 4631; x_wconf 82' lang='lat' dir='ltr'><strong>peccaverunt,</strong></span> <span class='ocrx_word' id='word_1_469' title='bbox 1273 4543 1310 4614; x_wconf 92' lang='lat' dir='ltr'><strong>id</strong></span> <span class='ocrx_word' id='word_1_470' title='bbox 1363 4544 1578 4635; x_wconf 88' lang='lat' dir='ltr'><strong>accipientes</strong></span> <span class='ocrx_word' id='word_1_471' title='bbox 1607 4542 1740 4627; x_wconf 87' lang='lat' dir='ltr'><strong>lilium,</strong></span> <span class='ocrx_word' id='word_1_472' title='bbox 1776 4544 1867 4615; x_wconf 87' lang='lat' dir='ltr'><strong>fiunt</strong></span> <span class='ocrx_word' id='word_1_473' title='bbox 1895 4545 2003 4632; x_wconf 85' lang='lat' dir='ltr'><strong>salvi,</strong></span> <span class='ocrx_word' id='word_1_474' title='bbox 2036 4556 2164 4622; x_wconf 87' lang='lat' dir='ltr'><strong>caeteri</strong></span> <span class='ocrx_word' id='word_1_475' title='bbox 2195 4578 2358 4647; x_wconf 74' lang='lat' dir='ltr'><strong>pereum,</strong></span> 
     </span>
     <span class='ocr_line' id='line_1_41' title="bbox 316 4638 2358 4749; baseline 0.008 -28"><span class='ocrx_word' id='word_1_476' title='bbox 316 4666 388 4739; x_wconf 91' lang='lat' dir='ltr'><strong>est,</strong></span> <span class='ocrx_word' id='word_1_477' title='bbox 415 4651 472 4720; x_wconf 91' lang='lat' dir='ltr'><strong>rei</strong></span> <span class='ocrx_word' id='word_1_478' title='bbox 485 4663 592 4735; x_wconf 90' lang='lat' dir='ltr'><strong>sunt,</strong></span> <span class='ocrx_word' id='word_1_479' title='bbox 617 4662 653 4719; x_wconf 87' lang='lat' dir='ltr'><strong>et</strong></span> <span class='ocrx_word' id='word_1_480' title='bbox 669 4661 791 4718; x_wconf 91' lang='lat' dir='ltr'><strong>carent</strong></span> <span class='ocrx_word' id='word_1_481' title='bbox 805 4646 917 4737; x_wconf 88' lang='lat' dir='ltr'><strong>gloria</strong></span> <span class='ocrx_word' id='word_1_482' title='bbox 931 4644 1010 4719; x_wconf 88' lang='lat' dir='ltr'><strong>Dei.</strong></span> <span class='ocrx_word' id='word_1_483' title='bbox 1056 4641 1105 4715; x_wconf 88' lang='lat' dir='ltr'><strong>Et</strong></span> <span class='ocrx_word' id='word_1_484' title='bbox 1119 4648 1163 4715; x_wconf 92' lang='lat' dir='ltr'><strong>ad</strong></span> <span class='ocrx_word' id='word_1_485' title='bbox 1180 4640 1311 4734; x_wconf 80' lang='lat' dir='ltr'><strong>Ephes</strong></span> <span class='ocrx_word' id='word_1_486' title='bbox 1365 4647 1558 4738; x_wconf 82' lang='lat' dir='ltr'><strong>Accipiunt</strong></span> <span class='ocrx_word' id='word_1_487' title='bbox 1596 4658 1715 4715; x_wconf 86' lang='lat' dir='ltr'><strong>autern</strong></span> <span class='ocrx_word' id='word_1_488' title='bbox 1750 4638 1788 4714; x_wconf 91' lang='lat' dir='ltr'><strong>hi</strong></span> <span class='ocrx_word' id='word_1_489' title='bbox 1827 4646 1890 4739; x_wconf 86' lang='lat' dir='ltr'><strong>qui</strong></span> <span class='ocrx_word' id='word_1_490' title='bbox 1922 4644 2157 4731; x_wconf 82' lang='lat' dir='ltr'><strong>Evangelium</strong></span> <span class='ocrx_word' id='word_1_491' title='bbox 2193 4664 2358 4749; x_wconf 86' lang='lat' dir='ltr'><strong>audiunt,</strong></span> 
     </span>
    </p>

    <p class='ocr_par' dir='ltr' id='par_1_7' title="bbox 315 4746 2464 5878">
     <span class='ocr_line' id='line_1_42' title="bbox 315 4746 2359 4859; baseline 0.005 -37"><span class='ocrx_word' id='word_1_492' title='bbox 315 4760 370 4830; x_wconf 65' lang='lat'><strong>2:</strong></span> <span class='ocrx_word' id='word_1_493' title='bbox 395 4750 554 4825; x_wconf 85' lang='lat' dir='ltr'><strong>Ersmns</strong></span> <span class='ocrx_word' id='word_1_494' title='bbox 575 4762 703 4821; x_wconf 88' lang='lat' dir='ltr'><strong>natura</strong></span> <span class='ocrx_word' id='word_1_495' title='bbox 727 4748 794 4818; x_wconf 88' lang='lat' dir='ltr'><strong>lilii</strong></span> <span class='ocrx_word' id='word_1_496' title='bbox 816 4748 900 4818; x_wconf 83' lang='lat' dir='ltr'><strong>irae.</strong></span> <span class='ocrx_word' id='word_1_497' title='bbox 951 4746 1012 4826; x_wconf 88' lang='lat' dir='ltr'><strong>Sic</strong></span> <span class='ocrx_word' id='word_1_498' title='bbox 1033 4746 1312 4819; x_wconf 88' lang='lat' dir='ltr'><strong>autemlitlibe-</strong></span> <span class='ocrx_word' id='word_1_499' title='bbox 1365 4760 1565 4837; x_wconf 89' lang='lat' dir='ltr'><strong>agnoscunt</strong></span> <span class='ocrx_word' id='word_1_500' title='bbox 1602 4770 1638 4817; x_wconf 90' lang='lat' dir='ltr'><strong>se</strong></span> <span class='ocrx_word' id='word_1_501' title='bbox 1674 4769 1754 4817; x_wconf 88' lang='lat' dir='ltr'><strong>reos</strong></span> <span class='ocrx_word' id='word_1_502' title='bbox 1791 4770 1883 4834; x_wconf 87' lang='lat' dir='ltr'><strong>esse,</strong></span> <span class='ocrx_word' id='word_1_503' title='bbox 1930 4762 1965 4823; x_wconf 86' lang='lat' dir='ltr'><strong>et</strong></span> <span class='ocrx_word' id='word_1_504' title='bbox 2001 4753 2120 4825; x_wconf 86' lang='lat' dir='ltr'><strong>afferri</strong></span> <span class='ocrx_word' id='word_1_505' title='bbox 2158 4760 2264 4833; x_wconf 89' lang='lat' dir='ltr'><strong>vitam</strong></span> <span class='ocrx_word' id='word_1_506' title='bbox 2296 4794 2359 4859; x_wconf 78' lang='lat' dir='ltr'><strong>per</strong></span> 
     </span>
     <span class='ocr_line' id='line_1_43' title="bbox 315 4845 2359 4957; baseline 0.007 -30"><span class='ocrx_word' id='word_1_507' title='bbox 315 4858 428 4948; x_wconf 82' lang='lat' dir='ltr'><strong>ratio,</strong></span> <span class='ocrx_word' id='word_1_508' title='bbox 450 4878 538 4927; x_wconf 87' lang='lat' dir='ltr'><strong>cum</strong></span> <span class='ocrx_word' id='word_1_509' title='bbox 559 4853 631 4924; x_wconf 81' lang='lat' dir='ltr'><strong>fide</strong></span> <span class='ocrx_word' id='word_1_510' title='bbox 653 4852 878 4942; x_wconf 82' lang='lat' dir='ltr'><strong>agnoscimus</strong></span> <span class='ocrx_word' id='word_1_511' title='bbox 899 4848 1034 4929; x_wconf 84' lang='lat' dir='ltr'><strong>lilium,</strong></span> <span class='ocrx_word' id='word_1_512' title='bbox 1065 4863 1101 4921; x_wconf 89' lang='lat' dir='ltr'><strong>et</strong></span> <span class='ocrx_word' id='word_1_513' title='bbox 1120 4850 1314 4939; x_wconf 91' lang='lat' dir='ltr'><strong>accipimus</strong></span> <span class='ocrx_word' id='word_1_514' title='bbox 1366 4852 1499 4937; x_wconf 83' lang='lat' dir='ltr'><strong>filium,</strong></span> <span class='ocrx_word' id='word_1_515' title='bbox 1545 4845 1613 4919; x_wconf 90' lang='lat' dir='ltr'><strong>hor</strong></span> <span class='ocrx_word' id='word_1_516' title='bbox 1649 4861 1750 4920; x_wconf 85' lang='lat' dir='ltr'><strong>vocat</strong></span> <span class='ocrx_word' id='word_1_517' title='bbox 1789 4850 1980 4935; x_wconf 89' lang='lat' dir='ltr'><strong>iudicium,</strong></span> <span class='ocrx_word' id='word_1_518' title='bbox 2033 4856 2068 4925; x_wconf 88' lang='lat' dir='ltr'><strong>id</strong></span> <span class='ocrx_word' id='word_1_519' title='bbox 2103 4876 2172 4949; x_wconf 90' lang='lat' dir='ltr'><strong>est,</strong></span> <span class='ocrx_word' id='word_1_520' title='bbox 2216 4868 2359 4957; x_wconf 82' lang='lat' dir='ltr'><strong>praedi·</strong></span> 
     </span>
     <span class='ocr_line' id='line_1_44' title="bbox 315 4949 2359 5043; baseline 0.003 -12"><span class='ocrx_word' id='word_1_521' title='bbox 315 4956 665 5040; x_wconf 78' lang='lat' dir='ltr'><strong>reconciliationem,</strong></span> <span class='ocrx_word' id='word_1_522' title='bbox 689 4969 781 5024; x_wconf 83' lang='lat' dir='ltr'><strong>etex</strong></span> <span class='ocrx_word' id='word_1_523' title='bbox 805 4976 915 5043; x_wconf 87' lang='lat' dir='ltr'><strong>regno</strong></span> <span class='ocrx_word' id='word_1_524' title='bbox 941 4954 1168 5023; x_wconf 88' lang='lat' dir='ltr'><strong>tenebrarum</strong></span> <span class='ocrx_word' id='word_1_525' title='bbox 1187 4955 1311 5025; x_wconf 90' lang='lat' dir='ltr'><strong>tradu-</strong></span> <span class='ocrx_word' id='word_1_526' title='bbox 1366 4955 1541 5024; x_wconf 84' lang='lat' dir='ltr'><strong>rationem</strong></span> <span class='ocrx_word' id='word_1_527' title='bbox 1571 4949 1759 5043; x_wconf 85' lang='lat' dir='ltr'><strong>Evangelii</strong></span> <span class='ocrx_word' id='word_1_528' title='bbox 1791 4954 1835 5021; x_wconf 92' lang='lat' dir='ltr'><strong>de</strong></span> <span class='ocrx_word' id='word_1_529' title='bbox 1867 4955 2083 5043; x_wconf 88' lang='lat' dir='ltr'><strong>poenitentia</strong></span> <span class='ocrx_word' id='word_1_530' title='bbox 2117 4978 2151 5035; x_wconf 90' lang='lat' dir='ltr'><strong>et</strong></span> <span class='ocrx_word' id='word_1_531' title='bbox 2180 4972 2359 5043; x_wconf 85' lang='lat' dir='ltr'><strong>remissio-</strong></span> 
     </span>
     <span class='ocr_line' id='line_1_45' title="bbox 315 5052 2357 5153; baseline 0.002 -20"><span class='ocrx_word' id='word_1_532' title='bbox 315 5063 647 5149; x_wconf 81' lang='lat' dir='ltr'><strong>cimurinregnum</strong></span> <span class='ocrx_word' id='word_1_533' title='bbox 670 5057 735 5127; x_wconf 79' lang='lat' dir='ltr'><strong>filii</strong></span> <span class='ocrx_word' id='word_1_534' title='bbox 750 5053 836 5142; x_wconf 90' lang='lat' dir='ltr'><strong>Dei,</strong></span> <span class='ocrx_word' id='word_1_535' title='bbox 861 5067 898 5125; x_wconf 89' lang='lat' dir='ltr'><strong>et</strong></span> <span class='ocrx_word' id='word_1_536' title='bbox 913 5078 977 5146; x_wconf 90' lang='lat' dir='ltr'><strong>per</strong></span> <span class='ocrx_word' id='word_1_537' title='bbox 991 5078 1111 5125; x_wconf 87' lang='lat' dir='ltr'><strong>vorem</strong></span> <span class='ocrx_word' id='word_1_538' title='bbox 1126 5052 1312 5141; x_wconf 80' lang='lat' dir='ltr'><strong>Evangelii</strong></span> <span class='ocrx_word' id='word_1_539' title='bbox 1367 5079 1413 5124; x_wconf 91' lang='lat' dir='ltr'><strong>ne</strong></span> <span class='ocrx_word' id='word_1_540' title='bbox 1442 5068 1680 5148; x_wconf 88' lang='lat' dir='ltr'><strong>peccatorum.</strong></span> <span class='ocrx_word' id='word_1_541' title='bbox 1730 5052 1871 5125; x_wconf 89' lang='lat' dir='ltr'><strong>Lumen</strong></span> <span class='ocrx_word' id='word_1_542' title='bbox 1903 5058 2000 5129; x_wconf 85' lang='lat' dir='ltr'><strong>venit</strong></span> <span class='ocrx_word' id='word_1_543' title='bbox 2029 5062 2066 5129; x_wconf 94' lang='lat' dir='ltr'><strong>in</strong></span> <span class='ocrx_word' id='word_1_544' title='bbox 2095 5072 2288 5153; x_wconf 89' lang='lat' dir='ltr'><strong>mundum,</strong></span> <span class='ocrx_word' id='word_1_545' title='bbox 2321 5077 2357 5145; x_wconf 82' lang='lat' dir='ltr'><strong>id</strong></span> 
     </span>
     <span class='ocr_line' id='line_1_46' title="bbox 316 5154 2358 5260; baseline 0.003 -25"><span class='ocrx_word' id='word_1_546' title='bbox 316 5165 523 5250; x_wconf 82' lang='lat' dir='ltr'><strong>nosaluce,</strong></span> <span class='ocrx_word' id='word_1_547' title='bbox 548 5160 667 5233; x_wconf 83' lang='lat' dir='ltr'><strong>etsita</strong></span> <span class='ocrx_word' id='word_1_548' title='bbox 690 5172 832 5230; x_wconf 86' lang='lat' dir='ltr'><strong>aeterna</strong></span> <span class='ocrx_word' id='word_1_549' title='bbox 851 5160 1040 5228; x_wconf 88' lang='lat' dir='ltr'><strong>donamur.</strong></span> <span class='ocrx_word' id='word_1_550' title='bbox 1090 5154 1182 5226; x_wconf 92' lang='lat' dir='ltr'><strong>Cum</strong></span> <span class='ocrx_word' id='word_1_551' title='bbox 1206 5157 1315 5247; x_wconf 87' lang='lat' dir='ltr'><strong>igitur</strong></span> <span class='ocrx_word' id='word_1_552' title='bbox 1366 5169 1438 5243; x_wconf 89' lang='lat' dir='ltr'><strong>est,</strong></span> <span class='ocrx_word' id='word_1_553' title='bbox 1478 5154 1642 5227; x_wconf 89' lang='lat' dir='ltr'><strong>Christus</strong></span> <span class='ocrx_word' id='word_1_554' title='bbox 1677 5157 1751 5247; x_wconf 90' lang='lat' dir='ltr'><strong>ipse</strong></span> <span class='ocrx_word' id='word_1_555' title='bbox 1787 5158 1995 5248; x_wconf 88' lang='lat' dir='ltr'><strong>praedicans</strong></span> <span class='ocrx_word' id='word_1_556' title='bbox 2029 5158 2097 5235; x_wconf 91' lang='lat' dir='ltr'><strong>hoc</strong></span> <span class='ocrx_word' id='word_1_557' title='bbox 2124 5166 2358 5260; x_wconf 82' lang='lat' dir='ltr'><strong>Evangelium</strong></span> 
     </span>
     <span class='ocr_line' id='line_1_47' title="bbox 318 5254 2357 5371; baseline 0 -34"><span class='ocrx_word' id='word_1_558' title='bbox 318 5264 546 5359; x_wconf 84' lang='lat' dir='ltr'><strong>praecesserit</strong></span> <span class='ocrx_word' id='word_1_559' title='bbox 561 5262 743 5333; x_wconf 83' lang='lat' dir='ltr'><strong>damnatio</strong></span> <span class='ocrx_word' id='word_1_560' title='bbox 768 5261 949 5351; x_wconf 83' lang='lat' dir='ltr'><strong>complexa</strong></span> <span class='ocrx_word' id='word_1_561' title='bbox 970 5273 1084 5332; x_wconf 89' lang='lat' dir='ltr'><strong>totum</strong></span> <span class='ocrx_word' id='word_1_562' title='bbox 1107 5282 1219 5349; x_wconf 89' lang='lat' dir='ltr'><strong>genus</strong></span> <span class='ocrx_word' id='word_1_563' title='bbox 1243 5254 1314 5329; x_wconf 91' lang='lat' dir='ltr'><strong>hu·</strong></span> <span class='ocrx_word' id='word_1_564' title='bbox 1367 5263 1412 5329; x_wconf 93' lang='lat' dir='ltr'><strong>de</strong></span> <span class='ocrx_word' id='word_1_565' title='bbox 1441 5260 1658 5352; x_wconf 90' lang='lat' dir='ltr'><strong>poenitentia</strong></span> <span class='ocrx_word' id='word_1_566' title='bbox 1685 5273 1720 5327; x_wconf 89' lang='lat' dir='ltr'><strong>et</strong></span> <span class='ocrx_word' id='word_1_567' title='bbox 1748 5260 1958 5331; x_wconf 89' lang='lat' dir='ltr'><strong>remissione</strong></span> <span class='ocrx_word' id='word_1_568' title='bbox 1985 5282 2227 5358; x_wconf 84' lang='lat' dir='ltr'><strong>peccatorum,</strong></span> <span class='ocrx_word' id='word_1_569' title='bbox 2262 5286 2357 5371; x_wconf 75' lang='lat' dir='ltr'><strong>quod</strong></span> 
     </span>
     <span class='ocr_line' id='line_1_48' title="bbox 317 5354 2357 5458; baseline 0.006 -19"><span class='ocrx_word' id='word_1_570' title='bbox 317 5394 487 5449; x_wconf 79' lang='lat' dir='ltr'><strong>manum,</strong></span> <span class='ocrx_word' id='word_1_571' title='bbox 511 5380 546 5437; x_wconf 91' lang='lat' dir='ltr'><strong>et</strong></span> <span class='ocrx_word' id='word_1_572' title='bbox 563 5364 602 5435; x_wconf 91' lang='lat' dir='ltr'><strong>hi</strong></span> <span class='ocrx_word' id='word_1_573' title='bbox 618 5364 682 5458; x_wconf 85' lang='lat' dir='ltr'><strong>qui</strong></span> <span class='ocrx_word' id='word_1_574' title='bbox 700 5388 774 5433; x_wconf 83' lang='lat' dir='ltr'><strong>non</strong></span> <span class='ocrx_word' id='word_1_575' title='bbox 788 5364 1007 5442; x_wconf 86' lang='lat' dir='ltr'><strong>liberantur,</strong></span> <span class='ocrx_word' id='word_1_576' title='bbox 1032 5376 1199 5431; x_wconf 89' lang='lat' dir='ltr'><strong>maneant</strong></span> <span class='ocrx_word' id='word_1_577' title='bbox 1217 5361 1256 5429; x_wconf 93' lang='lat' dir='ltr'><strong>in</strong></span> <span class='ocrx_word' id='word_1_578' title='bbox 1273 5385 1313 5429; x_wconf 92' lang='lat' dir='ltr'><strong>ea</strong></span> <span class='ocrx_word' id='word_1_579' title='bbox 1368 5361 1475 5431; x_wconf 88' lang='lat' dir='ltr'><strong>etiam</strong></span> <span class='ocrx_word' id='word_1_580' title='bbox 1500 5374 1645 5451; x_wconf 89' lang='lat' dir='ltr'><strong>propter</strong></span> <span class='ocrx_word' id='word_1_581' title='bbox 1661 5354 1844 5431; x_wconf 89' lang='lat' dir='ltr'><strong>Christum</strong></span> <span class='ocrx_word' id='word_1_582' title='bbox 1867 5386 2005 5455; x_wconf 87' lang='lat' dir='ltr'><strong>semper</strong></span> <span class='ocrx_word' id='word_1_583' title='bbox 2020 5367 2057 5434; x_wconf 89' lang='lat' dir='ltr'><strong>in</strong></span> <span class='ocrx_word' id='word_1_584' title='bbox 2073 5366 2228 5445; x_wconf 87' lang='lat' dir='ltr'><strong>Ecclesia</strong></span> <span class='ocrx_word' id='word_1_585' title='bbox 2244 5399 2357 5457; x_wconf 90' lang='lat' dir='ltr'><strong>sonat.</strong></span> 
     </span>
     <span class='ocr_line' id='line_1_49' title="bbox 319 5458 2360 5555; baseline -0.001 -11"><span class='ocrx_word' id='word_1_586' title='bbox 319 5474 570 5553; x_wconf 87' lang='lat' dir='ltr'><strong>damnatione,</strong></span> <span class='ocrx_word' id='word_1_587' title='bbox 601 5480 696 5537; x_wconf 87' lang='lat' dir='ltr'><strong>recte</strong></span> <span class='ocrx_word' id='word_1_588' title='bbox 715 5461 775 5535; x_wconf 86' lang='lat' dir='ltr'><strong>hic</strong></span> <span class='ocrx_word' id='word_1_589' title='bbox 803 5465 950 5536; x_wconf 88' lang='lat' dir='ltr'><strong>dicitur:</strong></span> <span class='ocrx_word' id='word_1_590' title='bbox 982 5460 1056 5552; x_wconf 84' lang='lat' dir='ltr'><strong>Qui</strong></span> <span class='ocrx_word' id='word_1_591' title='bbox 1088 5486 1163 5533; x_wconf 90' lang='lat' dir='ltr'><strong>non</strong></span> <span class='ocrx_word' id='word_1_592' title='bbox 1190 5464 1316 5545; x_wconf 89' lang='lat' dir='ltr'><strong>credit,</strong></span> <span class='ocrx_word' id='word_1_593' title='bbox 1368 5461 1440 5535; x_wconf 83' lang='lat' dir='ltr'><strong>Scd</strong></span> <span class='ocrx_word' id='word_1_594' title='bbox 1472 5463 1623 5531; x_wconf 84' lang='lat' dir='ltr'><strong>maxima</strong></span> <span class='ocrx_word' id='word_1_595' title='bbox 1649 5484 1729 5553; x_wconf 88' lang='lat' dir='ltr'><strong>pars</strong></span> <span class='ocrx_word' id='word_1_596' title='bbox 1754 5466 1879 5533; x_wconf 85' lang='lat' dir='ltr'><strong>mundi</strong></span> <span class='ocrx_word' id='word_1_597' title='bbox 1903 5458 1999 5535; x_wconf 91' lang='lat' dir='ltr'><strong>hunc</strong></span> <span class='ocrx_word' id='word_1_598' title='bbox 2023 5465 2205 5545; x_wconf 87' lang='lat' dir='ltr'><strong>Christum</strong></span> <span class='ocrx_word' id='word_1_599' title='bbox 2235 5498 2269 5551; x_wconf 77' lang='lat' dir='ltr'><strong>et</strong></span> <span class='ocrx_word' id='word_1_600' title='bbox 2292 5480 2360 5555; x_wconf 66' lang='lat' dir='ltr'><strong>hoe</strong></span> 
     </span>
     <span class='ocr_line' id='line_1_50' title="bbox 320 5562 2464 5659; baseline 0.001 -16"><span class='ocrx_word' id='word_1_601' title='bbox 320 5575 659 5645; x_wconf 77' lang='lat' dir='ltr'><strong>ismiudicstusest.</strong></span> <span class='ocrx_word' id='word_1_602' title='bbox 708 5566 823 5638; x_wconf 87' lang='lat' dir='ltr'><strong>Porro</strong></span> <span class='ocrx_word' id='word_1_603' title='bbox 837 5562 924 5637; x_wconf 86' lang='lat' dir='ltr'><strong>haec</strong></span> <span class='ocrx_word' id='word_1_604' title='bbox 942 5567 1016 5657; x_wconf 89' lang='lat' dir='ltr'><strong>ipsa</strong></span> <span class='ocrx_word' id='word_1_605' title='bbox 1031 5565 1315 5648; x_wconf 85' lang='lat' dir='ltr'><strong>‹lamnatio,seu</strong></span> <span class='ocrx_word' id='word_1_606' title='bbox 1366 5564 1602 5655; x_wconf 86' lang='lat' dir='ltr'><strong>Evangelium</strong></span> <span class='ocrx_word' id='word_1_607' title='bbox 1630 5578 1884 5651; x_wconf 90' lang='lat' dir='ltr'><strong>contemnunt,</strong></span> <span class='ocrx_word' id='word_1_608' title='bbox 1932 5568 2088 5659; x_wconf 81' lang='lat' dir='ltr'><strong>diligunt</strong></span> <span class='ocrx_word' id='word_1_609' title='bbox 2118 5571 2280 5651; x_wconf 89' lang='lat' dir='ltr'><strong>homiues</strong></span> <span class='ocrx_word' id='word_1_610' title='bbox 2307 5602 2358 5655; x_wconf 72' lang='lat' dir='ltr'><strong>te.</strong></span> <span class='ocrx_word' id='word_1_611' title='bbox 2456 5644 2464 5657; x_wconf 60' lang='lat'><em>„</em></span> 
     </span>
     <span class='ocr_line' id='line_1_51' title="bbox 320 5666 2344 5766; baseline -0.004 -19"><span class='ocrx_word' id='word_1_612' title='bbox 320 5678 371 5749; x_wconf 87' lang='lat' dir='ltr'><strong>ira</strong></span> <span class='ocrx_word' id='word_1_613' title='bbox 385 5675 477 5766; x_wconf 87' lang='lat' dir='ltr'><strong>Dei,</strong></span> <span class='ocrx_word' id='word_1_614' title='bbox 503 5676 567 5745; x_wconf 92' lang='lat' dir='ltr'><strong>etsi</strong></span> <span class='ocrx_word' id='word_1_615' title='bbox 584 5697 627 5743; x_wconf 87' lang='lat' dir='ltr'><strong>es</strong></span> <span class='ocrx_word' id='word_1_616' title='bbox 640 5684 755 5741; x_wconf 89' lang='lat' dir='ltr'><strong>morte</strong></span> <span class='ocrx_word' id='word_1_617' title='bbox 770 5684 805 5740; x_wconf 86' lang='lat' dir='ltr'><strong>et</strong></span> <span class='ocrx_word' id='word_1_618' title='bbox 819 5669 965 5743; x_wconf 88' lang='lat' dir='ltr'><strong>caeteris</strong></span> <span class='ocrx_word' id='word_1_619' title='bbox 982 5666 1243 5739; x_wconf 89' lang='lat' dir='ltr'><strong>calamitatibus</strong></span> <span class='ocrx_word' id='word_1_620' title='bbox 1258 5669 1315 5736; x_wconf 89' lang='lat' dir='ltr'><strong>iu·</strong></span> <span class='ocrx_word' id='word_1_621' title='bbox 1339 5710 1343 5738; x_wconf 83' lang='lat'><em>.</em></span> <span class='ocrx_word' id='word_1_622' title='bbox 1369 5669 1516 5747; x_wconf 88' lang='lat' dir='ltr'><strong>nebras,</strong></span> <span class='ocrx_word' id='word_1_623' title='bbox 1541 5690 1614 5733; x_wconf 87' lang='lat' dir='ltr'><strong>non</strong></span> <span class='ocrx_word' id='word_1_624' title='bbox 1640 5682 1836 5749; x_wconf 81' lang='lat' dir='ltr'><strong>agnoscunt</strong></span> <span class='ocrx_word' id='word_1_625' title='bbox 1858 5684 2060 5759; x_wconf 87' lang='lat' dir='ltr'><strong>peccalum,</strong></span> <span class='ocrx_word' id='word_1_626' title='bbox 2086 5700 2150 5747; x_wconf 72' lang='lat' dir='ltr'><strong>nec</strong></span> <span class='ocrx_word' id='word_1_627' title='bbox 2170 5681 2257 5751; x_wconf 66' lang='lat' dir='ltr'><strong>imm</strong></span> <span class='ocrx_word' id='word_1_628' title='bbox 2278 5684 2344 5757; x_wconf 60' lang='lat'><strong>1195</strong></span> 
     </span>
     <span class='ocr_line' id='line_1_52' title="bbox 321 5741 2358 5878; baseline 0.004 -28"><span class='ocrx_word' id='word_1_629' title='bbox 321 5781 430 5871; x_wconf 88' lang='lat' dir='ltr'><strong>telligi</strong></span> <span class='ocrx_word' id='word_1_630' title='bbox 446 5778 621 5857; x_wconf 87' lang='lat' dir='ltr'><strong>debebat,</strong></span> <span class='ocrx_word' id='word_1_631' title='bbox 643 5787 761 5844; x_wconf 89' lang='lat' dir='ltr'><strong>tamen</strong></span> <span class='ocrx_word' id='word_1_632' title='bbox 778 5771 884 5843; x_wconf 89' lang='lat' dir='ltr'><strong>etiam</strong></span> <span class='ocrx_word' id='word_1_633' title='bbox 899 5771 1008 5843; x_wconf 79' lang='lat' dir='ltr'><strong>serbo</strong></span> <span class='ocrx_word' id='word_1_634' title='bbox 1018 5770 1088 5843; x_wconf 89' lang='lat' dir='ltr'><strong>Dei</strong></span> <span class='ocrx_word' id='word_1_635' title='bbox 1104 5793 1168 5868; x_wconf 87' lang='lat' dir='ltr'><strong>per</strong></span> <span class='ocrx_word' id='word_1_636' title='bbox 1180 5767 1316 5854; x_wconf 85' lang='lat' dir='ltr'><strong>Patres,</strong></span> <span class='ocrx_word' id='word_1_637' title='bbox 1339 5741 1343 5820; x_wconf 70' lang='lat' dir='ltr'><strong>l</strong></span> <span class='ocrx_word' id='word_1_638' title='bbox 1368 5794 1434 5839; x_wconf 91' lang='lat' dir='ltr'><strong>nec</strong></span> <span class='ocrx_word' id='word_1_639' title='bbox 1466 5768 1634 5837; x_wconf 79' lang='lat' dir='ltr'><strong>invocant</strong></span> <span class='ocrx_word' id='word_1_640' title='bbox 1656 5766 1790 5849; x_wconf 85' lang='lat' dir='ltr'><strong>Deum,</strong></span> <span class='ocrx_word' id='word_1_641' title='bbox 1823 5794 1887 5839; x_wconf 91' lang='lat' dir='ltr'><strong>nec</strong></span> <span class='ocrx_word' id='word_1_642' title='bbox 1914 5791 2092 5863; x_wconf 81' lang='lat' dir='ltr'><strong>qtsaeruut</strong></span> <span class='ocrx_word' id='word_1_643' title='bbox 2118 5744 2358 5878; x_wconf 65' lang='lat' dir='ltr'><strong>mediatorem:</strong></span> 
     </span>
    </p>
   </div>
   <div class='ocr_carea' id='block_1_7' title="bbox 320 5869 2360 6043">
    <p class='ocr_par' dir='ltr' id='par_1_8' title="bbox 320 5869 2360 6043">
     <span class='ocr_line' id='line_1_53' title="bbox 320 5869 2360 6043; baseline 0.001 -95"><span class='ocrx_word' id='word_1_644' title='bbox 320 5878 537 5977; x_wconf 81' lang='lat' dir='ltr'><strong>Prophetas,</strong></span> <span class='ocrx_word' id='word_1_645' title='bbox 577 5874 761 5949; x_wconf 87' lang='lat' dir='ltr'><strong>Christum</strong></span> <span class='ocrx_word' id='word_1_646' title='bbox 780 5886 816 5948; x_wconf 86' lang='lat' dir='ltr'><strong>et</strong></span> <span class='ocrx_word' id='word_1_647' title='bbox 838 5870 1031 5973; x_wconf 86' lang='lat' dir='ltr'><strong>Apostolos</strong></span> <span class='ocrx_word' id='word_1_648' title='bbox 1054 5873 1230 5945; x_wconf 83' lang='lat' dir='ltr'><strong>declarata</strong></span> <span class='ocrx_word' id='word_1_649' title='bbox 1251 5886 1316 5959; x_wconf 91' lang='lat' dir='ltr'><strong>est,</strong></span> <span class='ocrx_word' id='word_1_650' title='bbox 1340 5870 1344 5910; x_wconf 74' lang='lat'>³</span> <span class='ocrx_word' id='word_1_651' title='bbox 1370 5886 1405 5944; x_wconf 91' lang='lat' dir='ltr'><strong>et</strong></span> <span class='ocrx_word' id='word_1_652' title='bbox 1429 5873 1599 5959; x_wconf 86' lang='lat' dir='ltr'><strong>verbum,</strong></span> <span class='ocrx_word' id='word_1_653' title='bbox 1625 5872 1661 5941; x_wconf 87' lang='lat' dir='ltr'><strong>in</strong></span> <span class='ocrx_word' id='word_1_654' title='bbox 1690 5894 1759 6043; x_wconf 56' lang='lat' dir='ltr'><strong>grip</strong></span> <span class='ocrx_word' id='word_1_655' title='bbox 1779 5869 1873 5943; x_wconf 87' lang='lat' dir='ltr'><strong>Deus</strong></span> <span class='ocrx_word' id='word_1_656' title='bbox 1896 5876 2056 5965; x_wconf 80' lang='lat' dir='ltr'><strong>patefecit</strong></span> <span class='ocrx_word' id='word_1_657' title='bbox 2079 5905 2177 5951; x_wconf 89' lang='lat' dir='ltr'><strong>suam</strong></span> <span class='ocrx_word' id='word_1_658' title='bbox 2196 5890 2360 5964; x_wconf 63' lang='lat' dir='ltr'><strong>volunta.</strong></span> 
     </span>
    </p>
   </div>
   <div class='ocr_carea' id='block_1_8' title="bbox 1415 4092 2357 4275">
    <p class='ocr_par' dir='ltr' id='par_1_9' title="bbox 1415 4092 2357 4275">
     <span class='ocr_line' id='line_1_54' title="bbox 1415 4092 2357 4270; baseline 0.021 -100"><span class='ocrx_word' id='word_1_659' title='bbox 1415 4096 1500 4171; x_wconf 85' lang='lat' dir='ltr'><strong>Hoc</strong></span> <span class='ocrx_word' id='word_1_660' title='bbox 1523 4106 1588 4270; x_wconf 54' lang='lat' dir='ltr'><strong>‘Sd</strong></span> <span class='ocrx_word' id='word_1_661' title='bbox 1597 4106 1719 4169; x_wconf 83' lang='lat' dir='ltr'><strong>autem</strong></span> <span class='ocrx_word' id='word_1_662' title='bbox 1744 4092 1944 4189; x_wconf 86' lang='lat' dir='ltr'><strong>iudicium,</strong></span> <span class='ocrx_word' id='word_1_663' title='bbox 1978 4100 2082 4200; x_wconf 84' lang='lat' dir='ltr'><strong>qood</strong></span> <span class='ocrx_word' id='word_1_664' title='bbox 2101 4101 2172 4180; x_wconf 74' lang='lat' dir='ltr'><strong>tue</strong></span> <span class='ocrx_word' id='word_1_665' title='bbox 2197 4112 2291 4186; x_wconf 78' lang='lat' dir='ltr'><strong>cessit</strong></span> <span class='ocrx_word' id='word_1_666' title='bbox 2316 4116 2357 4191; x_wconf 86' lang='lat' dir='ltr'><strong>irs</strong></span> 
     </span>
     <span class='ocr_line' id='line_1_55' title="bbox 1466 4225 1659 4275; baseline 0.01 -3"><span class='ocrx_word' id='word_1_667' title='bbox 1466 4225 1555 4273; x_wconf 86' lang='lat' dir='ltr'><strong>moa</strong></span> <span class='ocrx_word' id='word_1_668' title='bbox 1586 4226 1659 4275; x_wconf 85' lang='lat' dir='ltr'><strong>um.</strong></span> 
     </span>
    </p>
   </div>
   <div class='ocr_carea' id='block_1_9' title="bbox 0 0 2925 6948">
    <p class='ocr_par' dir='ltr' id='par_1_10' title="bbox 0 0 2925 6948">
     <span class='ocr_line' id='line_1_56' title="bbox 0 0 2925 6948; baseline 0 0"><span class='ocrx_word' id='word_1_669' title='bbox 0 0 2925 6948; x_wconf 95' lang='lat' dir='ltr'><strong> </strong></span> 
     </span>
    </p>
   </div>
  </div>
 </body>
</html>
