<?xml version="1.0" encoding="UTF-8"?>
<!DOCTYPE html PUBLIC "-//W3C//DTD XHTML 1.0 Transitional//EN"
    "http://www.w3.org/TR/xhtml1/DTD/xhtml1-transitional.dtd">
<html xmlns="http://www.w3.org/1999/xhtml" xml:lang="en" lang="en">
 <head>
  <title>
</title>
<meta http-equiv="Content-Type" content="text/html;charset=utf-8" />
  <meta name='ocr-system' content='tesseract 3.04.00' />
  <meta name='ocr-capabilities' content='ocr_page ocr_carea ocr_par ocr_line ocrx_word'/>
</head>
<body>
  <div class='ocr_page' id='page_1' title='image "./philippimelanth08bindgoog_0436.png"; bbox 0 0 5825 6950; ppageno 0'>
   <div class='ocr_carea' id='block_1_1' title="bbox 353 625 2526 788">
    <p class='ocr_par' dir='ltr' id='par_1_1' title="bbox 353 625 2526 788">
     <span class='ocr_line' id='line_1_1' title="bbox 353 625 2526 788; baseline 0 -16"><span class='ocrx_word' id='word_1_1' title='bbox 353 695 425 772; x_wconf 69' lang='lat' dir='ltr'><strong>lib</strong></span> <span class='ocrx_word' id='word_1_2' title='bbox 627 694 730 774; x_wconf 81' lang='lat' dir='ltr'><strong>xnt</strong></span> <span class='ocrx_word' id='word_1_3' title='bbox 772 695 1136 778; x_wconf 58' lang='lat' dir='ltr'><strong>summano</strong></span> <span class='ocrx_word' id='word_1_4' title='bbox 1165 625 1590 776; x_wconf 63' lang='lat' dir='ltr'><strong>seleucenum</strong></span> <span class='ocrx_word' id='word_1_5' title='bbox 1615 685 1880 769; x_wconf 75' lang='lat' dir='ltr'><strong>ROMANOS.</strong></span> <span class='ocrx_word' id='word_1_6' title='bbox 1931 691 2038 769; x_wconf 83' lang='lat' dir='ltr'><strong>CAP.</strong></span> <span class='ocrx_word' id='word_1_7' title='bbox 2065 695 2094 772; x_wconf 89' lang='lat' dir='ltr'><strong>l.</strong></span> <span class='ocrx_word' id='word_1_8' title='bbox 2154 753 2159 766; x_wconf 87' lang='lat'><strong>.</strong></span> <span class='ocrx_word' id='word_1_9' title='bbox 2312 711 2391 788; x_wconf 67' lang='lat'><strong>034</strong></span> <span class='ocrx_word' id='word_1_10' title='bbox 2518 752 2526 780; x_wconf 86' lang='lat'><strong>.</strong></span> 
     </span>
    </p>
   </div>
   <div class='ocr_carea' id='block_1_2' title="bbox 305 855 2564 6035">
    <p class='ocr_par' dir='ltr' id='par_1_2' title="bbox 356 855 2523 1168">
     <span class='ocr_line' id='line_1_2' title="bbox 356 855 2523 968; baseline 0.013 -44"><span class='ocrx_word' id='word_1_11' title='bbox 356 879 469 962; x_wconf 53' lang='grc' dir='ltr'><strong>φης.</strong></span> <span class='ocrx_word' id='word_1_12' title='bbox 504 891 600 942; x_wconf 64' lang='lat'><strong>20„</strong></span> <span class='ocrx_word' id='word_1_13' title='bbox 632 883 668 944; x_wconf 57' lang='grc' dir='ltr'><strong>ρ(</strong></span> <span class='ocrx_word' id='word_1_14' title='bbox 700 871 875 963; x_wconf 52' lang='lat' dir='ltr'><strong>,figulari</strong></span> <span class='ocrx_word' id='word_1_15' title='bbox 910 873 1146 968; x_wconf 55' lang='lat' dir='ltr'><strong>,mmm</strong></span> <span class='ocrx_word' id='word_1_16' title='bbox 1182 870 1343 967; x_wconf 61' lang='lat' dir='ltr'><strong>promul.</strong></span> <span class='ocrx_word' id='word_1_17' title='bbox 1399 861 1473 936; x_wconf 84' lang='lat' dir='ltr'><strong>Deo</strong></span> <span class='ocrx_word' id='word_1_18' title='bbox 1489 865 1739 945; x_wconf 87' lang='lat' dir='ltr'><strong>sentimus,sd</strong></span> <span class='ocrx_word' id='word_1_19' title='bbox 1755 865 2047 956; x_wconf 76' lang='lat' dir='ltr'><strong>glorificationem</strong></span> <span class='ocrx_word' id='word_1_20' title='bbox 2063 870 2235 965; x_wconf 90' lang='lat' dir='ltr'><strong>pertinet,</strong></span> <span class='ocrx_word' id='word_1_21' title='bbox 2259 879 2388 956; x_wconf 83' lang='lat' dir='ltr'><strong>timere</strong></span> <span class='ocrx_word' id='word_1_22' title='bbox 2475 855 2480 866; x_wconf 40' lang='lat'><strong>⁴</strong></span> <span class='ocrx_word' id='word_1_23' title='bbox 2516 877 2523 884; x_wconf 80' lang='grc'><strong>’</strong></span> 
     </span>
     <span class='ocr_line' id='line_1_3' title="bbox 356 968 2385 1074; baseline 0.007 -34"><span class='ocrx_word' id='word_1_24' title='bbox 356 983 513 1062; x_wconf 76' lang='lat' dir='ltr'><strong>geraest,</strong></span> <span class='ocrx_word' id='word_1_25' title='bbox 539 985 575 1042; x_wconf 86' lang='lat' dir='ltr'><strong>et</strong></span> <span class='ocrx_word' id='word_1_26' title='bbox 598 996 619 1043; x_wconf 88' lang='lat' dir='ltr'><strong>a</strong></span> <span class='ocrx_word' id='word_1_27' title='bbox 642 971 719 1066; x_wconf 85' lang='lat' dir='ltr'><strong>lege</strong></span> <span class='ocrx_word' id='word_1_28' title='bbox 743 976 976 1048; x_wconf 85' lang='lat' dir='ltr'><strong>discernenda</strong></span> <span class='ocrx_word' id='word_1_29' title='bbox 998 991 1068 1070; x_wconf 87' lang='lat' dir='ltr'><strong>est,</strong></span> <span class='ocrx_word' id='word_1_30' title='bbox 1095 991 1137 1050; x_wconf 91' lang='lat' dir='ltr'><strong>ut</strong></span> <span class='ocrx_word' id='word_1_31' title='bbox 1158 999 1261 1068; x_wconf 87' lang='lat' dir='ltr'><strong>saepe</strong></span> <span class='ocrx_word' id='word_1_32' title='bbox 1285 973 1343 1044; x_wconf 89' lang='lat' dir='ltr'><strong>di·</strong></span> <span class='ocrx_word' id='word_1_33' title='bbox 1395 991 1500 1050; x_wconf 86' lang='lat' dir='ltr'><strong>eum,</strong></span> <span class='ocrx_word' id='word_1_34' title='bbox 1538 971 1681 1040; x_wconf 87' lang='lat' dir='ltr'><strong>credere</strong></span> <span class='ocrx_word' id='word_1_35' title='bbox 1708 968 1759 1052; x_wconf 90' lang='lat' dir='ltr'><strong>ei,</strong></span> <span class='ocrx_word' id='word_1_36' title='bbox 1790 969 1939 1058; x_wconf 83' lang='lat' dir='ltr'><strong>diligere</strong></span> <span class='ocrx_word' id='word_1_37' title='bbox 1967 993 2067 1058; x_wconf 82' lang='lat' dir='ltr'><strong>eum,</strong></span> <span class='ocrx_word' id='word_1_38' title='bbox 2102 975 2268 1054; x_wconf 78' lang='lat' dir='ltr'><strong>iuvocare</strong></span> <span class='ocrx_word' id='word_1_39' title='bbox 2290 1005 2385 1074; x_wconf 88' lang='lat' dir='ltr'><strong>eum,</strong></span> 
     </span>
     <span class='ocr_line' id='line_1_4' title="bbox 357 1069 2216 1168; baseline 0.004 -28"><span class='ocrx_word' id='word_1_40' title='bbox 357 1088 444 1144; x_wconf 85' lang='lat' dir='ltr'><strong>ctum</strong></span> <span class='ocrx_word' id='word_1_41' title='bbox 468 1085 531 1145; x_wconf 81' lang='lat' dir='ltr'><strong>est.</strong></span> <span class='ocrx_word' id='word_1_42' title='bbox 709 1080 714 1089; x_wconf 89' lang='lat'>&#39;</span> <span class='ocrx_word' id='word_1_43' title='bbox 1022 1125 1026 1131; x_wconf 90' lang='lat'><strong>.</strong></span> <span class='ocrx_word' id='word_1_44' title='bbox 1394 1084 1430 1143; x_wconf 87' lang='lat' dir='ltr'><strong>ct</strong></span> <span class='ocrx_word' id='word_1_45' title='bbox 1448 1071 1596 1140; x_wconf 90' lang='lat' dir='ltr'><strong>obedire</strong></span> <span class='ocrx_word' id='word_1_46' title='bbox 1611 1072 1643 1140; x_wconf 88' lang='lat' dir='ltr'><strong>ei</strong></span> <span class='ocrx_word' id='word_1_47' title='bbox 1667 1071 1705 1138; x_wconf 92' lang='lat' dir='ltr'><strong>iu</strong></span> <span class='ocrx_word' id='word_1_48' title='bbox 1723 1069 1898 1156; x_wconf 86' lang='lat' dir='ltr'><strong>cultibus,</strong></span> <span class='ocrx_word' id='word_1_49' title='bbox 1921 1096 2012 1166; x_wconf 83' lang='lat' dir='ltr'><strong>quos</strong></span> <span class='ocrx_word' id='word_1_50' title='bbox 2028 1080 2216 1168; x_wconf 89' lang='lat' dir='ltr'><strong>praecepit.</strong></span> 
     </span>
    </p>

    <p class='ocr_par' dir='ltr' id='par_1_3' title="bbox 341 1169 2382 2602">
     <span class='ocr_line' id='line_1_5' title="bbox 452 1169 2382 1272; baseline 0.009 -29"><span class='ocrx_word' id='word_1_51' title='bbox 452 1172 512 1247; x_wconf 82' lang='lat' dir='ltr'><strong>Fit</strong></span> <span class='ocrx_word' id='word_1_52' title='bbox 535 1188 653 1248; x_wconf 78' lang='lat' dir='ltr'><strong>aulem</strong></span> <span class='ocrx_word' id='word_1_53' title='bbox 676 1169 737 1248; x_wconf 86' lang='lat' dir='ltr'><strong>bic</strong></span> <span class='ocrx_word' id='word_1_54' title='bbox 756 1178 890 1249; x_wconf 89' lang='lat' dir='ltr'><strong>mentio</strong></span> <span class='ocrx_word' id='word_1_55' title='bbox 905 1178 993 1270; x_wconf 85' lang='lat' dir='ltr'><strong>legis</strong></span> <span class='ocrx_word' id='word_1_56' title='bbox 1010 1193 1178 1266; x_wconf 88' lang='lat' dir='ltr'><strong>naturae,</strong></span> <span class='ocrx_word' id='word_1_57' title='bbox 1203 1181 1248 1250; x_wconf 92' lang='lat' dir='ltr'><strong>de</strong></span> <span class='ocrx_word' id='word_1_58' title='bbox 1272 1199 1341 1272; x_wconf 85' lang='lat' dir='ltr'><strong>qua</strong></span> <span class='ocrx_word' id='word_1_59' title='bbox 1494 1170 1680 1242; x_wconf 77' lang='lat' dir='ltr'><strong>Discnmus</strong></span> <span class='ocrx_word' id='word_1_60' title='bbox 1705 1185 1821 1244; x_wconf 78' lang='lat' dir='ltr'><strong>aulem</strong></span> <span class='ocrx_word' id='word_1_61' title='bbox 1837 1174 1969 1262; x_wconf 73' lang='lat' dir='ltr'><strong>singuli</strong></span> <span class='ocrx_word' id='word_1_62' title='bbox 1990 1175 2030 1246; x_wconf 90' lang='lat' dir='ltr'><strong>in</strong></span> <span class='ocrx_word' id='word_1_63' title='bbox 2048 1182 2222 1253; x_wconf 87' lang='lat' dir='ltr'><strong>exercitiis</strong></span> <span class='ocrx_word' id='word_1_64' title='bbox 2241 1185 2382 1260; x_wconf 86' lang='lat' dir='ltr'><strong>timoris</strong></span> 
     </span>
     <span class='ocr_line' id='line_1_6' title="bbox 357 1267 2382 1374; baseline 0.007 -27"><span class='ocrx_word' id='word_1_65' title='bbox 357 1275 544 1368; x_wconf 76' lang='lat' dir='ltr'>cogitantes</span> <span class='ocrx_word' id='word_1_66' title='bbox 565 1291 676 1352; x_wconf 91' lang='lat' dir='ltr'><strong>totam</strong></span> <span class='ocrx_word' id='word_1_67' title='bbox 704 1282 1000 1374; x_wconf 80' lang='lat' dir='ltr'><strong>complectamur,</strong></span> <span class='ocrx_word' id='word_1_68' title='bbox 1027 1283 1066 1352; x_wconf 90' lang='lat' dir='ltr'><strong>id</strong></span> <span class='ocrx_word' id='word_1_69' title='bbox 1094 1297 1166 1367; x_wconf 90' lang='lat' dir='ltr'><strong>est,</strong></span> <span class='ocrx_word' id='word_1_70' title='bbox 1190 1281 1341 1352; x_wconf 87' lang='lat' dir='ltr'><strong>sciamus</strong></span> <span class='ocrx_word' id='word_1_71' title='bbox 1393 1267 1479 1358; x_wconf 75' lang='lat' dir='ltr'><strong>Del,</strong></span> <span class='ocrx_word' id='word_1_72' title='bbox 1513 1287 1549 1346; x_wconf 75' lang='lat' dir='ltr'><strong>et</strong></span> <span class='ocrx_word' id='word_1_73' title='bbox 1572 1273 1825 1358; x_wconf 65' lang='lat' dir='ltr'><strong>invocationlt.</strong></span> <span class='ocrx_word' id='word_1_74' title='bbox 1866 1277 1953 1369; x_wconf 86' lang='lat' dir='ltr'><strong>quid</strong></span> <span class='ocrx_word' id='word_1_75' title='bbox 1986 1277 2032 1350; x_wconf 89' lang='lat' dir='ltr'><strong>sit</strong></span> <span class='ocrx_word' id='word_1_76' title='bbox 2055 1274 2141 1354; x_wconf 88' lang='lat' dir='ltr'><strong>haec</strong></span> <span class='ocrx_word' id='word_1_77' title='bbox 2160 1285 2382 1373; x_wconf 78' lang='lat' dir='ltr'><strong>glorificatio.</strong></span> 
     </span>
     <span class='ocr_line' id='line_1_7' title="bbox 355 1370 2381 1479; baseline 0.014 -44"><span class='ocrx_word' id='word_1_78' title='bbox 355 1377 453 1450; x_wconf 75' lang='lat' dir='ltr'><strong>gimul</strong></span> <span class='ocrx_word' id='word_1_79' title='bbox 469 1379 543 1451; x_wconf 67' lang='lat' dir='ltr'><strong>diti</strong></span> <span class='ocrx_word' id='word_1_80' title='bbox 559 1394 597 1452; x_wconf 62' lang='grc' dir='ltr'><strong>ει</strong></span> <span class='ocrx_word' id='word_1_81' title='bbox 609 1405 686 1452; x_wconf 62' lang='lat' dir='ltr'><strong>egge</strong></span> <span class='ocrx_word' id='word_1_82' title='bbox 700 1379 837 1466; x_wconf 66' lang='lat' dir='ltr'><strong>Deum,</strong></span> <span class='ocrx_word' id='word_1_83' title='bbox 863 1398 899 1456; x_wconf 66' lang='lat' dir='ltr'><strong>et</strong></span> <span class='ocrx_word' id='word_1_84' title='bbox 918 1385 1015 1479; x_wconf 70' lang='lat' dir='ltr'><strong>quod</strong></span> <span class='ocrx_word' id='word_1_85' title='bbox 1032 1385 1103 1456; x_wconf 67' lang='grc' dir='ltr'><strong>(0Ιί</strong></span> <span class='ocrx_word' id='word_1_86' title='bbox 1121 1385 1206 1459; x_wconf 63' lang='lat' dir='ltr'><strong>velit</strong></span> <span class='ocrx_word' id='word_1_87' title='bbox 1217 1385 1339 1455; x_wconf 66' lang='lat' dir='ltr'><strong>obser.</strong></span> <span class='ocrx_word' id='word_1_88' title='bbox 1392 1373 1446 1444; x_wconf 66' lang='lat' dir='ltr'><strong>At</strong></span> <span class='ocrx_word' id='word_1_89' title='bbox 1461 1374 1553 1446; x_wconf 82' lang='lat' dir='ltr'><strong>fiunt</strong></span> <span class='ocrx_word' id='word_1_90' title='bbox 1577 1370 1642 1446; x_wconf 80' lang='lat' dir='ltr'><strong>hee</strong></span> <span class='ocrx_word' id='word_1_91' title='bbox 1659 1377 1913 1466; x_wconf 83' lang='lat' dir='ltr'><strong>descripliunes</strong></span> <span class='ocrx_word' id='word_1_92' title='bbox 1928 1378 2140 1457; x_wconf 79' lang='lat' dir='ltr'><strong>illustriores</strong></span> <span class='ocrx_word' id='word_1_93' title='bbox 2155 1388 2381 1466; x_wconf 52' lang='lat' dir='ltr'><strong>milen&amp;</strong></span> 
     </span>
     <span class='ocr_line' id='line_1_8' title="bbox 356 1473 2377 1580; baseline 0.007 -31"><span class='ocrx_word' id='word_1_94' title='bbox 356 1479 490 1553; x_wconf 85' lang='lat' dir='ltr'><strong>catione</strong></span> <span class='ocrx_word' id='word_1_95' title='bbox 505 1481 724 1554; x_wconf 85' lang='lat' dir='ltr'><strong>discriminis</strong></span> <span class='ocrx_word' id='word_1_96' title='bbox 740 1479 971 1558; x_wconf 88' lang='lat' dir='ltr'><strong>honestorum</strong></span> <span class='ocrx_word' id='word_1_97' title='bbox 995 1499 1029 1557; x_wconf 90' lang='lat' dir='ltr'><strong>et</strong></span> <span class='ocrx_word' id='word_1_98' title='bbox 1046 1486 1217 1580; x_wconf 88' lang='lat' dir='ltr'><strong>turpium.</strong></span> <span class='ocrx_word' id='word_1_99' title='bbox 1269 1482 1338 1555; x_wconf 90' lang='lat' dir='ltr'><strong>Hic</strong></span> <span class='ocrx_word' id='word_1_100' title='bbox 1391 1473 1572 1552; x_wconf 87' lang='lat' dir='ltr'><strong>antithesi.</strong></span> <span class='ocrx_word' id='word_1_101' title='bbox 1648 1477 1731 1548; x_wconf 82' lang='lat' dir='ltr'><strong>Non</strong></span> <span class='ocrx_word' id='word_1_102' title='bbox 1767 1481 1932 1552; x_wconf 75' lang='lat' dir='ltr'><strong>tribuunt</strong></span> <span class='ocrx_word' id='word_1_103' title='bbox 1957 1481 2038 1554; x_wconf 91' lang='lat' dir='ltr'><strong>Deo</strong></span> <span class='ocrx_word' id='word_1_104' title='bbox 2069 1486 2219 1574; x_wconf 76' lang='lat' dir='ltr'>gloriam</span> <span class='ocrx_word' id='word_1_105' title='bbox 2254 1487 2377 1566; x_wconf 78' lang='grc' dir='ltr'><strong>ἄθεοι.</strong></span> 
     </span>
     <span class='ocr_line' id='line_1_9' title="bbox 353 1576 2376 1683; baseline 0.006 -31"><span class='ocrx_word' id='word_1_106' title='bbox 353 1581 451 1654; x_wconf 86' lang='lat' dir='ltr'><strong>ctiam</strong></span> <span class='ocrx_word' id='word_1_107' title='bbox 473 1597 637 1673; x_wconf 78' lang='lat' dir='ltr'><strong>repetant</strong></span> <span class='ocrx_word' id='word_1_108' title='bbox 657 1584 816 1657; x_wconf 92' lang='lat' dir='ltr'><strong>iuniores</strong></span> <span class='ocrx_word' id='word_1_109' title='bbox 835 1588 1035 1661; x_wconf 80' lang='lat' dir='ltr'><strong>doctrinam</strong></span> <span class='ocrx_word' id='word_1_110' title='bbox 1051 1585 1338 1683; x_wconf 76' lang='lat' dir='ltr'><strong>philosophicam</strong></span> <span class='ocrx_word' id='word_1_111' title='bbox 1390 1576 1465 1650; x_wconf 82' lang='lat' dir='ltr'><strong>Neo</strong></span> <span class='ocrx_word' id='word_1_112' title='bbox 1479 1580 1631 1652; x_wconf 88' lang='lat' dir='ltr'><strong>cultores</strong></span> <span class='ocrx_word' id='word_1_113' title='bbox 1655 1581 1853 1662; x_wconf 87' lang='lat' dir='ltr'><strong>idolorum,</strong></span> <span class='ocrx_word' id='word_1_114' title='bbox 1880 1583 1942 1676; x_wconf 86' lang='lat' dir='ltr'><strong>qui</strong></span> <span class='ocrx_word' id='word_1_115' title='bbox 1965 1584 2106 1675; x_wconf 79' lang='lat' dir='ltr'><strong>lingunt</strong></span> <span class='ocrx_word' id='word_1_116' title='bbox 2128 1583 2297 1663; x_wconf 79' lang='lat' dir='ltr'><strong>horribili</strong></span> <span class='ocrx_word' id='word_1_117' title='bbox 2310 1619 2376 1667; x_wconf 87' lang='lat' dir='ltr'><strong>au-</strong></span> 
     </span>
     <span class='ocr_line' id='line_1_10' title="bbox 352 1680 2382 1780; baseline 0.006 -26"><span class='ocrx_word' id='word_1_118' title='bbox 352 1685 390 1754; x_wconf 89' lang='lat' dir='ltr'><strong>de</strong></span> <span class='ocrx_word' id='word_1_119' title='bbox 413 1683 621 1776; x_wconf 89' lang='lat' dir='ltr'><strong>principiis,</strong></span> <span class='ocrx_word' id='word_1_120' title='bbox 661 1701 702 1760; x_wconf 90' lang='lat' dir='ltr'><strong>ut</strong></span> <span class='ocrx_word' id='word_1_121' title='bbox 726 1687 949 1780; x_wconf 74' lang='lat' dir='ltr'><strong>perspicuam</strong></span> <span class='ocrx_word' id='word_1_122' title='bbox 975 1691 1220 1763; x_wconf 77' lang='lat' dir='ltr'><strong>definitionem</strong></span> <span class='ocrx_word' id='word_1_123' title='bbox 1251 1689 1340 1778; x_wconf 86' lang='lat' dir='ltr'><strong>legis</strong></span> <span class='ocrx_word' id='word_1_124' title='bbox 1390 1680 1489 1752; x_wconf 58' lang='lat' dir='ltr'><strong>decio</strong></span> <span class='ocrx_word' id='word_1_125' title='bbox 1506 1684 1647 1754; x_wconf 67' lang='lat' dir='ltr'><strong>turbam</strong></span> <span class='ocrx_word' id='word_1_126' title='bbox 1664 1680 1833 1754; x_wconf 71' lang='lat' dir='ltr'><strong>Deorum·</strong></span> <span class='ocrx_word' id='word_1_127' title='bbox 1886 1685 1958 1756; x_wconf 76' lang='lat' dir='ltr'><strong>Nec</strong></span> <span class='ocrx_word' id='word_1_128' title='bbox 1982 1687 2044 1778; x_wconf 77' lang='lat' dir='ltr'><strong>qui</strong></span> <span class='ocrx_word' id='word_1_129' title='bbox 2067 1687 2237 1765; x_wconf 81' lang='lat' dir='ltr'><strong>invocent</strong></span> <span class='ocrx_word' id='word_1_130' title='bbox 2261 1691 2382 1766; x_wconf 84' lang='lat' dir='ltr'><strong>horni-</strong></span> 
     </span>
     <span class='ocr_line' id='line_1_11' title="bbox 352 1781 2380 1887; baseline 0.005 -32"><span class='ocrx_word' id='word_1_131' title='bbox 352 1799 497 1860; x_wconf 88' lang='lat' dir='ltr'><strong>naturae</strong></span> <span class='ocrx_word' id='word_1_132' title='bbox 519 1801 675 1861; x_wconf 85' lang='lat' dir='ltr'><strong>teneant·</strong></span> <span class='ocrx_word' id='word_1_133' title='bbox 731 1785 804 1860; x_wconf 82' lang='lat' dir='ltr'><strong>Les</strong></span> <span class='ocrx_word' id='word_1_134' title='bbox 828 1805 975 1863; x_wconf 87' lang='lat' dir='ltr'><strong>naturae</strong></span> <span class='ocrx_word' id='word_1_135' title='bbox 996 1805 1030 1864; x_wconf 89' lang='lat' dir='ltr'><strong>et</strong></span> <span class='ocrx_word' id='word_1_136' title='bbox 1049 1795 1182 1866; x_wconf 88' lang='lat' dir='ltr'><strong>noticia</strong></span> <span class='ocrx_word' id='word_1_137' title='bbox 1203 1792 1338 1887; x_wconf 91' lang='lat' dir='ltr'><strong>princi·</strong></span> <span class='ocrx_word' id='word_1_138' title='bbox 1389 1798 1638 1856; x_wconf 68' lang='lat' dir='ltr'><strong>uesmorluot·</strong></span> <span class='ocrx_word' id='word_1_139' title='bbox 1690 1781 1765 1854; x_wconf 71' lang='lat' dir='ltr'><strong>Nec</strong></span> <span class='ocrx_word' id='word_1_140' title='bbox 1788 1786 1848 1878; x_wconf 74' lang='lat' dir='ltr'><strong>qui</strong></span> <span class='ocrx_word' id='word_1_141' title='bbox 1871 1787 1969 1859; x_wconf 76' lang='lat' dir='ltr'><strong>aliud</strong></span> <span class='ocrx_word' id='word_1_142' title='bbox 1994 1789 2133 1878; x_wconf 70' lang='lat' dir='ltr'><strong>fingunt</strong></span> <span class='ocrx_word' id='word_1_143' title='bbox 2154 1816 2230 1864; x_wconf 88' lang='lat' dir='ltr'><strong>esse</strong></span> <span class='ocrx_word' id='word_1_144' title='bbox 2246 1792 2380 1885; x_wconf 85' lang='lat' dir='ltr'><strong>Deum,</strong></span> 
     </span>
     <span class='ocr_line' id='line_1_12' title="bbox 350 1886 2380 1990; baseline 0.01 -34"><span class='ocrx_word' id='word_1_145' title='bbox 350 1889 489 1980; x_wconf 88' lang='lat' dir='ltr'><strong>piorum</strong></span> <span class='ocrx_word' id='word_1_146' title='bbox 515 1890 753 1982; x_wconf 85' lang='lat' dir='ltr'><strong>practicorum</strong></span> <span class='ocrx_word' id='word_1_147' title='bbox 776 1905 811 1962; x_wconf 89' lang='lat' dir='ltr'><strong>et</strong></span> <span class='ocrx_word' id='word_1_148' title='bbox 833 1891 1122 1980; x_wconf 84' lang='lat' dir='ltr'><strong>conclusionum,</strong></span> <span class='ocrx_word' id='word_1_149' title='bbox 1147 1893 1338 1990; x_wconf 89' lang='lat' dir='ltr'><strong>quaeinde</strong></span> <span class='ocrx_word' id='word_1_150' title='bbox 1389 1907 1495 1976; x_wconf 66' lang='lat' dir='ltr'><strong>quam</strong></span> <span class='ocrx_word' id='word_1_151' title='bbox 1519 1886 1609 1956; x_wconf 66' lang='lat' dir='ltr'><strong>titul</strong></span> <span class='ocrx_word' id='word_1_152' title='bbox 1633 1907 1670 1955; x_wconf 62' lang='grc' dir='ltr'><strong>ὅθ</strong></span> <span class='ocrx_word' id='word_1_153' title='bbox 1692 1887 1875 1976; x_wconf 61' lang='grc' dir='ltr'><strong>Ρδῑθῗθῦῐῑ,</strong></span> <span class='ocrx_word' id='word_1_154' title='bbox 1909 1905 1947 1960; x_wconf 76' lang='lat'><strong>¹¹¹</strong></span> <span class='ocrx_word' id='word_1_155' title='bbox 1972 1887 2245 1967; x_wconf 62' lang='lat' dir='ltr'><strong>Mabflmellsslae</strong></span> <span class='ocrx_word' id='word_1_156' title='bbox 2267 1910 2301 1969; x_wconf 73' lang='lat' dir='ltr'><strong>el</strong></span> <span class='ocrx_word' id='word_1_157' title='bbox 2319 1897 2380 1970; x_wconf 85' lang='lat' dir='ltr'><strong>lu·</strong></span> 
     </span>
     <span class='ocr_line' id='line_1_13' title="bbox 346 1981 2382 2092; baseline 0.003 -32"><span class='ocrx_word' id='word_1_158' title='bbox 346 1993 541 2060; x_wconf 84' lang='lat' dir='ltr'><strong>nceessaria</strong></span> <span class='ocrx_word' id='word_1_159' title='bbox 563 1994 816 2086; x_wconf 82' lang='lat' dir='ltr'><strong>consequentia</strong></span> <span class='ocrx_word' id='word_1_160' title='bbox 842 2010 1074 2084; x_wconf 81' lang='lat' dir='ltr'><strong>extruuntur,</strong></span> <span class='ocrx_word' id='word_1_161' title='bbox 1100 1999 1207 2072; x_wconf 89' lang='lat' dir='ltr'><strong>insita</strong></span> <span class='ocrx_word' id='word_1_162' title='bbox 1234 2020 1337 2067; x_wconf 90' lang='lat' dir='ltr'><strong>meu·</strong></span> <span class='ocrx_word' id='word_1_163' title='bbox 1389 1987 1467 2055; x_wconf 70' lang='lat' dir='ltr'><strong>dael</strong></span> <span class='ocrx_word' id='word_1_164' title='bbox 1485 1987 1606 2077; x_wconf 68' lang='lat' dir='ltr'><strong>impii.</strong></span> <span class='ocrx_word' id='word_1_165' title='bbox 1632 2001 1664 2058; x_wconf 76' lang='lat' dir='ltr'><strong>el</strong></span> <span class='ocrx_word' id='word_1_166' title='bbox 1687 1981 1867 2062; x_wconf 88' lang='lat' dir='ltr'><strong>haeretiei.</strong></span> <span class='ocrx_word' id='word_1_167' title='bbox 1921 1989 1992 2060; x_wconf 78' lang='lat' dir='ltr'><strong>Nec</strong></span> <span class='ocrx_word' id='word_1_168' title='bbox 2011 1993 2071 2086; x_wconf 84' lang='lat' dir='ltr'><strong>qui</strong></span> <span class='ocrx_word' id='word_1_169' title='bbox 2088 1997 2282 2069; x_wconf 87' lang='lat' dir='ltr'><strong>manentiu</strong></span> <span class='ocrx_word' id='word_1_170' title='bbox 2299 2023 2382 2092; x_wconf 80' lang='lat' dir='ltr'><strong>per.</strong></span> 
     </span>
     <span class='ocr_line' id='line_1_14' title="bbox 345 2087 2378 2189; baseline 0.004 -27"><span class='ocrx_word' id='word_1_171' title='bbox 345 2091 436 2162; x_wconf 90' lang='lat' dir='ltr'><strong>tibus</strong></span> <span class='ocrx_word' id='word_1_172' title='bbox 451 2087 802 2182; x_wconf 85' lang='lat' dir='ltr'><strong>homiuumaDeo,</strong></span> <span class='ocrx_word' id='word_1_173' title='bbox 825 2110 860 2169; x_wconf 89' lang='lat' dir='ltr'><strong>et</strong></span> <span class='ocrx_word' id='word_1_174' title='bbox 884 2123 1083 2188; x_wconf 87' lang='lat' dir='ltr'><strong>congruens</strong></span> <span class='ocrx_word' id='word_1_175' title='bbox 1098 2125 1179 2172; x_wconf 92' lang='lat' dir='ltr'><strong>eum</strong></span> <span class='ocrx_word' id='word_1_176' title='bbox 1194 2113 1336 2172; x_wconf 86' lang='lat' dir='ltr'><strong>aeterna</strong></span> <span class='ocrx_word' id='word_1_177' title='bbox 1389 2103 1493 2180; x_wconf 58' lang='lat' dir='ltr'><strong>Pelva</strong></span> <span class='ocrx_word' id='word_1_178' title='bbox 1525 2090 1757 2160; x_wconf 89' lang='lat' dir='ltr'><strong>dubitatione.</strong></span> <span class='ocrx_word' id='word_1_179' title='bbox 1834 2087 1907 2161; x_wconf 76' lang='lat' dir='ltr'><strong>Nec</strong></span> <span class='ocrx_word' id='word_1_180' title='bbox 1951 2094 2012 2186; x_wconf 75' lang='lat' dir='ltr'><strong>qul</strong></span> <span class='ocrx_word' id='word_1_181' title='bbox 2049 2096 2159 2189; x_wconf 82' lang='lat' dir='ltr'><strong>impia</strong></span> <span class='ocrx_word' id='word_1_182' title='bbox 2190 2102 2378 2175; x_wconf 82' lang='lat' dir='ltr'><strong>securitate</strong></span> 
     </span>
     <span class='ocr_line' id='line_1_15' title="bbox 341 2191 2379 2298; baseline 0.011 -45"><span class='ocrx_word' id='word_1_183' title='bbox 341 2196 1046 2287; x_wconf 59' lang='lat' dir='ltr'><strong>normaruentisdivinae‚urogrendag‚</strong></span> <span class='ocrx_word' id='word_1_184' title='bbox 1072 2216 1194 2273; x_wconf 58' lang='lat' dir='ltr'><strong>eres„</strong></span> <span class='ocrx_word' id='word_1_185' title='bbox 1208 2199 1337 2284; x_wconf 67' lang='lat' dir='ltr'><strong>Deum,</strong></span> <span class='ocrx_word' id='word_1_186' title='bbox 1388 2205 1500 2262; x_wconf 86' lang='lat' dir='ltr'><strong>ruunt</strong></span> <span class='ocrx_word' id='word_1_187' title='bbox 1523 2191 1560 2262; x_wconf 91' lang='lat' dir='ltr'><strong>in</strong></span> <span class='ocrx_word' id='word_1_188' title='bbox 1586 2193 1715 2262; x_wconf 88' lang='lat' dir='ltr'><strong>scelera</strong></span> <span class='ocrx_word' id='word_1_189' title='bbox 1738 2205 1861 2263; x_wconf 88' lang='lat' dir='ltr'><strong>contra</strong></span> <span class='ocrx_word' id='word_1_190' title='bbox 1893 2195 2157 2272; x_wconf 84' lang='lat' dir='ltr'><strong>conscientiam.</strong></span> <span class='ocrx_word' id='word_1_191' title='bbox 2214 2199 2288 2273; x_wconf 87' lang='lat' dir='ltr'><strong>Nec</strong></span> <span class='ocrx_word' id='word_1_192' title='bbox 2315 2203 2379 2298; x_wconf 90' lang='lat' dir='ltr'><strong>qui</strong></span> 
     </span>
     <span class='ocr_line' id='line_1_16' title="bbox 341 2293 2379 2393; baseline 0.01 -36"><span class='ocrx_word' id='word_1_193' title='bbox 341 2296 510 2390; x_wconf 58' lang='lat' dir='ltr'><strong>esquelio</strong></span> <span class='ocrx_word' id='word_1_194' title='bbox 524 2298 590 2384; x_wconf 67' lang='lat' dir='ltr'><strong>cit,</strong></span> <span class='ocrx_word' id='word_1_195' title='bbox 616 2312 651 2369; x_wconf 71' lang='lat' dir='ltr'><strong>ec</strong></span> <span class='ocrx_word' id='word_1_196' title='bbox 667 2301 763 2393; x_wconf 78' lang='lat' dir='ltr'><strong>quod</strong></span> <span class='ocrx_word' id='word_1_197' title='bbox 785 2302 1125 2393; x_wconf 59' lang='lat' dir='ltr'><strong>praecipiamur}</strong></span> <span class='ocrx_word' id='word_1_198' title='bbox 1142 2303 1336 2373; x_wconf 63' lang='lat' dir='ltr'><strong>discrimen</strong></span> <span class='ocrx_word' id='word_1_199' title='bbox 1388 2293 1557 2364; x_wconf 85' lang='lat' dir='ltr'><strong>invocant</strong></span> <span class='ocrx_word' id='word_1_200' title='bbox 1582 2296 1663 2362; x_wconf 89' lang='lat' dir='ltr'><strong>siue·</strong></span> <span class='ocrx_word' id='word_1_201' title='bbox 1679 2296 1859 2384; x_wconf 81' lang='lat' dir='ltr'><strong>agnitione</strong></span> <span class='ocrx_word' id='word_1_202' title='bbox 1883 2299 2105 2384; x_wconf 88' lang='lat' dir='ltr'><strong>mediatoris,</strong></span> <span class='ocrx_word' id='word_1_203' title='bbox 2138 2314 2172 2372; x_wconf 90' lang='lat' dir='ltr'><strong>et</strong></span> <span class='ocrx_word' id='word_1_204' title='bbox 2197 2303 2274 2376; x_wconf 89' lang='lat' dir='ltr'><strong>siue</strong></span> <span class='ocrx_word' id='word_1_205' title='bbox 2295 2328 2379 2378; x_wconf 84' lang='lat' dir='ltr'><strong>vera</strong></span> 
     </span>
     <span class='ocr_line' id='line_1_17' title="bbox 341 2391 2376 2498; baseline 0.006 -32"><span class='ocrx_word' id='word_1_206' title='bbox 341 2391 579 2469; x_wconf 85' lang='lat' dir='ltr'><strong>bonestorum</strong></span> <span class='ocrx_word' id='word_1_207' title='bbox 599 2412 635 2471; x_wconf 91' lang='lat' dir='ltr'><strong>et</strong></span> <span class='ocrx_word' id='word_1_208' title='bbox 656 2401 836 2491; x_wconf 88' lang='lat' dir='ltr'><strong>turpium,</strong></span> <span class='ocrx_word' id='word_1_209' title='bbox 868 2419 904 2475; x_wconf 90' lang='lat' dir='ltr'><strong>et</strong></span> <span class='ocrx_word' id='word_1_210' title='bbox 927 2407 1025 2498; x_wconf 79' lang='lat' dir='ltr'><strong>quod</strong></span> <span class='ocrx_word' id='word_1_211' title='bbox 1041 2405 1266 2478; x_wconf 65' lang='lat' dir='ltr'><strong>iudicaturus</strong></span> <span class='ocrx_word' id='word_1_212' title='bbox 1280 2405 1337 2490; x_wconf 75' lang='lat' dir='ltr'><strong>sit,</strong></span> <span class='ocrx_word' id='word_1_213' title='bbox 1388 2395 1468 2464; x_wconf 86' lang='lat' dir='ltr'><strong>lide.</strong></span> <span class='ocrx_word' id='word_1_214' title='bbox 1518 2395 1591 2466; x_wconf 85' lang='lat' dir='ltr'><strong>Nec</strong></span> <span class='ocrx_word' id='word_1_215' title='bbox 1606 2397 1668 2488; x_wconf 90' lang='lat' dir='ltr'><strong>qui</strong></span> <span class='ocrx_word' id='word_1_216' title='bbox 1685 2397 1883 2488; x_wconf 79' lang='lat' dir='ltr'><strong>excogitant</strong></span> <span class='ocrx_word' id='word_1_217' title='bbox 1897 2399 2012 2470; x_wconf 90' lang='lat' dir='ltr'><strong>cultus</strong></span> <span class='ocrx_word' id='word_1_218' title='bbox 2027 2417 2149 2474; x_wconf 87' lang='lat' dir='ltr'><strong>contra</strong></span> <span class='ocrx_word' id='word_1_219' title='bbox 2167 2408 2376 2478; x_wconf 88' lang='lat' dir='ltr'><strong>mandatum</strong></span> 
     </span>
     <span class='ocr_line' id='line_1_18' title="bbox 341 2492 2378 2602; baseline 0.011 -44"><span class='ocrx_word' id='word_1_220' title='bbox 341 2503 591 2592; x_wconf 54' lang='lat' dir='ltr'><strong>“puniturus</strong></span> <span class='ocrx_word' id='word_1_221' title='bbox 606 2503 745 2597; x_wconf 61' lang='lat' dir='ltr'><strong>eosqui</strong></span> <span class='ocrx_word' id='word_1_222' title='bbox 763 2527 838 2574; x_wconf 74' lang='lat' dir='ltr'><strong>non</strong></span> <span class='ocrx_word' id='word_1_223' title='bbox 861 2522 1015 2579; x_wconf 56' lang='lat' dir='ltr'><strong>mmm,</strong></span> <span class='ocrx_word' id='word_1_224' title='bbox 1387 2492 1465 2565; x_wconf 88' lang='lat' dir='ltr'><strong>Dei.</strong></span> <span class='ocrx_word' id='word_1_225' title='bbox 1542 2498 1615 2568; x_wconf 88' lang='lat' dir='ltr'><strong>Nee</strong></span> <span class='ocrx_word' id='word_1_226' title='bbox 1655 2497 1716 2592; x_wconf 90' lang='lat' dir='ltr'><strong>qui</strong></span> <span class='ocrx_word' id='word_1_227' title='bbox 1753 2513 1985 2572; x_wconf 88' lang='lat' dir='ltr'><strong>contemnunt</strong></span> <span class='ocrx_word' id='word_1_228' title='bbox 2017 2517 2076 2574; x_wconf 85' lang='lat' dir='ltr'><strong>aul</strong></span> <span class='ocrx_word' id='word_1_229' title='bbox 2114 2520 2378 2602; x_wconf 84' lang='lat' dir='ltr'><strong>persequuntur</strong></span> 
     </span>
    </p>

    <p class='ocr_par' dir='ltr' id='par_1_4' title="bbox 342 2593 2379 3105">
     <span class='ocr_line' id='line_1_19' title="bbox 446 2593 2376 2702; baseline 0.009 -38"><span class='ocrx_word' id='word_1_230' title='bbox 446 2601 602 2674; x_wconf 72' lang='lat' dir='ltr'><strong>Addidit</strong></span> <span class='ocrx_word' id='word_1_231' title='bbox 618 2619 735 2675; x_wconf 70' lang='lat' dir='ltr'><strong>aurem</strong></span> <span class='ocrx_word' id='word_1_232' title='bbox 753 2602 888 2678; x_wconf 56' lang='lat' dir='ltr'><strong>Paulus</strong></span> <span class='ocrx_word' id='word_1_233' title='bbox 905 2609 1052 2680; x_wconf 54' lang='lat' dir='ltr'><strong>dicerem</strong></span> <span class='ocrx_word' id='word_1_234' title='bbox 1078 2607 1176 2681; x_wconf 57' lang='lat' dir='ltr'><strong>neus</strong></span> <span class='ocrx_word' id='word_1_235' title='bbox 1191 2611 1243 2680; x_wconf 58' lang='grc' dir='ltr'><strong>εἰς</strong></span> <span class='ocrx_word' id='word_1_236' title='bbox 1258 2633 1336 2680; x_wconf 67' lang='lat' dir='ltr'><strong>ma.</strong></span> <span class='ocrx_word' id='word_1_237' title='bbox 1386 2593 1635 2688; x_wconf 78' lang='lat' dir='ltr'><strong>Evangelium.</strong></span> <span class='ocrx_word' id='word_1_238' title='bbox 1697 2599 1861 2694; x_wconf 82' lang='lat' dir='ltr'><strong>Denique</strong></span> <span class='ocrx_word' id='word_1_239' title='bbox 1897 2619 1936 2673; x_wconf 91' lang='lat' dir='ltr'><strong>ut</strong></span> <span class='ocrx_word' id='word_1_240' title='bbox 1965 2618 2046 2672; x_wconf 91' lang='lat' dir='ltr'><strong>aute</strong></span> <span class='ocrx_word' id='word_1_241' title='bbox 2068 2607 2161 2692; x_wconf 86' lang='lat' dir='ltr'><strong>dixi,</strong></span> <span class='ocrx_word' id='word_1_242' title='bbox 2194 2609 2376 2702; x_wconf 82' lang='lat' dir='ltr'><strong>catalogus</strong></span> 
     </span>
     <span class='ocr_line' id='line_1_20' title="bbox 342 2700 2377 2802; baseline 0.004 -28"><span class='ocrx_word' id='word_1_243' title='bbox 342 2703 546 2790; x_wconf 84' lang='lat' dir='ltr'><strong>nilestavit,</strong></span> <span class='ocrx_word' id='word_1_244' title='bbox 570 2705 609 2774; x_wconf 91' lang='lat' dir='ltr'><strong>id</strong></span> <span class='ocrx_word' id='word_1_245' title='bbox 634 2721 704 2792; x_wconf 80' lang='lat' dir='ltr'><strong>est,</strong></span> <span class='ocrx_word' id='word_1_246' title='bbox 727 2709 860 2802; x_wconf 75' lang='lat' dir='ltr'><strong>duplex</strong></span> <span class='ocrx_word' id='word_1_247' title='bbox 877 2711 1000 2780; x_wconf 66' lang='lat' dir='ltr'><strong>lumen</strong></span> <span class='ocrx_word' id='word_1_248' title='bbox 1017 2711 1173 2783; x_wconf 73' lang='lat' dir='ltr'><strong>indicum</strong></span> <span class='ocrx_word' id='word_1_249' title='bbox 1198 2726 1249 2782; x_wconf 64' lang='lat' dir='ltr'><strong>ecc</strong></span> <span class='ocrx_word' id='word_1_250' title='bbox 1263 2707 1337 2781; x_wconf 79' lang='lat' dir='ltr'><strong>hu·</strong></span> <span class='ocrx_word' id='word_1_251' title='bbox 1387 2717 1549 2773; x_wconf 86' lang='lat' dir='ltr'><strong>sumatur</strong></span> <span class='ocrx_word' id='word_1_252' title='bbox 1566 2725 1606 2771; x_wconf 82' lang='lat' dir='ltr'><strong>ex</strong></span> <span class='ocrx_word' id='word_1_253' title='bbox 1626 2705 1850 2773; x_wconf 82' lang='lat' dir='ltr'><strong>enarratione</strong></span> <span class='ocrx_word' id='word_1_254' title='bbox 1866 2700 2044 2800; x_wconf 86' lang='lat' dir='ltr'><strong>Decalogi.¹</strong></span> <span class='ocrx_word' id='word_1_255' title='bbox 2099 2703 2170 2777; x_wconf 89' lang='lat' dir='ltr'><strong>lam</strong></span> <span class='ocrx_word' id='word_1_256' title='bbox 2186 2709 2321 2801; x_wconf 88' lang='lat' dir='ltr'><strong>cogita,</strong></span> <span class='ocrx_word' id='word_1_257' title='bbox 2336 2713 2377 2783; x_wconf 89' lang='lat' dir='ltr'><strong>iu</strong></span> 
     </span>
     <span class='ocr_line' id='line_1_21' title="bbox 343 2799 2379 2907; baseline 0.004 -31"><span class='ocrx_word' id='word_1_258' title='bbox 343 2807 461 2876; x_wconf 89' lang='lat' dir='ltr'><strong>manis</strong></span> <span class='ocrx_word' id='word_1_259' title='bbox 475 2809 663 2881; x_wconf 86' lang='lat' dir='ltr'><strong>ruentibus.</strong></span> <span class='ocrx_word' id='word_1_260' title='bbox 715 2807 854 2881; x_wconf 81' lang='lat' dir='ltr'><strong>Noricis</strong></span> <span class='ocrx_word' id='word_1_261' title='bbox 869 2813 1039 2903; x_wconf 81' lang='lat' dir='ltr'><strong>simplex,</strong></span> <span class='ocrx_word' id='word_1_262' title='bbox 1055 2819 1151 2907; x_wconf 85' lang='lat' dir='ltr'><strong>qccod</strong></span> <span class='ocrx_word' id='word_1_263' title='bbox 1169 2815 1215 2885; x_wconf 82' lang='lat' dir='ltr'><strong>sit</strong></span> <span class='ocrx_word' id='word_1_264' title='bbox 1228 2811 1335 2898; x_wconf 86' lang='lat' dir='ltr'><strong>Deus,</strong></span> <span class='ocrx_word' id='word_1_265' title='bbox 1387 2818 1464 2875; x_wconf 88' lang='lat' dir='ltr'><strong>toto</strong></span> <span class='ocrx_word' id='word_1_266' title='bbox 1482 2827 1610 2892; x_wconf 83' lang='lat' dir='ltr'><strong>genere</strong></span> <span class='ocrx_word' id='word_1_267' title='bbox 1634 2799 1813 2890; x_wconf 91' lang='lat' dir='ltr'><strong>humano,</strong></span> <span class='ocrx_word' id='word_1_268' title='bbox 1840 2829 1946 2899; x_wconf 91' lang='lat' dir='ltr'><strong>quam</strong></span> <span class='ocrx_word' id='word_1_269' title='bbox 1972 2803 2194 2880; x_wconf 86' lang='lat' dir='ltr'><strong>horribiliter</strong></span> <span class='ocrx_word' id='word_1_270' title='bbox 2216 2832 2379 2902; x_wconf 83' lang='lat' dir='ltr'><strong>grassen-</strong></span> 
     </span>
     <span class='ocr_line' id='line_1_22' title="bbox 343 2905 2376 3004; baseline 0.004 -27"><span class='ocrx_word' id='word_1_271' title='bbox 343 2921 375 2980; x_wconf 91' lang='lat' dir='ltr'><strong>et</strong></span> <span class='ocrx_word' id='word_1_272' title='bbox 401 2909 650 2990; x_wconf 81' lang='lat' dir='ltr'><strong>ratiocinatio,</strong></span> <span class='ocrx_word' id='word_1_273' title='bbox 685 2933 863 3004; x_wconf 78' lang='lat' dir='ltr'><strong>qnaerem</strong></span> <span class='ocrx_word' id='word_1_274' title='bbox 894 2915 1113 2988; x_wconf 61' lang='lat' dir='ltr'><strong>testimonia·</strong></span> <span class='ocrx_word' id='word_1_275' title='bbox 1132 2917 1175 2988; x_wconf 68' lang='lat' dir='ltr'><strong>in</strong></span> <span class='ocrx_word' id='word_1_276' title='bbox 1206 2917 1335 2988; x_wconf 70' lang='lat' dir='ltr'><strong>ordine</strong></span> <span class='ocrx_word' id='word_1_277' title='bbox 1387 2917 1447 2977; x_wconf 87' lang='lat' dir='ltr'><strong>tur</strong></span> <span class='ocrx_word' id='word_1_278' title='bbox 1476 2905 1691 2997; x_wconf 87' lang='lat' dir='ltr'><strong>multiplices</strong></span> <span class='ocrx_word' id='word_1_279' title='bbox 1715 2905 1851 2976; x_wconf 81' lang='lat' dir='ltr'><strong>huores</strong></span> <span class='ocrx_word' id='word_1_280' title='bbox 1880 2921 2002 2978; x_wconf 87' lang='lat' dir='ltr'><strong>contra</strong></span> <span class='ocrx_word' id='word_1_281' title='bbox 2028 2911 2178 2998; x_wconf 88' lang='lat' dir='ltr'><strong>primam</strong></span> <span class='ocrx_word' id='word_1_282' title='bbox 2205 2915 2376 2986; x_wconf 86' lang='lat' dir='ltr'><strong>tabulam.</strong></span> 
     </span>
     <span class='ocr_line' id='line_1_23' title="bbox 347 3001 2379 3105; baseline 0.006 -29"><span class='ocrx_word' id='word_1_283' title='bbox 347 3022 598 3084; x_wconf 77' lang='lat' dir='ltr'><strong>ereaturarum.</strong></span> <span class='ocrx_word' id='word_1_284' title='bbox 1388 3001 1633 3097; x_wconf 81' lang='lat' dir='ltr'><strong>Agnoscamus</strong></span> <span class='ocrx_word' id='word_1_285' title='bbox 1648 3020 1683 3077; x_wconf 90' lang='lat' dir='ltr'><strong>et</strong></span> <span class='ocrx_word' id='word_1_286' title='bbox 1706 3007 1931 3079; x_wconf 86' lang='lat' dir='ltr'><strong>infirmitates</strong></span> <span class='ocrx_word' id='word_1_287' title='bbox 1947 3026 2105 3100; x_wconf 90' lang='lat' dir='ltr'><strong>nostras,</strong></span> <span class='ocrx_word' id='word_1_288' title='bbox 2121 3015 2204 3105; x_wconf 89' lang='lat' dir='ltr'><strong>quia</strong></span> <span class='ocrx_word' id='word_1_289' title='bbox 2223 3015 2329 3087; x_wconf 87' lang='lat' dir='ltr'><strong>timor</strong></span> <span class='ocrx_word' id='word_1_290' title='bbox 2344 3008 2379 3090; x_wconf 83' lang='lat' dir='ltr'><strong>e&#39;c</strong></span> 
     </span>
    </p>

    <p class='ocr_par' dir='ltr' id='par_1_5' title="bbox 305 3109 2564 6035">
     <span class='ocr_line' id='line_1_24' title="bbox 713 3109 2378 3208; baseline 0.011 -39"><span class='ocrx_word' id='word_1_291' title='bbox 713 3175 722 3196; x_wconf 35' lang='lat'><strong>⁴</strong></span> <span class='ocrx_word' id='word_1_292' title='bbox 794 3175 802 3195; x_wconf 39' lang='lat'>⁸</span> <span class='ocrx_word' id='word_1_293' title='bbox 999 3177 1008 3197; x_wconf 59' lang='lat'>‚</span> <span class='ocrx_word' id='word_1_294' title='bbox 1386 3109 1491 3191; x_wconf 81' lang='lat' dir='ltr'><strong>fides,</strong></span> <span class='ocrx_word' id='word_1_295' title='bbox 1524 3111 1668 3183; x_wconf 87' lang='lat' dir='ltr'><strong>etaliae</strong></span> <span class='ocrx_word' id='word_1_296' title='bbox 1692 3109 1857 3195; x_wconf 88' lang='lat' dir='ltr'><strong>virtutes,</strong></span> <span class='ocrx_word' id='word_1_297' title='bbox 1884 3111 2104 3185; x_wconf 86' lang='lat' dir='ltr'><strong>multusunt</strong></span> <span class='ocrx_word' id='word_1_298' title='bbox 2126 3114 2378 3208; x_wconf 87' lang='lat' dir='ltr'><strong>languidiores,</strong></span> 
     </span>
     <span class='ocr_line' id='line_1_25' title="bbox 307 3171 1860 3304; baseline 0.002 -25"><span class='ocrx_word' id='word_1_299' title='bbox 307 3256 308 3279; x_wconf 51' lang='grc' dir='ltr'>ι</span> <span class='ocrx_word' id='word_1_300' title='bbox 607 3171 662 3250; x_wconf 61' lang='grc' dir='ltr'><em>Ψ</em></span> <span class='ocrx_word' id='word_1_301' title='bbox 685 3185 762 3247; x_wconf 65' lang='lat'><strong>⁸¹⁶¹</strong></span> <span class='ocrx_word' id='word_1_302' title='bbox 786 3177 1073 3260; x_wconf 47' lang='lat' dir='ltr'><strong>&#39;mumadam</strong></span> <span class='ocrx_word' id='word_1_303' title='bbox 1386 3235 1491 3304; x_wconf 89' lang='lat' dir='ltr'><strong>quam</strong></span> <span class='ocrx_word' id='word_1_304' title='bbox 1509 3235 1582 3280; x_wconf 89' lang='lat' dir='ltr'><strong>esse</strong></span> <span class='ocrx_word' id='word_1_305' title='bbox 1600 3213 1776 3283; x_wconf 83' lang='lat' dir='ltr'><strong>debebant</strong></span> <span class='ocrx_word' id='word_1_306' title='bbox 1792 3227 1860 3284; x_wconf 89' lang='lat' dir='ltr'><strong>etc.</strong></span> 
     </span>
     <span class='ocr_line' id='line_1_26' title="bbox 306 3302 2377 3412; baseline 0.007 -35"><span class='ocrx_word' id='word_1_307' title='bbox 306 3302 309 3391; x_wconf 69' lang='lat' dir='ltr'><strong>l</strong></span> <span class='ocrx_word' id='word_1_308' title='bbox 442 3305 515 3378; x_wconf 83' lang='lat' dir='ltr'><strong>Hie</strong></span> <span class='ocrx_word' id='word_1_309' title='bbox 530 3309 716 3381; x_wconf 88' lang='lat' dir='ltr'><strong>sciendum</strong></span> <span class='ocrx_word' id='word_1_310' title='bbox 731 3326 802 3397; x_wconf 85' lang='lat' dir='ltr'><strong>est,</strong></span> <span class='ocrx_word' id='word_1_311' title='bbox 828 3329 973 3407; x_wconf 90' lang='lat' dir='ltr'><strong>propter</strong></span> <span class='ocrx_word' id='word_1_312' title='bbox 988 3337 1077 3409; x_wconf 83' lang='lat' dir='ltr'><strong>qccas</strong></span> <span class='ocrx_word' id='word_1_313' title='bbox 1098 3333 1219 3383; x_wconf 86' lang='lat' dir='ltr'><strong>causas</strong></span> <span class='ocrx_word' id='word_1_314' title='bbox 1234 3310 1334 3383; x_wconf 90' lang='lat' dir='ltr'><strong>Deus</strong></span> <span class='ocrx_word' id='word_1_315' title='bbox 1489 3312 1632 3384; x_wconf 88' lang='lat' dir='ltr'><strong>Gratias</strong></span> <span class='ocrx_word' id='word_1_316' title='bbox 1655 3338 1757 3405; x_wconf 89' lang='lat' dir='ltr'><strong>agere</strong></span> <span class='ocrx_word' id='word_1_317' title='bbox 1780 3325 1939 3412; x_wconf 71' lang='lat' dir='ltr'><strong>estpars</strong></span> <span class='ocrx_word' id='word_1_318' title='bbox 1964 3313 2251 3404; x_wconf 82' lang='lat' dir='ltr'><strong>glorificationis,</strong></span> <span class='ocrx_word' id='word_1_319' title='bbox 2277 3319 2377 3392; x_wconf 88' lang='lat' dir='ltr'><strong>vide-</strong></span> 
     </span>
     <span class='ocr_line' id='line_1_27' title="bbox 349 3404 2375 3516; baseline 0.006 -37"><span class='ocrx_word' id='word_1_320' title='bbox 349 3407 382 3481; x_wconf 89' lang='lat' dir='ltr'><strong>in</strong></span> <span class='ocrx_word' id='word_1_321' title='bbox 402 3404 553 3484; x_wconf 89' lang='lat' dir='ltr'><strong>bomine</strong></span> <span class='ocrx_word' id='word_1_322' title='bbox 570 3413 724 3485; x_wconf 82' lang='lat' dir='ltr'><strong>voluerit</strong></span> <span class='ocrx_word' id='word_1_323' title='bbox 743 3414 917 3508; x_wconf 85' lang='lat' dir='ltr'><strong>reliquam</strong></span> <span class='ocrx_word' id='word_1_324' title='bbox 941 3441 1015 3487; x_wconf 92' lang='lat' dir='ltr'><strong>esse</strong></span> <span class='ocrx_word' id='word_1_325' title='bbox 1040 3416 1124 3505; x_wconf 87' lang='lat' dir='ltr'><strong>legis</strong></span> <span class='ocrx_word' id='word_1_326' title='bbox 1144 3414 1333 3516; x_wconf 81' lang='lat' dir='ltr'><strong>noticiam,</strong></span> <span class='ocrx_word' id='word_1_327' title='bbox 1385 3411 1466 3485; x_wconf 88' lang='lat' dir='ltr'><strong>licet</strong></span> <span class='ocrx_word' id='word_1_328' title='bbox 1489 3439 1695 3507; x_wconf 87' lang='lat' dir='ltr'><strong>agnoscere,</strong></span> <span class='ocrx_word' id='word_1_329' title='bbox 1728 3419 1822 3509; x_wconf 90' lang='lat' dir='ltr'><strong>quod</strong></span> <span class='ocrx_word' id='word_1_330' title='bbox 1848 3441 1920 3485; x_wconf 81' lang='lat' dir='ltr'><strong>crou</strong></span> <span class='ocrx_word' id='word_1_331' title='bbox 1946 3418 1989 3487; x_wconf 89' lang='lat' dir='ltr'><strong>sit</strong></span> <span class='ocrx_word' id='word_1_332' title='bbox 2019 3417 2154 3487; x_wconf 88' lang='lat' dir='ltr'><strong>uliusus</strong></span> <span class='ocrx_word' id='word_1_333' title='bbox 2177 3414 2289 3510; x_wconf 82' lang='lat' dir='ltr'><strong>Deus,</strong></span> <span class='ocrx_word' id='word_1_334' title='bbox 2314 3425 2375 3493; x_wconf 89' lang='lat' dir='ltr'><strong>sed</strong></span> 
     </span>
     <span class='ocr_line' id='line_1_28' title="bbox 306 3514 2374 3616; baseline 0.006 -33"><span class='ocrx_word' id='word_1_335' title='bbox 306 3553 308 3616; x_wconf 55' lang='grc' dir='ltr'>ς</span> <span class='ocrx_word' id='word_1_336' title='bbox 350 3538 494 3607; x_wconf 81' lang='lat' dir='ltr'><strong>quarum</strong></span> <span class='ocrx_word' id='word_1_337' title='bbox 518 3514 631 3607; x_wconf 89' lang='lat' dir='ltr'><strong>prima</strong></span> <span class='ocrx_word' id='word_1_338' title='bbox 656 3530 729 3606; x_wconf 89' lang='lat' dir='ltr'><strong>est,</strong></span> <span class='ocrx_word' id='word_1_339' title='bbox 756 3532 795 3588; x_wconf 92' lang='lat' dir='ltr'><strong>ut</strong></span> <span class='ocrx_word' id='word_1_340' title='bbox 811 3532 903 3589; x_wconf 84' lang='lat' dir='ltr'><strong>extet</strong></span> <span class='ocrx_word' id='word_1_341' title='bbox 928 3520 1170 3591; x_wconf 90' lang='lat' dir='ltr'><strong>testimonium</strong></span> <span class='ocrx_word' id='word_1_342' title='bbox 1192 3520 1236 3586; x_wconf 91' lang='lat' dir='ltr'><strong>de</strong></span> <span class='ocrx_word' id='word_1_343' title='bbox 1253 3518 1332 3589; x_wconf 87' lang='lat' dir='ltr'><strong>Deo</strong></span> <span class='ocrx_word' id='word_1_344' title='bbox 1385 3542 1467 3587; x_wconf 84' lang='lat' dir='ltr'><strong>vere</strong></span> <span class='ocrx_word' id='word_1_345' title='bbox 1484 3543 1550 3589; x_wconf 89' lang='lat' dir='ltr'><strong>nos</strong></span> <span class='ocrx_word' id='word_1_346' title='bbox 1566 3534 1681 3603; x_wconf 83' lang='lat' dir='ltr'><strong>curel,</strong></span> <span class='ocrx_word' id='word_1_347' title='bbox 1708 3522 1889 3602; x_wconf 79' lang='lat' dir='ltr'><strong>exaudiat,</strong></span> <span class='ocrx_word' id='word_1_348' title='bbox 1917 3520 2013 3589; x_wconf 80' lang='lat' dir='ltr'><strong>iuvet</strong></span> <span class='ocrx_word' id='word_1_349' title='bbox 2038 3542 2131 3589; x_wconf 82' lang='lat' dir='ltr'><strong>recte</strong></span> <span class='ocrx_word' id='word_1_350' title='bbox 2155 3522 2374 3610; x_wconf 86' lang='lat' dir='ltr'><strong>invocantes,</strong></span> 
     </span>
     <span class='ocr_line' id='line_1_29' title="bbox 306 3614 2376 3709; baseline 0.007 -28"><span class='ocrx_word' id='word_1_351' title='bbox 306 3635 307 3658; x_wconf 59' lang='grc' dir='ltr'>ι</span> <span class='ocrx_word' id='word_1_352' title='bbox 349 3614 518 3691; x_wconf 84' lang='lat' dir='ltr'><strong>innubis.</strong></span> <span class='ocrx_word' id='word_1_353' title='bbox 568 3616 752 3706; x_wconf 80' lang='lat' dir='ltr'><strong>secunda,</strong></span> <span class='ocrx_word' id='word_1_354' title='bbox 788 3635 828 3693; x_wconf 92' lang='lat' dir='ltr'><strong>ut</strong></span> <span class='ocrx_word' id='word_1_355' title='bbox 847 3636 985 3693; x_wconf 86' lang='lat' dir='ltr'><strong>accuset</strong></span> <span class='ocrx_word' id='word_1_356' title='bbox 1010 3636 1044 3693; x_wconf 92' lang='lat' dir='ltr'><strong>et</strong></span> <span class='ocrx_word' id='word_1_357' title='bbox 1074 3624 1218 3691; x_wconf 86' lang='lat' dir='ltr'><strong>damnet</strong></span> <span class='ocrx_word' id='word_1_358' title='bbox 1248 3643 1331 3709; x_wconf 88' lang='lat' dir='ltr'><strong>pec·</strong></span> <span class='ocrx_word' id='word_1_359' title='bbox 1385 3632 1419 3689; x_wconf 90' lang='lat' dir='ltr'><strong>et</strong></span> <span class='ocrx_word' id='word_1_360' title='bbox 1437 3616 1527 3689; x_wconf 91' lang='lat' dir='ltr'><strong>banc</strong></span> <span class='ocrx_word' id='word_1_361' title='bbox 1546 3623 1739 3692; x_wconf 86' lang='lat' dir='ltr'><strong>bonitatem</strong></span> <span class='ocrx_word' id='word_1_362' title='bbox 1757 3622 1955 3706; x_wconf 88' lang='lat' dir='ltr'><strong>celebrare,</strong></span> <span class='ocrx_word' id='word_1_363' title='bbox 1982 3634 2016 3693; x_wconf 90' lang='lat' dir='ltr'><strong>et</strong></span> <span class='ocrx_word' id='word_1_364' title='bbox 2031 3646 2097 3691; x_wconf 90' lang='lat' dir='ltr'><strong>nos</strong></span> <span class='ocrx_word' id='word_1_365' title='bbox 2114 3618 2191 3694; x_wconf 90' lang='lat' dir='ltr'><strong>Deo</strong></span> <span class='ocrx_word' id='word_1_366' title='bbox 2209 3650 2376 3697; x_wconf 85' lang='lat' dir='ltr'><strong>reveren-</strong></span> 
     </span>
     <span class='ocr_line' id='line_1_30' title="bbox 305 3705 1958 3814; baseline 0.006 -29"><span class='ocrx_word' id='word_1_367' title='bbox 305 3705 308 3726; x_wconf 88' lang='lat'>&#39;</span> <span class='ocrx_word' id='word_1_368' title='bbox 348 3730 429 3792; x_wconf 88' lang='lat' dir='ltr'><strong>cata.</strong></span> <span class='ocrx_word' id='word_1_369' title='bbox 482 3716 629 3808; x_wconf 85' lang='lat' dir='ltr'><strong>Tertia,</strong></span> <span class='ocrx_word' id='word_1_370' title='bbox 656 3733 696 3790; x_wconf 92' lang='lat' dir='ltr'><strong>ut</strong></span> <span class='ocrx_word' id='word_1_371' title='bbox 717 3736 814 3810; x_wconf 76' lang='lat' dir='ltr'><strong>regat</strong></span> <span class='ocrx_word' id='word_1_372' title='bbox 838 3722 1075 3814; x_wconf 87' lang='lat' dir='ltr'><strong>disciplinam.</strong></span> <span class='ocrx_word' id='word_1_373' title='bbox 1129 3721 1255 3793; x_wconf 87' lang='lat' dir='ltr'><strong>Postea</strong></span> <span class='ocrx_word' id='word_1_374' title='bbox 1274 3745 1331 3791; x_wconf 88' lang='lat' dir='ltr'><strong>re·</strong></span> <span class='ocrx_word' id='word_1_375' title='bbox 1383 3730 1438 3791; x_wconf 87' lang='lat' dir='ltr'><strong>tec</strong></span> <span class='ocrx_word' id='word_1_376' title='bbox 1456 3724 1632 3793; x_wconf 89' lang='lat' dir='ltr'><strong>subiicere</strong></span> <span class='ocrx_word' id='word_1_377' title='bbox 1649 3740 1681 3793; x_wconf 93' lang='lat' dir='ltr'><strong>et</strong></span> <span class='ocrx_word' id='word_1_378' title='bbox 1699 3724 1958 3811; x_wconf 89' lang='lat' dir='ltr'><strong>eumdiligere.</strong></span> 
     </span>
     <span class='ocr_line' id='line_1_31' title="bbox 348 3820 2230 3915; baseline 0.003 -28"><span class='ocrx_word' id='word_1_379' title='bbox 348 3820 552 3891; x_wconf 88' lang='lat' dir='ltr'><strong>natisetiam</strong></span> <span class='ocrx_word' id='word_1_380' title='bbox 566 3842 658 3913; x_wconf 92' lang='lat' dir='ltr'><strong>opus</strong></span> <span class='ocrx_word' id='word_1_381' title='bbox 673 3834 724 3893; x_wconf 87' lang='lat' dir='ltr'><strong>est</strong></span> <span class='ocrx_word' id='word_1_382' title='bbox 738 3822 941 3913; x_wconf 83' lang='lat' dir='ltr'><strong>cognitione</strong></span> <span class='ocrx_word' id='word_1_383' title='bbox 956 3820 1138 3915; x_wconf 86' lang='lat' dir='ltr'><strong>Decalogi,</strong></span> <span class='ocrx_word' id='word_1_384' title='bbox 1154 3837 1194 3895; x_wconf 90' lang='lat' dir='ltr'><strong>ut</strong></span> <span class='ocrx_word' id='word_1_385' title='bbox 1208 3822 1332 3910; x_wconf 89' lang='lat' dir='ltr'><strong>sciant,</strong></span> <span class='ocrx_word' id='word_1_386' title='bbox 1801 3890 1808 3905; x_wconf 83' lang='grc'>,</span> <span class='ocrx_word' id='word_1_387' title='bbox 1843 3888 1851 3904; x_wconf 88' lang='grc'><em>,</em></span> <span class='ocrx_word' id='word_1_388' title='bbox 2225 3850 2230 3873; x_wconf 71' lang='lat'><em>⁴</em></span> 
     </span>
     <span class='ocr_line' id='line_1_32' title="bbox 305 3884 2084 4045; baseline 0.002 -54"><span class='ocrx_word' id='word_1_389' title='bbox 305 3973 307 3982; x_wconf 87' lang='lat'><strong>.</strong></span> <span class='ocrx_word' id='word_1_390' title='bbox 348 3920 404 4014; x_wconf 86' lang='lat' dir='ltr'><strong>qui</strong></span> <span class='ocrx_word' id='word_1_391' title='bbox 419 3923 539 3995; x_wconf 89' lang='lat' dir='ltr'><strong>cultus</strong></span> <span class='ocrx_word' id='word_1_392' title='bbox 553 3920 630 3994; x_wconf 89' lang='lat' dir='ltr'><strong>Deo</strong></span> <span class='ocrx_word' id='word_1_393' title='bbox 647 3924 821 4015; x_wconf 90' lang='lat' dir='ltr'><strong>placeant.</strong></span> <span class='ocrx_word' id='word_1_394' title='bbox 1558 4025 1568 4045; x_wconf 25' lang='grc' dir='ltr'><em>ὑ</em></span> <span class='ocrx_word' id='word_1_395' title='bbox 1681 3884 1862 3961; x_wconf 57' lang='lat' dir='ltr'><strong>Ym‘hd‘l</strong></span> <span class='ocrx_word' id='word_1_396' title='bbox 1886 3912 1946 3959; x_wconf 75' lang='lat'><strong>⁶⁰⁸</strong></span> <span class='ocrx_word' id='word_1_397' title='bbox 1965 3884 2084 3961; x_wconf 62' lang='lat' dir='ltr'><strong>Dm·</strong></span> 
     </span>
     <span class='ocr_line' id='line_1_33' title="bbox 617 4024 2373 4222; baseline 0 -23"><span class='ocrx_word' id='word_1_398' title='bbox 617 4085 710 4165; x_wconf 82' lang='lat' dir='ltr'><strong>u..</strong></span> <span class='ocrx_word' id='word_1_399' title='bbox 729 4088 1045 4189; x_wconf 63' lang='lat' dir='ltr'><strong>...mmm</strong></span> <span class='ocrx_word' id='word_1_400' title='bbox 1382 4024 2180 4222; x_wconf 55' lang='lat' dir='ltr'><strong>a„,ltztttth&#39;ttlttttlttf</strong></span> <span class='ocrx_word' id='word_1_401' title='bbox 2213 4040 2373 4200; x_wconf 61' lang='lat' dir='ltr'><strong>pilii}</strong></span> 
     </span>
     <span class='ocr_line' id='line_1_34' title="bbox 440 4226 2371 4323; baseline 0.002 -24"><span class='ocrx_word' id='word_1_402' title='bbox 440 4226 606 4299; x_wconf 88' lang='lat' dir='ltr'><strong>Primum</strong></span> <span class='ocrx_word' id='word_1_403' title='bbox 633 4244 774 4301; x_wconf 85' lang='lat' dir='ltr'><strong>accusat</strong></span> <span class='ocrx_word' id='word_1_404' title='bbox 804 4229 1032 4319; x_wconf 88' lang='lat' dir='ltr'><strong>impietatem.</strong></span> <span class='ocrx_word' id='word_1_405' title='bbox 1098 4227 1146 4301; x_wconf 79' lang='lat' dir='ltr'><strong>Et</strong></span> <span class='ocrx_word' id='word_1_406' title='bbox 1174 4232 1331 4321; x_wconf 88' lang='lat' dir='ltr'><strong>comple·</strong></span> <span class='ocrx_word' id='word_1_407' title='bbox 1382 4232 1544 4323; x_wconf 88' lang='lat' dir='ltr'><strong>sequitur</strong></span> <span class='ocrx_word' id='word_1_408' title='bbox 1569 4232 1746 4303; x_wconf 86' lang='lat' dir='ltr'><strong>accusatio</strong></span> <span class='ocrx_word' id='word_1_409' title='bbox 1765 4230 1937 4299; x_wconf 90' lang='lat' dir='ltr'><strong>scelerum</strong></span> <span class='ocrx_word' id='word_1_410' title='bbox 1959 4240 2080 4299; x_wconf 88' lang='lat' dir='ltr'><strong>contra</strong></span> <span class='ocrx_word' id='word_1_411' title='bbox 2104 4234 2293 4299; x_wconf 87' lang='lat' dir='ltr'><strong>secundam</strong></span> <span class='ocrx_word' id='word_1_412' title='bbox 2318 4245 2371 4302; x_wconf 82' lang='lat' dir='ltr'><strong>ta·</strong></span> 
     </span>
     <span class='ocr_line' id='line_1_35' title="bbox 344 4325 2372 4429; baseline 0 -28"><span class='ocrx_word' id='word_1_413' title='bbox 344 4332 563 4401; x_wconf 70' lang='lat' dir='ltr'><strong>cleodemus</strong></span> <span class='ocrx_word' id='word_1_414' title='bbox 580 4325 640 4400; x_wconf 89' lang='lat' dir='ltr'><strong>hic</strong></span> <span class='ocrx_word' id='word_1_415' title='bbox 653 4333 774 4400; x_wconf 90' lang='lat' dir='ltr'><strong>omnia</strong></span> <span class='ocrx_word' id='word_1_416' title='bbox 790 4344 930 4422; x_wconf 87' lang='lat' dir='ltr'><strong>peccata</strong></span> <span class='ocrx_word' id='word_1_417' title='bbox 950 4333 1143 4429; x_wconf 67' lang='lat' dir='ltr'><strong>pugnantia</strong></span> <span class='ocrx_word' id='word_1_418' title='bbox 1158 4356 1238 4403; x_wconf 89' lang='lat' dir='ltr'><strong>cum</strong></span> <span class='ocrx_word' id='word_1_419' title='bbox 1256 4333 1330 4423; x_wconf 91' lang='lat' dir='ltr'><strong>pri·</strong></span> <span class='ocrx_word' id='word_1_420' title='bbox 1381 4334 1515 4403; x_wconf 87' lang='lat' dir='ltr'><strong>hulam.</strong></span> <span class='ocrx_word' id='word_1_421' title='bbox 1567 4334 1661 4423; x_wconf 78' lang='lat' dir='ltr'><strong>Quia</strong></span> <span class='ocrx_word' id='word_1_422' title='bbox 1677 4336 1821 4427; x_wconf 86' lang='lat' dir='ltr'><strong>quando</strong></span> <span class='ocrx_word' id='word_1_423' title='bbox 1838 4332 1944 4401; x_wconf 89' lang='lat' dir='ltr'><strong>corda</strong></span> <span class='ocrx_word' id='word_1_424' title='bbox 1962 4342 2037 4401; x_wconf 84' lang='lat' dir='ltr'><strong>bon</strong></span> <span class='ocrx_word' id='word_1_425' title='bbox 2054 4348 2229 4419; x_wconf 88' lang='lat' dir='ltr'><strong>reguntur</strong></span> <span class='ocrx_word' id='word_1_426' title='bbox 2245 4354 2265 4397; x_wconf 86' lang='lat' dir='ltr'><strong>a</strong></span> <span class='ocrx_word' id='word_1_427' title='bbox 2283 4327 2372 4409; x_wconf 87' lang='lat' dir='ltr'><strong>Deo.</strong></span> 
     </span>
     <span class='ocr_line' id='line_1_36' title="bbox 344 4431 2369 4526; baseline 0 -25"><span class='ocrx_word' id='word_1_428' title='bbox 344 4431 574 4516; x_wconf 75' lang='lat' dir='ltr'><strong>na&#39;l&#39;abula,</strong></span> <span class='ocrx_word' id='word_1_429' title='bbox 601 4448 758 4526; x_wconf 79' lang='lat' dir='ltr'><strong>quorum</strong></span> <span class='ocrx_word' id='word_1_430' title='bbox 784 4434 962 4521; x_wconf 81' lang='lat' dir='ltr'><strong>catalogus</strong></span> <span class='ocrx_word' id='word_1_431' title='bbox 982 4445 1144 4505; x_wconf 86' lang='lat' dir='ltr'><strong>sumatur</strong></span> <span class='ocrx_word' id='word_1_432' title='bbox 1161 4456 1201 4503; x_wconf 86' lang='lat' dir='ltr'><strong>es</strong></span> <span class='ocrx_word' id='word_1_433' title='bbox 1225 4457 1330 4503; x_wconf 86' lang='lat' dir='ltr'><strong>enan-</strong></span> <span class='ocrx_word' id='word_1_434' title='bbox 1381 4449 1580 4525; x_wconf 86' lang='lat' dir='ltr'><strong>sequuntur</strong></span> <span class='ocrx_word' id='word_1_435' title='bbox 1604 4437 1710 4507; x_wconf 90' lang='lat' dir='ltr'><strong>etiam</strong></span> <span class='ocrx_word' id='word_1_436' title='bbox 1741 4447 1832 4505; x_wconf 88' lang='lat' dir='ltr'><strong>tetra</strong></span> <span class='ocrx_word' id='word_1_437' title='bbox 1860 4433 1988 4503; x_wconf 83' lang='lat' dir='ltr'><strong>delicta</strong></span> <span class='ocrx_word' id='word_1_438' title='bbox 2021 4446 2151 4503; x_wconf 68' lang='lat' dir='ltr'><strong>contra»</strong></span> <span class='ocrx_word' id='word_1_439' title='bbox 2177 4433 2369 4501; x_wconf 85' lang='lat' dir='ltr'><strong>secundem</strong></span> 
     </span>
     <span class='ocr_line' id='line_1_37' title="bbox 343 4531 2369 4625; baseline -0.001 -22"><span class='ocrx_word' id='word_1_440' title='bbox 343 4536 478 4605; x_wconf 89' lang='lat' dir='ltr'><strong>ratione</strong></span> <span class='ocrx_word' id='word_1_441' title='bbox 493 4531 680 4621; x_wconf 80' lang='lat' dir='ltr'><strong>Decalogi:</strong></span> <span class='ocrx_word' id='word_1_442' title='bbox 704 4533 1038 4625; x_wconf 86' lang='lat' dir='ltr'><strong>Etdiligeutissime</strong></span> <span class='ocrx_word' id='word_1_443' title='bbox 1052 4538 1247 4624; x_wconf 86' lang='lat' dir='ltr'><strong>cogitemus</strong></span> <span class='ocrx_word' id='word_1_444' title='bbox 1262 4540 1329 4605; x_wconf 90' lang='lat' dir='ltr'><strong>do·</strong></span> <span class='ocrx_word' id='word_1_445' title='bbox 1381 4536 1557 4621; x_wconf 84' lang='lat' dir='ltr'><strong>tabulam,</strong></span> <span class='ocrx_word' id='word_1_446' title='bbox 1587 4538 1680 4609; x_wconf 87' lang='lat' dir='ltr'><strong>sicut</strong></span> <span class='ocrx_word' id='word_1_447' title='bbox 1703 4532 1761 4607; x_wconf 92' lang='lat' dir='ltr'><strong>hic</strong></span> <span class='ocrx_word' id='word_1_448' title='bbox 1785 4533 1918 4605; x_wconf 87' lang='lat' dir='ltr'><strong>Paulus</strong></span> <span class='ocrx_word' id='word_1_449' title='bbox 1942 4533 2132 4622; x_wconf 86' lang='lat' dir='ltr'><strong>siguificat,</strong></span> <span class='ocrx_word' id='word_1_450' title='bbox 2162 4532 2369 4603; x_wconf 74' lang='lat' dir='ltr'><strong>coecitatem</strong></span> 
     </span>
     <span class='ocr_line' id='line_1_38' title="bbox 342 4630 2369 4729; baseline -0.002 -23"><span class='ocrx_word' id='word_1_451' title='bbox 342 4638 491 4707; x_wconf 86' lang='lat' dir='ltr'><strong>ctrinam</strong></span> <span class='ocrx_word' id='word_1_452' title='bbox 511 4639 558 4705; x_wconf 87' lang='lat' dir='ltr'><strong>de</strong></span> <span class='ocrx_word' id='word_1_453' title='bbox 574 4637 688 4723; x_wconf 85' lang='lat' dir='ltr'><strong>prima</strong></span> <span class='ocrx_word' id='word_1_454' title='bbox 703 4637 844 4721; x_wconf 88' lang='lat' dir='ltr'><strong>tabula,</strong></span> <span class='ocrx_word' id='word_1_455' title='bbox 870 4641 1050 4729; x_wconf 81' lang='lat' dir='ltr'><strong>quomodo</strong></span> <span class='ocrx_word' id='word_1_456' title='bbox 1074 4638 1159 4708; x_wconf 86' lang='lat' dir='ltr'><strong>velit</strong></span> <span class='ocrx_word' id='word_1_457' title='bbox 1184 4639 1329 4727; x_wconf 86' lang='lat' dir='ltr'><strong>agnosci</strong></span> <span class='ocrx_word' id='word_1_458' title='bbox 1380 4661 1531 4728; x_wconf 89' lang='lat' dir='ltr'><strong>poenam</strong></span> <span class='ocrx_word' id='word_1_459' title='bbox 1556 4662 1630 4709; x_wconf 90' lang='lat' dir='ltr'><strong>esse</strong></span> <span class='ocrx_word' id='word_1_460' title='bbox 1650 4636 1859 4729; x_wconf 83' lang='lat' dir='ltr'><strong>impietatis:</strong></span> <span class='ocrx_word' id='word_1_461' title='bbox 1892 4650 1927 4709; x_wconf 92' lang='lat' dir='ltr'><strong>et</strong></span> <span class='ocrx_word' id='word_1_462' title='bbox 1946 4656 2106 4721; x_wconf 82' lang='lat' dir='ltr'><strong>expresse</strong></span> <span class='ocrx_word' id='word_1_463' title='bbox 2138 4632 2256 4725; x_wconf 88' lang='lat' dir='ltr'><strong>inquit</strong></span> <span class='ocrx_word' id='word_1_464' title='bbox 2273 4630 2369 4703; x_wconf 85' lang='lat' dir='ltr'><strong>Pau·</strong></span> 
     </span>
     <span class='ocr_line' id='line_1_39' title="bbox 344 4733 2367 4832; baseline -0.002 -25"><span class='ocrx_word' id='word_1_465' title='bbox 344 4752 375 4809; x_wconf 88' lang='lat' dir='ltr'><strong>et</strong></span> <span class='ocrx_word' id='word_1_466' title='bbox 389 4738 550 4807; x_wconf 84' lang='lat' dir='ltr'><strong>invocari</strong></span> <span class='ocrx_word' id='word_1_467' title='bbox 566 4734 679 4807; x_wconf 82' lang='lat' dir='ltr'><strong>Deus:</strong></span> <span class='ocrx_word' id='word_1_468' title='bbox 707 4736 805 4827; x_wconf 91' lang='lat' dir='ltr'><strong>Quid</strong></span> <span class='ocrx_word' id='word_1_469' title='bbox 824 4738 965 4808; x_wconf 79' lang='lat' dir='ltr'><strong>differat</strong></span> <span class='ocrx_word' id='word_1_470' title='bbox 989 4739 1169 4810; x_wconf 83' lang='lat' dir='ltr'><strong>invocatio</strong></span> <span class='ocrx_word' id='word_1_471' title='bbox 1186 4736 1327 4809; x_wconf 86' lang='lat' dir='ltr'><strong>ethnica</strong></span> <span class='ocrx_word' id='word_1_472' title='bbox 1380 4740 1437 4809; x_wconf 90' lang='lat' dir='ltr'><strong>lus</strong></span> <span class='ocrx_word' id='word_1_473' title='bbox 1465 4742 1510 4811; x_wconf 86' lang='lat' dir='ltr'><strong>ad</strong></span> <span class='ocrx_word' id='word_1_474' title='bbox 1543 4735 1719 4832; x_wconf 83' lang='lat' dir='ltr'><strong>Ephesius</strong></span> <span class='ocrx_word' id='word_1_475' title='bbox 1748 4739 1922 4817; x_wconf 87' lang='lat' dir='ltr'><strong>secundo,</strong></span> <span class='ocrx_word' id='word_1_476' title='bbox 1963 4734 2158 4805; x_wconf 85' lang='lat' dir='ltr'><strong>Diabolum</strong></span> <span class='ocrx_word' id='word_1_477' title='bbox 2189 4733 2367 4806; x_wconf 85' lang='lat' dir='ltr'><strong>ellicscem</strong></span> 
     </span>
     <span class='ocr_line' id='line_1_40' title="bbox 345 4833 2366 4934; baseline -0.003 -23"><span class='ocrx_word' id='word_1_478' title='bbox 345 4839 631 4911; x_wconf 80' lang='lat' dir='ltr'><strong>abinvocatioue</strong></span> <span class='ocrx_word' id='word_1_479' title='bbox 646 4854 740 4915; x_wconf 78' lang='lat' dir='ltr'><strong>vere.</strong></span> <span class='ocrx_word' id='word_1_480' title='bbox 774 4838 873 4929; x_wconf 86' lang='lat' dir='ltr'><strong>Quid</strong></span> <span class='ocrx_word' id='word_1_481' title='bbox 887 4840 1088 4923; x_wconf 70' lang='lat' dir='ltr'><strong>sit&#39;liimor,</strong></span> <span class='ocrx_word' id='word_1_482' title='bbox 1103 4841 1189 4934; x_wconf 89' lang='lat' dir='ltr'><strong>quid</strong></span> <span class='ocrx_word' id='word_1_483' title='bbox 1208 4839 1327 4926; x_wconf 83' lang='lat' dir='ltr'><strong>Fides,</strong></span> <span class='ocrx_word' id='word_1_484' title='bbox 1379 4862 1454 4913; x_wconf 87' lang='lat' dir='ltr'><strong>esse</strong></span> <span class='ocrx_word' id='word_1_485' title='bbox 1475 4842 1514 4911; x_wconf 89' lang='lat' dir='ltr'><strong>iu</strong></span> <span class='ocrx_word' id='word_1_486' title='bbox 1539 4842 1669 4933; x_wconf 86' lang='lat' dir='ltr'><strong>impiis.</strong></span> <span class='ocrx_word' id='word_1_487' title='bbox 1721 4838 1768 4913; x_wconf 79' lang='lat' dir='ltr'><strong>Et</strong></span> <span class='ocrx_word' id='word_1_488' title='bbox 1792 4842 1836 4909; x_wconf 82' lang='lat' dir='ltr'><strong>cle</strong></span> <span class='ocrx_word' id='word_1_489' title='bbox 1863 4839 1948 4911; x_wconf 86' lang='lat' dir='ltr'><strong>luda</strong></span> <span class='ocrx_word' id='word_1_490' title='bbox 1972 4838 2119 4907; x_wconf 89' lang='lat' dir='ltr'><strong>dicitur:</strong></span> <span class='ocrx_word' id='word_1_491' title='bbox 2152 4833 2300 4905; x_wconf 77' lang='lat' dir='ltr'><strong>latravit</strong></span> <span class='ocrx_word' id='word_1_492' title='bbox 2327 4836 2366 4907; x_wconf 89' lang='lat' dir='ltr'><strong>iu</strong></span> 
     </span>
     <span class='ocr_line' id='line_1_41' title="bbox 345 4937 2564 5035; baseline -0.002 -24"><span class='ocrx_word' id='word_1_493' title='bbox 345 4944 427 5035; x_wconf 78' lang='lat' dir='ltr'><strong>quid</strong></span> <span class='ocrx_word' id='word_1_494' title='bbox 452 4940 584 5013; x_wconf 81' lang='lat' dir='ltr'><strong>fiducia</strong></span> <span class='ocrx_word' id='word_1_495' title='bbox 603 4946 777 5026; x_wconf 82' lang='lat' dir='ltr'><strong>accedens</strong></span> <span class='ocrx_word' id='word_1_496' title='bbox 802 4944 851 5013; x_wconf 92' lang='lat' dir='ltr'><strong>ad</strong></span> <span class='ocrx_word' id='word_1_497' title='bbox 878 4940 993 5013; x_wconf 88' lang='lat' dir='ltr'><strong>Deum</strong></span> <span class='ocrx_word' id='word_1_498' title='bbox 1026 4942 1065 5012; x_wconf 93' lang='lat' dir='ltr'><strong>in</strong></span> <span class='ocrx_word' id='word_1_499' title='bbox 1091 4943 1329 5026; x_wconf 79' lang='lat' dir='ltr'><strong>iravooatione,</strong></span> <span class='ocrx_word' id='word_1_500' title='bbox 1378 4966 1460 5013; x_wconf 87' lang='lat' dir='ltr'><strong>enm</strong></span> <span class='ocrx_word' id='word_1_501' title='bbox 1480 4943 1639 5015; x_wconf 83' lang='lat' dir='ltr'><strong>Satanas.</strong></span> <span class='ocrx_word' id='word_1_502' title='bbox 1688 4940 1794 5012; x_wconf 83' lang='lat' dir='ltr'><strong>ltemc</strong></span> <span class='ocrx_word' id='word_1_503' title='bbox 1821 4939 1894 5029; x_wconf 89' lang='lat' dir='ltr'><strong>Qui</strong></span> <span class='ocrx_word' id='word_1_504' title='bbox 1909 4940 1994 5010; x_wconf 86' lang='lat' dir='ltr'><strong>lacit</strong></span> <span class='ocrx_word' id='word_1_505' title='bbox 2006 4951 2271 5029; x_wconf 77' lang='lat' dir='ltr'><strong>peccatum‚.ex</strong></span> <span class='ocrx_word' id='word_1_506' title='bbox 2286 4937 2366 5007; x_wconf 89' lang='lat' dir='ltr'><strong>dia·</strong></span> <span class='ocrx_word' id='word_1_507' title='bbox 2410 4944 2420 4957; x_wconf 87' lang='lat'>&#39;</span> <span class='ocrx_word' id='word_1_508' title='bbox 2558 4938 2564 4951; x_wconf 85' lang='lat'>&#39;</span> 
     </span>
     <span class='ocr_line' id='line_1_42' title="bbox 342 5033 2367 5137; baseline -0.003 -24"><span class='ocrx_word' id='word_1_509' title='bbox 342 5046 422 5137; x_wconf 79' lang='lat' dir='ltr'><strong>quid</strong></span> <span class='ocrx_word' id='word_1_510' title='bbox 451 5042 562 5133; x_wconf 81' lang='lat' dir='ltr'><strong>Spes,</strong></span> <span class='ocrx_word' id='word_1_511' title='bbox 594 5043 658 5136; x_wconf 90' lang='lat' dir='ltr'><strong>qui</strong></span> <span class='ocrx_word' id='word_1_512' title='bbox 679 5044 752 5125; x_wconf 82' lang='lat' dir='ltr'><strong>siut</strong></span> <span class='ocrx_word' id='word_1_513' title='bbox 776 5045 851 5117; x_wconf 83' lang='lat' dir='ltr'><strong>veri</strong></span> <span class='ocrx_word' id='word_1_514' title='bbox 875 5044 1011 5129; x_wconf 89' lang='lat' dir='ltr'><strong>cultus,</strong></span> <span class='ocrx_word' id='word_1_515' title='bbox 1044 5046 1225 5137; x_wconf 89' lang='lat' dir='ltr'><strong>quomodo</strong></span> <span class='ocrx_word' id='word_1_516' title='bbox 1249 5046 1327 5115; x_wconf 77' lang='lat' dir='ltr'><strong>fieri</strong></span> <span class='ocrx_word' id='word_1_517' title='bbox 1378 5045 1465 5114; x_wconf 91' lang='lat' dir='ltr'><strong>bolo</strong></span> <span class='ocrx_word' id='word_1_518' title='bbox 1481 5060 1543 5120; x_wconf 86' lang='lat' dir='ltr'><strong>est.</strong></span> <span class='ocrx_word' id='word_1_519' title='bbox 1591 5048 1699 5129; x_wconf 89' lang='lat' dir='ltr'><strong>ltem,</strong></span> <span class='ocrx_word' id='word_1_520' title='bbox 1717 5042 1833 5115; x_wconf 86' lang='lat' dir='ltr'><strong>Lucae</strong></span> <span class='ocrx_word' id='word_1_521' title='bbox 1853 5044 1927 5113; x_wconf 86' lang='lat'><strong>11.:</strong></span> <span class='ocrx_word' id='word_1_522' title='bbox 1956 5039 2109 5130; x_wconf 86' lang='lat' dir='ltr'><strong>lugcessi</strong></span> <span class='ocrx_word' id='word_1_523' title='bbox 2125 5033 2287 5109; x_wconf 86' lang='lat' dir='ltr'><strong>habitant</strong></span> <span class='ocrx_word' id='word_1_524' title='bbox 2301 5036 2367 5111; x_wconf 92' lang='lat' dir='ltr'><strong>ibi.</strong></span> 
     </span>
     <span class='ocr_line' id='line_1_43' title="bbox 343 5142 2365 5239; baseline -0.001 -23"><span class='ocrx_word' id='word_1_525' title='bbox 343 5146 494 5237; x_wconf 84' lang='lat' dir='ltr'><strong>possint,</strong></span> <span class='ocrx_word' id='word_1_526' title='bbox 519 5146 757 5239; x_wconf 82' lang='lat' dir='ltr'><strong>etquomodo</strong></span> <span class='ocrx_word' id='word_1_527' title='bbox 772 5146 948 5236; x_wconf 81' lang='lat' dir='ltr'><strong>placeant.</strong></span> <span class='ocrx_word' id='word_1_528' title='bbox 1007 5143 1104 5217; x_wconf 83' lang='lat' dir='ltr'><strong>Heec</strong></span> <span class='ocrx_word' id='word_1_529' title='bbox 1125 5147 1245 5217; x_wconf 89' lang='lat' dir='ltr'><strong>omnia</strong></span> <span class='ocrx_word' id='word_1_530' title='bbox 1264 5170 1327 5215; x_wconf 88' lang='lat' dir='ltr'><strong>ne·</strong></span> <span class='ocrx_word' id='word_1_531' title='bbox 1377 5144 1456 5217; x_wconf 84' lang='lat' dir='ltr'><strong>Hae</strong></span> <span class='ocrx_word' id='word_1_532' title='bbox 1477 5143 1676 5217; x_wconf 86' lang='lat' dir='ltr'><strong>horrendae</strong></span> <span class='ocrx_word' id='word_1_533' title='bbox 1704 5146 1891 5215; x_wconf 87' lang='lat' dir='ltr'><strong>conciones</strong></span> <span class='ocrx_word' id='word_1_534' title='bbox 1915 5147 2129 5224; x_wconf 85' lang='lat' dir='ltr'><strong>ostendunt,</strong></span> <span class='ocrx_word' id='word_1_535' title='bbox 2162 5152 2293 5233; x_wconf 80' lang='lat' dir='ltr'><strong>quanto</strong></span> <span class='ocrx_word' id='word_1_536' title='bbox 2317 5142 2365 5213; x_wconf 91' lang='lat' dir='ltr'><strong>sit</strong></span> 
     </span>
     <span class='ocr_line' id='line_1_44' title="bbox 344 5242 2365 5342; baseline -0.003 -25"><span class='ocrx_word' id='word_1_537' title='bbox 344 5270 433 5318; x_wconf 89' lang='lat' dir='ltr'><strong>cesse</strong></span> <span class='ocrx_word' id='word_1_538' title='bbox 453 5260 505 5317; x_wconf 83' lang='lat' dir='ltr'><strong>est</strong></span> <span class='ocrx_word' id='word_1_539' title='bbox 532 5246 738 5337; x_wconf 82' lang='lat' dir='ltr'><strong>complecti,</strong></span> <span class='ocrx_word' id='word_1_540' title='bbox 763 5260 803 5318; x_wconf 87' lang='lat' dir='ltr'><strong>ut</strong></span> <span class='ocrx_word' id='word_1_541' title='bbox 815 5247 1061 5337; x_wconf 79' lang='lat' dir='ltr'><strong>intelligatur,</strong></span> <span class='ocrx_word' id='word_1_542' title='bbox 1087 5251 1173 5342; x_wconf 89' lang='lat' dir='ltr'><strong>quid</strong></span> <span class='ocrx_word' id='word_1_543' title='bbox 1191 5250 1235 5317; x_wconf 84' lang='lat' dir='ltr'><strong>sil</strong></span> <span class='ocrx_word' id='word_1_544' title='bbox 1248 5251 1326 5337; x_wconf 86' lang='lat' dir='ltr'><strong>glo·</strong></span> <span class='ocrx_word' id='word_1_545' title='bbox 1379 5249 1518 5318; x_wconf 85' lang='lat' dir='ltr'><strong>miseria</strong></span> <span class='ocrx_word' id='word_1_546' title='bbox 1536 5242 1714 5337; x_wconf 89' lang='lat' dir='ltr'><strong>bominis,</strong></span> <span class='ocrx_word' id='word_1_547' title='bbox 1740 5248 1803 5337; x_wconf 82' lang='lat' dir='ltr'><strong>qui</strong></span> <span class='ocrx_word' id='word_1_548' title='bbox 1819 5244 1961 5314; x_wconf 89' lang='lat' dir='ltr'><strong>estsine</strong></span> <span class='ocrx_word' id='word_1_549' title='bbox 1978 5242 2215 5335; x_wconf 78' lang='lat' dir='ltr'><strong>pomiteutie,</strong></span> <span class='ocrx_word' id='word_1_550' title='bbox 2237 5258 2271 5313; x_wconf 91' lang='lat' dir='ltr'><strong>et</strong></span> <span class='ocrx_word' id='word_1_551' title='bbox 2286 5242 2365 5313; x_wconf 87' lang='lat' dir='ltr'><strong>siue</strong></span> 
     </span>
     <span class='ocr_line' id='line_1_45' title="bbox 345 5342 2362 5439; baseline -0.004 -19"><span class='ocrx_word' id='word_1_552' title='bbox 345 5350 475 5420; x_wconf 73' lang='lat' dir='ltr'><strong>rihcarc</strong></span> <span class='ocrx_word' id='word_1_553' title='bbox 491 5349 624 5423; x_wconf 77' lang='lat' dir='ltr'><strong>Decem.</strong></span> <span class='ocrx_word' id='word_1_554' title='bbox 676 5345 742 5422; x_wconf 75' lang='lat' dir='ltr'><strong>ltu</strong></span> <span class='ocrx_word' id='word_1_555' title='bbox 762 5350 860 5419; x_wconf 89' lang='lat' dir='ltr'><strong>enirn</strong></span> <span class='ocrx_word' id='word_1_556' title='bbox 881 5351 1095 5439; x_wconf 81' lang='lat' dir='ltr'><strong>glorificare,</strong></span> <span class='ocrx_word' id='word_1_557' title='bbox 1120 5352 1277 5422; x_wconf 83' lang='lat' dir='ltr'><strong>tribuere</strong></span> <span class='ocrx_word' id='word_1_558' title='bbox 1294 5352 1326 5419; x_wconf 89' lang='lat' dir='ltr'><strong>ei</strong></span> <span class='ocrx_word' id='word_1_559' title='bbox 1378 5350 1603 5419; x_wconf 77' lang='lat' dir='ltr'><strong>invocatione</strong></span> <span class='ocrx_word' id='word_1_560' title='bbox 1617 5348 1703 5429; x_wconf 86' lang='lat' dir='ltr'><strong>Dei,</strong></span> <span class='ocrx_word' id='word_1_561' title='bbox 1725 5347 1795 5419; x_wconf 84' lang='lat' dir='ltr'><strong>llic</strong></span> <span class='ocrx_word' id='word_1_562' title='bbox 1808 5360 1843 5418; x_wconf 92' lang='lat' dir='ltr'><strong>et</strong></span> <span class='ocrx_word' id='word_1_563' title='bbox 1858 5369 1918 5415; x_wconf 89' lang='lat' dir='ltr'><strong>sua</strong></span> <span class='ocrx_word' id='word_1_564' title='bbox 1937 5345 2141 5415; x_wconf 75' lang='lat' dir='ltr'><strong>infimitate</strong></span> <span class='ocrx_word' id='word_1_565' title='bbox 2156 5344 2229 5413; x_wconf 90' lang='lat' dir='ltr'><strong>ruit</strong></span> <span class='ocrx_word' id='word_1_566' title='bbox 2247 5342 2285 5411; x_wconf 89' lang='lat' dir='ltr'><strong>iu</strong></span> <span class='ocrx_word' id='word_1_567' title='bbox 2300 5366 2362 5413; x_wconf 79' lang='lat' dir='ltr'><strong>va·</strong></span> 
     </span>
     <span class='ocr_line' id='line_1_46' title="bbox 345 5444 2362 5546; baseline -0.004 -25"><span class='ocrx_word' id='word_1_568' title='bbox 345 5450 513 5539; x_wconf 79' lang='lat' dir='ltr'><strong>gloriam,</strong></span> <span class='ocrx_word' id='word_1_569' title='bbox 539 5451 575 5520; x_wconf 91' lang='lat' dir='ltr'><strong>id</strong></span> <span class='ocrx_word' id='word_1_570' title='bbox 599 5464 673 5536; x_wconf 88' lang='lat' dir='ltr'><strong>est,</strong></span> <span class='ocrx_word' id='word_1_571' title='bbox 697 5474 887 5540; x_wconf 80' lang='lat' dir='ltr'><strong>agnoscere</strong></span> <span class='ocrx_word' id='word_1_572' title='bbox 908 5466 944 5521; x_wconf 91' lang='lat' dir='ltr'><strong>et</strong></span> <span class='ocrx_word' id='word_1_573' title='bbox 965 5452 1089 5536; x_wconf 83' lang='lat' dir='ltr'><strong>lateri,</strong></span> <span class='ocrx_word' id='word_1_574' title='bbox 1122 5453 1219 5546; x_wconf 84' lang='lat' dir='ltr'><strong>quod</strong></span> <span class='ocrx_word' id='word_1_575' title='bbox 1242 5476 1327 5521; x_wconf 84' lang='lat' dir='ltr'><strong>vere</strong></span> <span class='ocrx_word' id='word_1_576' title='bbox 1376 5451 1429 5519; x_wconf 89' lang='lat' dir='ltr'><strong>ria</strong></span> <span class='ocrx_word' id='word_1_577' title='bbox 1453 5453 1582 5521; x_wconf 88' lang='lat' dir='ltr'><strong>delicta</strong></span> <span class='ocrx_word' id='word_1_578' title='bbox 1604 5466 1767 5535; x_wconf 80' lang='lat' dir='ltr'><strong>exterus,</strong></span> <span class='ocrx_word' id='word_1_579' title='bbox 1802 5463 1838 5521; x_wconf 92' lang='lat' dir='ltr'><strong>et</strong></span> <span class='ocrx_word' id='word_1_580' title='bbox 1869 5471 1889 5517; x_wconf 90' lang='lat' dir='ltr'><strong>a</strong></span> <span class='ocrx_word' id='word_1_581' title='bbox 1913 5446 2057 5517; x_wconf 84' lang='lat' dir='ltr'><strong>diabolo</strong></span> <span class='ocrx_word' id='word_1_582' title='bbox 2073 5444 2295 5534; x_wconf 81' lang='lat' dir='ltr'><strong>impellitur,</strong></span> <span class='ocrx_word' id='word_1_583' title='bbox 2322 5457 2362 5514; x_wconf 89' lang='lat' dir='ltr'><strong>ut</strong></span> 
     </span>
     <span class='ocr_line' id='line_1_47' title="bbox 346 5546 2362 5645; baseline -0.004 -24"><span class='ocrx_word' id='word_1_584' title='bbox 346 5549 523 5636; x_wconf 75' lang='lat' dir='ltr'><strong>sitlleus,</strong></span> <span class='ocrx_word' id='word_1_585' title='bbox 545 5553 708 5644; x_wconf 86' lang='lat' dir='ltr'><strong>sapiens,</strong></span> <span class='ocrx_word' id='word_1_586' title='bbox 733 5574 858 5635; x_wconf 81' lang='lat' dir='ltr'><strong>verax,</strong></span> <span class='ocrx_word' id='word_1_587' title='bbox 881 5554 1017 5635; x_wconf 62' lang='lat' dir='ltr'><strong>bonam</strong></span> <span class='ocrx_word' id='word_1_588' title='bbox 1042 5554 1178 5643; x_wconf 87' lang='lat' dir='ltr'><strong>iustus,</strong></span> <span class='ocrx_word' id='word_1_589' title='bbox 1198 5567 1327 5636; x_wconf 85' lang='lat' dir='ltr'><strong>castus,</strong></span> <span class='ocrx_word' id='word_1_590' title='bbox 1377 5553 1487 5623; x_wconf 83' lang='lat' dir='ltr'><strong>coulta</strong></span> <span class='ocrx_word' id='word_1_591' title='bbox 1507 5567 1648 5624; x_wconf 84' lang='lat' dir='ltr'><strong>moreat</strong></span> <span class='ocrx_word' id='word_1_592' title='bbox 1669 5552 1866 5645; x_wconf 85' lang='lat' dir='ltr'><strong>perniciosa</strong></span> <span class='ocrx_word' id='word_1_593' title='bbox 1888 5550 2019 5621; x_wconf 88' lang='lat' dir='ltr'><strong>multis.</strong></span> <span class='ocrx_word' id='word_1_594' title='bbox 2083 5546 2131 5619; x_wconf 90' lang='lat' dir='ltr'><strong>llt</strong></span> <span class='ocrx_word' id='word_1_595' title='bbox 2156 5568 2362 5638; x_wconf 81' lang='lat' dir='ltr'><strong>quanquam</strong></span> 
     </span>
     <span class='ocr_line' id='line_1_48' title="bbox 346 5646 2360 5745; baseline -0.004 -24"><span class='ocrx_word' id='word_1_596' title='bbox 346 5652 454 5739; x_wconf 84' lang='lat' dir='ltr'><strong>liber,</strong></span> <span class='ocrx_word' id='word_1_597' title='bbox 484 5653 734 5745; x_wconf 78' lang='lat' dir='ltr'><strong>omnipotens,</strong></span> <span class='ocrx_word' id='word_1_598' title='bbox 765 5655 1100 5736; x_wconf 83' lang='lat' dir='ltr'><strong>conditormundi,</strong></span> <span class='ocrx_word' id='word_1_599' title='bbox 1134 5678 1208 5725; x_wconf 86' lang='lat' dir='ltr'><strong>non</strong></span> <span class='ocrx_word' id='word_1_600' title='bbox 1230 5656 1325 5727; x_wconf 89' lang='lat' dir='ltr'><strong>otio-</strong></span> <span class='ocrx_word' id='word_1_601' title='bbox 1375 5654 1444 5724; x_wconf 88' lang='lat' dir='ltr'><strong>luit</strong></span> <span class='ocrx_word' id='word_1_602' title='bbox 1468 5676 1636 5743; x_wconf 81' lang='lat' dir='ltr'><strong>magnum</strong></span> <span class='ocrx_word' id='word_1_603' title='bbox 1662 5653 1866 5743; x_wconf 84' lang='lat' dir='ltr'><strong>ingenium,</strong></span> <span class='ocrx_word' id='word_1_604' title='bbox 1892 5673 2017 5740; x_wconf 87' lang='lat' dir='ltr'><strong>magna</strong></span> <span class='ocrx_word' id='word_1_605' title='bbox 2040 5650 2212 5739; x_wconf 74' lang='lat' dir='ltr'><strong>supientia</strong></span> <span class='ocrx_word' id='word_1_606' title='bbox 2234 5646 2360 5715; x_wconf 85' lang='lat' dir='ltr'><strong>etvir-</strong></span> 
     </span>
     <span class='ocr_line' id='line_1_49' title="bbox 346 5744 2360 5848; baseline -0.005 -23"><span class='ocrx_word' id='word_1_607' title='bbox 346 5776 416 5841; x_wconf 87' lang='lat' dir='ltr'><strong>sos,</strong></span> <span class='ocrx_word' id='word_1_608' title='bbox 440 5755 595 5847; x_wconf 87' lang='lat' dir='ltr'><strong>puniens</strong></span> <span class='ocrx_word' id='word_1_609' title='bbox 607 5756 757 5848; x_wconf 88' lang='lat' dir='ltr'><strong>impios,</strong></span> <span class='ocrx_word' id='word_1_610' title='bbox 782 5770 817 5829; x_wconf 92' lang='lat' dir='ltr'><strong>et</strong></span> <span class='ocrx_word' id='word_1_611' title='bbox 839 5754 1033 5827; x_wconf 77' lang='lat' dir='ltr'><strong>exaudiens</strong></span> <span class='ocrx_word' id='word_1_612' title='bbox 1049 5780 1092 5825; x_wconf 81' lang='lat' dir='ltr'><strong>ac</strong></span> <span class='ocrx_word' id='word_1_613' title='bbox 1109 5757 1234 5825; x_wconf 74' lang='lat' dir='ltr'><strong>iterans</strong></span> <span class='ocrx_word' id='word_1_614' title='bbox 1251 5780 1326 5835; x_wconf 88' lang='lat' dir='ltr'><strong>eos,</strong></span> <span class='ocrx_word' id='word_1_615' title='bbox 1376 5768 1436 5824; x_wconf 90' lang='lat' dir='ltr'><strong>tns</strong></span> <span class='ocrx_word' id='word_1_616' title='bbox 1456 5756 1495 5825; x_wconf 94' lang='lat' dir='ltr'><strong>in</strong></span> <span class='ocrx_word' id='word_1_617' title='bbox 1510 5756 1635 5840; x_wconf 85' lang='lat' dir='ltr'><strong>Saule,</strong></span> <span class='ocrx_word' id='word_1_618' title='bbox 1661 5754 1811 5839; x_wconf 83' lang='lat' dir='ltr'><strong>Pericle,</strong></span> <span class='ocrx_word' id='word_1_619' title='bbox 1837 5751 2047 5834; x_wconf 77' lang='lat' dir='ltr'><strong>Alcibiade,</strong></span> <span class='ocrx_word' id='word_1_620' title='bbox 2070 5750 2227 5832; x_wconf 80' lang='lat' dir='ltr'><strong>Getone,</strong></span> <span class='ocrx_word' id='word_1_621' title='bbox 2255 5744 2360 5823; x_wconf 85' lang='lat' dir='ltr'><strong>lulio,</strong></span> 
     </span>
     <span class='ocr_line' id='line_1_50' title="bbox 348 5847 2360 5951; baseline -0.006 -25"><span class='ocrx_word' id='word_1_622' title='bbox 348 5860 402 5951; x_wconf 75' lang='lat' dir='ltr'><strong>qui</strong></span> <span class='ocrx_word' id='word_1_623' title='bbox 425 5860 470 5927; x_wconf 83' lang='lat' dir='ltr'><strong>acl</strong></span> <span class='ocrx_word' id='word_1_624' title='bbox 496 5858 725 5931; x_wconf 82' lang='lat' dir='ltr'><strong>mediatorem</strong></span> <span class='ocrx_word' id='word_1_625' title='bbox 747 5858 968 5945; x_wconf 70' lang='lat' dir='ltr'><strong>confugiunt.</strong></span> <span class='ocrx_word' id='word_1_626' title='bbox 1033 5852 1081 5927; x_wconf 82' lang='lat' dir='ltr'><strong>Et</strong></span> <span class='ocrx_word' id='word_1_627' title='bbox 1103 5881 1183 5927; x_wconf 89' lang='lat' dir='ltr'><strong>cum</strong></span> <span class='ocrx_word' id='word_1_628' title='bbox 1205 5858 1256 5927; x_wconf 91' lang='lat' dir='ltr'><strong>sic</strong></span> <span class='ocrx_word' id='word_1_629' title='bbox 1278 5860 1324 5930; x_wconf 87' lang='lat' dir='ltr'><strong>de</strong></span> <span class='ocrx_word' id='word_1_630' title='bbox 1345 5893 1351 5937; x_wconf 70' lang='grc' dir='ltr'>ι</span> <span class='ocrx_word' id='word_1_631' title='bbox 1374 5852 1488 5929; x_wconf 85' lang='lat' dir='ltr'><strong>Brulo</strong></span> <span class='ocrx_word' id='word_1_632' title='bbox 1504 5872 1539 5929; x_wconf 86' lang='lat' dir='ltr'><strong>et</strong></span> <span class='ocrx_word' id='word_1_633' title='bbox 1551 5858 1634 5928; x_wconf 89' lang='lat' dir='ltr'><strong>aliis</strong></span> <span class='ocrx_word' id='word_1_634' title='bbox 1646 5853 1984 5929; x_wconf 82' lang='lat' dir='ltr'><strong>innumerabilibus:</strong></span> <span class='ocrx_word' id='word_1_635' title='bbox 2012 5868 2131 5927; x_wconf 82' lang='lat' dir='ltr'><strong>tamen</strong></span> <span class='ocrx_word' id='word_1_636' title='bbox 2155 5863 2190 5919; x_wconf 88' lang='lat' dir='ltr'><strong>et</strong></span> <span class='ocrx_word' id='word_1_637' title='bbox 2212 5847 2360 5919; x_wconf 77' lang='lat' dir='ltr'><strong>mamse-</strong></span> 
     </span>
     <span class='ocr_line' id='line_1_51' title="bbox 388 5952 1929 6035; baseline -0.003 -8"><span class='ocrx_word' id='word_1_638' title='bbox 388 5964 566 6031; x_wconf 70' lang='lat' dir='ltr'><strong>thracae.</strong></span> <span class='ocrx_word' id='word_1_639' title='bbox 583 5962 689 6031; x_wconf 75' lang='lat' dir='ltr'><strong>Ores.</strong></span> <span class='ocrx_word' id='word_1_640' title='bbox 716 5956 802 6032; x_wconf 81' lang='lat' dir='ltr'><strong>Vos..</strong></span> <span class='ocrx_word' id='word_1_641' title='bbox 819 5962 900 6035; x_wconf 82' lang='lat' dir='ltr'><strong>XV.</strong></span> <span class='ocrx_word' id='word_1_642' title='bbox 1876 5952 1929 6029; x_wconf 75' lang='lat'><strong>5³</strong></span> 
     </span>
    </p>
   </div>
   <div class='ocr_carea' id='block_1_3' title="bbox 0 0 2918 6950">
    <p class='ocr_par' dir='ltr' id='par_1_6' title="bbox 0 0 2918 6950">
     <span class='ocr_line' id='line_1_52' title="bbox 0 0 2918 6950; baseline 0 1"><span class='ocrx_word' id='word_1_643' title='bbox 0 0 2918 6950; x_wconf 95' lang='lat' dir='ltr'><strong> </strong></span> 
     </span>
    </p>
   </div>
  </div>
 </body>
</html>
