5825 6950
368 618 372 630 ’
461 744 466 757 ,
558 654 634 737 eta
832 622 836 635 ’
1148 635 1279 721 tuta.
1305 634 1424 713 uun
1452 634 1664 715 scateat
1690 636 1994 717 axaoertca.
2496 647 2560 722 aaa

662 823 760 899 Haec
782 815 961 903 delinitio,
987 826 1020 887 ει
1045 826 1117 887 ιοιε
1137 812 1304 887 doctriua
1327 814 1372 883 dc
1387 812 1552 883 sacerdo-
1603 815 1772 887 sabulum
1790 813 1967 901 iustitiae,
1992 838 2073 887 cum
2091 811 2162 901 ait,
2187 796 2295 889 nteit
2316 814 2444 901 iustus,
2467 832 2500 890 et
2517 820 2565 891 in.

561 938 613 1010 tio
634 924 787 1011 Christi,
820 923 928 1013 plena
947 930 998 989 εει
1019 916 1306 991 dulcissimarum
1339 915 1553 987 consolatio-
1604 920 1760 991 stilicans
1783 940 1883 1002 curn,
1924 916 1986 1011 qni
2018 929 2071 988 εει
2094 940 2137 987 cx
2163 918 2233 988 lide
2252 918 2350 1005 lun,
2383 918 2419 987 id
2443 934 2507 1003 cst,
2534 924 2565 993 iu
2617 901 2618 936 ³

562 1062 669 1118 num,
696 1044 730 1100 tt
745 1024 904 1121 tl¹¹⁰tidi²
922 1021 1117 1113 mimit-
1604 1018 1801 1110 Evangelio
1825 1020 2025 1092 declaratur
2049 1019 2187 1091 iusticia
2209 1021 2301 1107 Dei,
2326 1022 2422 1115 quod
2444 1022 2512 1115 ipse
2530 1025 2567 1096 sit
2616 1001 2618 1014 ,

668 1130 818 1209 Addidit
852 1138 969 1197 autem
1004 1120 1134 1194 Paulus
1165 1116 1235 1191 boc
1267 1120 1345 1191 loco
1381 1118 1554 1209 singulari
1606 1124 1738 1207 iustos,
1769 1145 1844 1192 non
1874 1144 1959 1203 nos,
1994 1134 2028 1193 et
2058 1121 2150 1195 iuste
2180 1125 2324 1196 damnet
2348 1126 2566 1214 peecatumin
2615 1102 2619 1120 λ

564 1230 823 1317 consiiiohanc
839 1225 1066 1321 particulam:
1094 1222 1210 1313 Quem
1236 1223 1353 1315 posuit
1377 1222 1553 1315 propicia·
1605 1225 1790 1309 omnibus,
1815 1223 1907 1296 sicut
1925 1224 2064 1317 inquit,
2089 1238 2130 1297 ut
2145 1238 2239 1297 totus
2262 1228 2419 1295 rosindus
2440 1248 2516 1300 reus
2532 1229 2569 1299 sit
2617 1205 2618 1240 ³

565 1363 678 1419 torem
708 1360 769 1429 per
792 1332 895 1402 fidem
918 1329 1149 1419 insanguine
1173 1326 1295 1418 ipsius.
1364 1322 1434 1395 Hic
1458 1324 1553 1393 euim
1606 1325 1695 1401 Deo.
1744 1324 1849 1397 item:
1875 1324 1962 1395 Tibi
1977 1326 2045 1395 soli
2062 1350 2140 1397 sum
2157 1341 2317 1419 peccator
2331 1342 2367 1399 et
2381 1330 2506 1397 maltam
2522 1353 2570 1399 ro·
2614 1337 2618 1344 A

569 1453 615 1521 de
631 1438 867 1537 applicitifflt‘
886 1455 952 1503 ¹¹⁰⁵
969 1432 1081 1499 timet·
1608 1456 1684 1500 ram
1708 1442 1741 1499 te
1763 1428 1858 1524 leci,
1891 1427 2089 1499 iustificeris
2120 1429 2159 1497 in
2190 1430 2416 1500 sermonibus
2438 1431 2520 1515 tuis,
2544 1446 2571 1503 ει

672 1544 807 1617 Dicunt
830 1550 863 1607 ει
880 1532 1061 1625 Papistac,
1087 1530 1199 1601 lilium
1224 1526 1292 1601 Dei
1315 1528 1556 1605 mediatorem,
1609 1532 1728 1601 vincae
1750 1555 1831 1601 cum
1854 1530 2033 1605 iudicaris.
2102 1526 2266 1603 Declarat
2289 1554 2373 1622 crgo
2399 1532 2488 1603 Deus
2512 1556 2572 1605 sere

571 1652 806 1724 redemtorem
849 1651 883 1708 et
930 1634 1205 1728 propiciatorem
1245 1655 1346 1714 esse,
1394 1631 1452 1699 sed
1491 1624 1557 1698 boc
1609 1633 2294 1726 asaeiraarumeadammnqempem,
2320 1629 2572 1707 ddndmbo,
2617 1713 2620 1722 ,

571 1759 686 1849 ipsum
709 1756 827 1839 postea
843 1740 983 1822 delent,
1008 1736 1090 1831 quia
1110 1758 1251 1827 prorsus
1273 1734 1443 1803 omittunt
1459 1755 1559 1799 meu·
1610 1735 1781 1823 declarat,
1808 1736 1903 1827 quod
1921 1735 1996 1827 ipse
2018 1736 2202 1821 iustificet,
2227 1760 2290 1805 nee
2313 1736 2381 1825 ipsi
2404 1760 2467 1807 noa
2487 1736 2571 1805 iusti.
2614 1747 2619 1753 *¹

572 1858 705 1927 ti0¹1em
729 1845 831 1923 fidei·
866 1842 937 1911 i¹¹¹⁰
970 1840 1095 1911 iubent
1118 1850 1151 1906 te
1184 1837 1366 1917 dubitflies
1401 1858 1446 1903 ³¹¹
1473 1828 1560 1901 hate
1611 1840 1712 1907 licere
1735 1838 1910 1928 possimus
1931 1836 2099 1929 operibus
2121 1838 2219 1927 legis.
2291 1836 2457 1909 iustificat
2477 1852 2572 1907 autem
2615 1833 2616 1836 '

572 1952 740 2029 beneficia
764 1948 829 2019 lilii
845 1944 911 2017 Dei
935 1944 978 2011 ad
1001 1956 1036 2012 te
1061 1940 1279 2033 pertineant,
1305 1936 1488 2019 videlicet,
1515 1957 1560 2004 an
1613 1939 1808 2009 hocmodo
1832 1938 1924 2030 ipae,
1963 1940 2098 2025 scincet
2125 1939 2332 2011 ,emissione
2364 1920 2573 2031 [jectam.
2612 1919 2619 1958 1

575 2061 623 2131 tit
646 2056 683 2125 in
709 2052 838 2144 bittit,
864 2070 903 2117 ³⁰
925 2058 1063 2115 tantum
1088 2042 1137 2111 tit
1159 2042 1371 2135 t⁰tl⁰t¹¹¹tt¹r²
1398 2033 1562 2107 Christus
1612 2042 1745 2113 Debuit
1769 2040 1879 2131 igitur
1902 2041 2184 2111 iustificatiouem
2206 2055 2247 2112 ut
2271 2042 2387 2127 iufra,
2411 2066 2487 2111 cum
2509 2042 2574 2114 citat
2610 2020 2619 2059 ζ’

577 2156 710 2234 meruit
731 2146 1069 2247 Pfiffltmsst'ttitms
1096 2142 1224 2230 idest,
1250 2140 1564 2212 θῑῦθδῐθΰθῐῦιῐιθ-
1615 2144 1766 2215 dictum:
1801 2138 1902 2212 Beati
1924 2167 2076 2237 quorum
2097 2144 2261 2213 remissae
2277 2159 2364 2214 srtnt
2385 2143 2574 2236 iniquitates.
2615 2124 2619 2208 ⁴,

576 2259 705 2340 rendi,
738 2268 780 2326 ut
802 2254 831 2323 ti
856 2248 1107 2345 paterfamilias
1134 2244 1180 2317 Sit
1204 2269 1305 2315 “ivo
1337 2245 1495 2335 placitus
1519 2241 1565 2308 ab
1619 2244 1823 2316 luctificatio
1853 2258 1903 2315 εει
1931 2245 2087 2337 acceptio
2121 2246 2340 2319 remissionis
2362 2257 2575 2336 'peccatorum
2611 2226 2619 2263 '³

578 2365 691 2439 amico
716 2359 857 2451 atiquo,
890 2364 1011 2443 posteo
1041 2360 1158 2420 autem
1186 2368 1307 2420 servus
1331 2347 1466 2437 placeat
1491 2343 1565 2413 suis
1616 2372 1677 2419 seu
1692 2346 1990 2417 reconciliationis
2009 2372 2071 2439 per
2085 2348 2205 2433 iidem,
2240 2344 2575 2441 qualiliusDeicon-
2612 2330 2616 2365 ⁷

579 2466 724 2547 officiis,
766 2456 858 2528 nibil
885 2455 1014 2523 deinde
1038 2450 1090 2521 ibi
1119 2448 1250 2539 negotii
1279 2446 1406 2518 est'illi
1437 2446 1564 2516 emico.
1618 2451 1855 2535 solaturnos,
1879 2450 2363 2525 osteudensmiserieordiam
2384 2450 2508 2521 aeterni
2529 2473 2575 2539 pa·
2612 2461 2621 2468 ”

581 2570 640 2644 Sic
659 2564 818 2657 Papistae
835 2558 1010 2649 sepeliunt
1028 2550 1230 2641 Christum,
1247 2574 1326 2621 cum
1344 2550 1485 2637 lingunt
1498 2543 1567 2617 bo·
1620 2544 1683 2622 tris
1699 2550 1737 2619 in
1754 2575 1839 2620 voce
1848 2546 2047 2641 Evangelii,
2065 2566 2098 2621 et
2112 2553 2266 2624 liberans
2282 2576 2325 2623 ex
2339 2567 2452 2624 morte
2464 2564 2576 2621 aeterua
2619 2543 2621 2569 ²

582 2673 715 2743 minem
746 2677 865 2758 postea
900 2656 1054 2749 propriis
1094 2654 1289 2727 virtutibus
1323 2653 1454 2721 iustum
1483 2673 1570 2733 esse,
1621 2654 1773 2723 viviticat
1798 2676 1882 2738 uos,
1910 2669 1944 2722 et
1968 2655 2027 2722 dat
2050 2652 2223 2743 Spiritum
2247 2669 2430 2736 sanctum,
2463 2652 2576 2723 aclacit
2614 2635 2621 2674 ‘¹

582 2796 657 2845 non
685 2770 774 2851 lide,
814 2787 887 2832 uon
917 2756 1159 2829 misericordia
1183 2769 1326 2849 propter
1354 2754 1469 2823 filium
1491 2748 1570 2835 Dei,
1621 2780 1687 2826 nos
1709 2751 1875 2824 haeredes
1892 2755 1982 2824 vitae
2003 2770 2173 2828 aeternae.
2226 2755 2330 2828 Sicut
2351 2750 2576 2826 loha'nnesin.

583 2880 753 2967 imputata
775 2864 923 2936 institit·
1623 2859 1717 2952 quit:
1745 2854 1817 2945 Qui
1838 2851 1946 2926 babet
1970 2858 2104 2941 filium,
2131 2852 2238 2928 babet
2254 2858 2378 2929 vitam.
2427 2856 2498 2928 Hac
2513 2854 2575 2924 defi·
2619 2843 2620 2846 ¹

687 2971 736 3044 At
758 2994 838 3040 cum
853 2964 986 3036 Paulus
1009 2960 1173 3032 nominat
1192 2952 1252 3026 bic
1267 2958 1394 3041 fidem,
1420 2955 1572 3049 opponit
1626 2961 1762 3032 uitione
1790 2960 2009 3030 considerata
2033 2960 2183 3048 intelligi
2206 2972 2350 3052 potest,
2392 2985 2462 3029 non
2483 2956 2575 3028 divelli
2612 2971 2618 2979 ’

586 3104 662 3155 eam
686 3071 924 3153 dubitationi,
963 3064 1041 3135 vetit
1066 3062 1158 3132 vinci
1182 3059 1461 3145 dubitationem,
1495 3057 1573 3129 vult
1626 3061 1869 3133 remissionem
1895 3072 2137 3152 peccatorum,
2163 3076 2197 3135 ει
2221 3062 2508 3146 vivificationem,
2535 3060 2575 3127 sed

586 3177 859 3277 applicationem
877 3168 954 3240 fieti
970 3169 1054 3250 fide,
1079 3166 1155 3235 tuit
1180 3176 1212 3233 te
1237 3162 1385 3234 firmiter
1407 3174 1572 3241 statuere,
1625 3160 1712 3233 baec
1730 3162 1936 3233 correlative
1953 3186 1990 3233 se
2013 3159 2159 3234 babere:
2184 3164 2234 3236 sie
2256 3166 2354 3235 enim
2379 3166 2416 3235 lit
2438 3160 2576 3237 remissio,
2609 3143 2619 3184 '³

588 3285 683 3383 quod
709 3291 853 3374 propter
875 3263 980 3341 'hunc
1013 3268 1309 3359 propiciatorem,
1345 3286 1406 3333 Seu
1430 3278 1586 3363 propter·
1625 3259 1707 3337 'cum
1729 3265 1800 3335 fide
1823 3265 2013 3355 accipitur,
2038 3267 2186 3355 cogitata
2210 3291 2295 3336 voce
2318 3264 2506 3357 Evangelii.
2546 3256 2577 3329 lit
2610 3246 2618 3285 ³

587 3392 664 3461 eius
679 3378 917 3455 obedientiam
941 3372 1131 3461 accipimus
1155 3368 1394 3437 remissionem
1415 3379 1573 3458 peecato-
1626 3364 1693 3437 hac
1711 3368 1778 3435 lide
1794 3368 1955 3437 intuente
1970 3368 2208 3438 obedientiam
2223 3368 2289 3440 filii
2307 3368 2391 3455 Dei,
2421 3364 2578 3461 ipselilios
2614 3352 2621 3436 ³,

588 3515 690 3578 rum,
722 3477 1050 3558 reconcilatiouern,
1090 3496 1152 3542 ⁵⁸¹¹
1173 3470 1467 3574 acceptationem,
1508 3467 1576 3536 im·
1628 3464 1738 3569 λόγος
1752 3470 1886 3540 aeterni
1912 3470 2040 3560 patris,
2066 3470 2221 3543 vivificat
2242 3478 2427 3544 credentes
2450 3487 2480 3542 et
2501 3464 2576 3538 habi·
2619 3453 2622 3493 ³

590 3604 710 3688 putata
728 3583 866 3656 iusticia
884 3592 1027 3670 propter
1040 3573 1245 3664 sanguinem
1265 3570 1577 3655 mediatoris,.sci·
1630 3588 1680 3644 tat
1700 3571 1825 3651 ineis,
1852 3570 2486 3662 Spirituaancqomnfirmansfflrd,
2528 3565 2579 3638 Na.

591 3699 693 3777 licet,
718 3690 848 3758 donata
866 3681 970 3750 nobis
994 3677 1105 3772 ipsius
1129 3673 1350 3756 obedientia,
1378 3677 1472 3743 sicut
1494 3697 1576 3764 pro·
1631 3697 1700 3769 que
1717 3689 1835 3745 tamen
1852 3675 1889 3744 tit
1905 3673 2096 3744 vivificatio
2110 3688 2169 3745 aut
2183 3671 2269 3746 baec
2286 3673 2509 3757 inhabitatio,
2528 3665 2579 3735 nisi
2614 3666 2618 3675 ’

592 3813 672 3892 ριεε
687 3816 761 3864 eam
778 3791 887 3859 simus
904 3783 1006 3866 iusti,
1033 3781 1066 3849 id
1093 3791 1163 3861 est,
1191 3776 1365 3865 placentes
1390 3791 1423 3846 et
1444 3775 1577 3862 accepti
1632 3775 1830 3870 praeluceat
1845 3777 1947 3860 fides,
1973 3778 2034 3871 qui
2051 3778 2179 3848 nititur
2195 3781 2398 3850 obedientia
2416 3777 2475 3846 lilii
2489 3771 2553 3845 Dei.
2615 3758 2621 3797 '⁷

593 3903 685 3974 Deo.
738 3891 790 3962 lta
816 3910 953 3976 semper
968 3895 1093 3958 ,manet
1118 3879 1221 3948 nobis
1242 3877 1335 3946 lilius
1351 3877 1580 3967 propiciatoc,
1601 3869 1610 4010 q
1740 3878 1811 3950 Sed
1826 3903 1890 3949 cur
1906 3879 2041 3972 inquit:
2065 3877 2358 3952 Praecedeutium
2371 3869 2581 3972 peccatorum?

592 4011 857 4096 propterquem
875 3987 1069 4077 placetum,
1094 4004 1169 4052 ¹¹⁰ss
1189 3993 1332 4070 Pt0l³t²i
1350 3977 1581 4050 nostritvir-
1634 3979 1705 4052 llic
1721 3983 1935 4070 respondent
1951 3981 2095 4074 quidam
2111 3981 2203 4052 hauc
2220 3985 2428 4076 particulam
2444 3980 2580 4050 adiectam
2620 3984 2621 3997 ¹

595 4117 704 4184 tutes,
731 4119 819 4188 quae
836 4113 911 4160 uon
930 4098 1077 4179 possunt
1093 4082 1228 4173 opponi
1246 4083 1317 4150 irae
1333 4079 1411 4150 Dei.
1632 4106 1726 4166 esse,
1747 4095 1787 4151 ut
1802 4085 1952 4153 sciamus
1968 4085 2006 4152 iu
2019 4080 2215 4175 Evangelio
2238 4109 2314 4155 uon
2338 4082 2478 4156 concedi
2498 4079 2582 4146 licen·

693 4198 838 4270 Habent
853 4190 1061 4260 excellentes
1081 4186 1227 4255 virtutes
1254 4197 1288 4253 et
1309 4183 1451 4252 divinas
1471 4179 1581 4250 actio·
1631 4187 1718 4256 tiam
1735 4187 1922 4276 peccandi,
1946 4188 2005 4254 sed
2021 4185 2171 4256 sciamus
2187 4199 2327 4278 peecata
2343 4185 2469 4257 remitti
2490 4182 2522 4249 in
2535 4173 2582 4255 tit
2620 4174 2621 4197 ³

595 4305 714 4380 nesio
732 4321 825 4382 sese,
853 4286 997 4381 loseph,
1021 4285 1139 4371 Elias,
1159 4283 1331 4370 Elisaens,
1357 4282 1498 4368 Daniel,
1520 4282 1581 4351 sed
1629 4288 1695 4379 ‚qui
1720 4301 1829 4377 agunt
1855 4288 2129 4375 poenitentiam,
2162 4288 2526 4382 inquffimpoefflmm
2537 4279 2582 4347 de·
2620 4280 2621 4295 ι

596 4407 661 4480 bas
679 4406 827 4473 virtutes
844 4409 878 4466 et
893 4393 1051 4463 actiones
1065 4389 1204 4460 divinas
1219 4411 1293 4458 nou
1313 4400 1504 4490 opponunt
1526 4385 1581 4452 iu·
1634 4389 1719 4460 sinit
1735 4411 1894 4478 regnare.
1936 4389 1990 4461 Ae
2006 4388 2198 4459 Novatiani
2216 4386 2284 4460 hoc
2300 4391 2379 4461 loco
2395 4386 2488 4460 abusi
2506 4390 2581 4452 sunt:

599 4510 692 4584 dicio
708 4504 794 4588 Dei,
820 4499 879 4570 sed
898 4493 1106 4583 confugiunt
1121 4494 1165 4560 ad
1186 4491 1415 4558 mediatorem
1444 4502 1479 4558 et
1499 4510 1583 4577 pro-
1635 4516 1714 4562 aum
1732 4513 1805 4562 non
1827 4491 2115 4585 salmantinae,
2140 4492 2263 4584 Lamp,
2283 4493 2314 4564 ,ἦ
2334 4502 2582 4563 mmmmm.
2620 4496 2621 4575 j

598 4614 740 4686 missam
754 4587 1582 4682 misericordiam,etstatuuntseplacereDeo,
1636 4607 1779 4678 tantur,
1806 4617 1878 4662 non
1899 4595 2030 4662 remitti
2053 4595 2198 4664 delicta:
2226 4596 2496 4689 quotiescunque
2511 4580 2582 4651 euim
2620 4670 2621 4679 ἵ

601 4739 663 4811 per
684 4703 960 4782 misericordiam
983 4710 1126 4788 propter
1149 4695 1396 4777 mediatorem,
1431 4695 1521 4760 sicut
1545 4691 1583 4758 in
1638 4697 1678 4767 fit
1692 4696 1872 4780 remissio,
1897 4697 1936 4765 lit
1950 4697 2237 4787 praecedentium
2257 4711 2470 4789 pcccatorum
2486 4682 2582 4758 remit·

598 4817 741 4890 Psalmo
759 4807 906 4879 dicitur:
941 4799 1155 4872 Convertere
1166 4793 1341 4878 Domine,
1366 4808 1402 4866 et
1417 4795 1515 4885 eripe
1528 4815 1585 4860 me
1636 4799 1701 4872 aio,
1716 4793 1797 4868 ,Sed
1813 4793 1880 4868 hoc
1890 4797 1968 4866 1020
1985 4799 2145 4868 messa„
2160 4817 2381 4888 mmmmm
2397 4801 2582 4864 „nmmum

600 4903 1172 5013 proptermisecicordiamtuam,
1198 4900 1336 4967 tatium
1352 4899 1488 4966 meiat·
1537 4891 1586 4964 Et
1637 4904 1681 4970 de
1701 4898 1900 4970 actualibus
1922 4899 2061 4968 delictis
2084 4899 2316 4990 intelligitur,
2350 4900 2408 4968 sed
2428 4885 2583 4966 dennis

600 5017 730 5095 Daniel
750 5009 889 5103 iuquit:
916 5003 997 5074 Non
1018 5002 1056 5070 in
1071 5001 1211 5070 iusticia
1229 5016 1347 5069 nostra
1365 5000 1586 5080 exaudinos,
1637 5001 1737 5071 sione
1752 5001 1941 5072 actualium
1960 5014 2179 5091 pcccatorum
2196 5017 2231 5074 et
2252 5000 2446 5092 originalis,
2469 5017 2530 5086 quo
2545 5009 2583 5056 aa.

542 5133 561 5146 '
603 5124 661 5196 sed
695 5127 838 5211 propter
868 5106 1063 5178 Dominum
1093 5127 1155 5194 per
1183 5101 1473 5172 misericordiam.
1638 5103 1746 5174 misso
1762 5103 1801 5173 in
1817 5098 1883 5174 bac
1896 5105 1967 5174 vita
1983 5115 2100 5173 tamen
2116 5106 2264 5176 morbus
2279 5115 2403 5174 manet.
2438 5097 2501 5170 Sed
2514 5089 2583 5160 Pao-

606 5285 668 5362 Ad
688 5278 926 5357 ostensionem
949 5269 1117 5343 iusticias
1139 5291 1228 5341 sone
1242 5275 1388 5365 propter
1402 5265 1587 5338 remissio.
1640 5206 1696 5276 ¹¹¹⁸
1719 5206 1869 5298 ⁰PP⁰¹¹it
1884 5200 1977 5274 hm
1999 5207 2208 5296 particulam
2232 5201 2506 5280 praecedentium
2523 5209 2584 5282 pec·

923 5399 1002 5445 mm
1027 5383 1266 5473 peccatorum·
1640 5322 1820 5400 catorum,
1843 5305 1949 5396 Legi,
1973 5311 2072 5402 quasi
2088 5311 2200 5378 dicat:
2225 5306 2279 5379 Ne
2302 5307 2355 5378 lex
2373 5304 2503 5399 quidem
2516 5294 2580 5362 abo·

1641 5407 1730 5480 levit
1751 5423 1951 5499 peccatum,
1972 5413 2031 5479 sed
2052 5411 2088 5480 id
2112 5411 2288 5502 praecedit
2311 5413 2417 5480 donec
2438 5393 2582 5489 agnitione

703 5525 840 5606 idest,
866 5497 906 5589 ui
927 5515 1081 5585 declaret
1103 5534 1204 5620 suam
1218 5505 1395 5580 iusticiam
1411 5509 1449 5577 iu
1466 5507 1591 5578 remis·
1643 5524 1677 5582 et
1708 5511 1836 5581 fiducia
1870 5511 2032 5604 Messias
2052 5512 2208 5595 tollitur,
2240 5513 2331 5582 sicut
2363 5520 2470 5601 postea
2498 5497 2580 5565 dicet:

606 5637 707 5708 sione
731 5636 974 5722 peccatorum,
1008 5629 1043 5686 et
1065 5616 1225 5708 tthittti
1250 5624 1395 5702 Potitia
1427 5613 1522 5703 quod
1546 5611 1592 5682 sit
1644 5610 1768 5708 Usque
1790 5614 1835 5683 ad
1858 5614 1970 5704 legem
1994 5627 2173 5705 peccatum
2188 5615 2256 5684 tuit
2271 5614 2309 5683 in
2326 5609 2466 5687 mundo,
2495 5599 2525 5665 id
2537 5601 2581 5668 est,

609 5741 722 5810 iustus
737 5743 770 5802 et
785 5724 978 5796 iustificans
997 5741 1095 5790 eum:
1122 5716 1184 5808 qui
1200 5728 1251 5784 cst
1267 5738 1309 5784 ex
1325 5715 1394 5783 fide
1409 5709 1500 5785 lesu.
1538 5713 1593 5783 Ac
1646 5716 1751 5786 etiam
1772 5740 1852 5786 eum
1873 5717 1930 5786 lex
1951 5718 2022 5786 lata
2045 5729 2115 5808 est,
2141 5727 2345 5788 manserunt
2360 5728 2464 5785 tanen
2487 5715 2579 5807 lectt·

608 5839 741 5910 Paulus
755 5851 838 5902 mox
855 5824 1031 5908 declarat,
1059 5818 1239 5912 quomodo
1254 5815 1340 5886 velit
1362 5815 1515 5906 intelligi
1530 5841 1594 5886 vo-
1645 5831 1721 5888 tum
1736 5831 1769 5888 ει
1784 5840 1892 5894 mors.
1940 5817 2100 5892 Tollitur
2115 5832 2233 5891 autem
2247 5819 2419 5912 agnitione
2432 5817 2462 5878 ει
2479 5803 2578 5872 fidoua
