5825 6950
320 696 413 775 eos
724 685 1135 787 strumensem
1166 702 1218 784 ιιι
1248 700 1436 831 unane.
1469 702 1691 790 rosamo.
1755 666 1991 785 ειιιιιίι.
2146 798 2149 803 ,
2299 715 2376 789 no

323 875 497 951 tudinem
515 871 642 951 barum
659 902 777 951 rernm
794 902 869 951 noo
892 901 994 975 posse
1012 880 1123 954 ullius
1146 881 1323 969 oratione,
1373 880 1406 952 ei
1428 878 1612 965 Simonem
1635 880 1877 979 Cyrenaeum,
1923 882 2016 955 forte
2041 880 2082 955 in
2109 882 2167 957 ris
2190 884 2362 975 oblatum,

324 992 391 1051 aut
407 978 495 1049 ullis
509 980 754 1053 voluminibus
769 986 917 1076 exponi,
933 986 994 1054 sed
1011 986 1150 1056 a'ssidue
1165 986 1204 1054 in
1220 986 1322 1055 omni
1374 1005 1479 1078 quem
1496 998 1627 1077 cogunt
1640 997 1680 1057 nt
1696 987 1840 1058 adiuret
1855 980 2056 1079 Christum,
2084 999 2203 1080 postea
2219 990 2361 1061 addun-

324 1082 404 1154 vita
423 1084 654 1173 repetendam
673 1108 746 1154 esse
764 1086 1011 1176 cogitationem
1034 1082 1143 1169 huius
1164 1085 1321 1158 mirandi
1373 1103 1434 1160 tur
1448 1102 1483 1158 et
1497 1090 1569 1161 duo
1585 1088 1740 1159 latrones
1753 1112 1826 1161 nna
1840 1089 2078 1180 crucifigendi.
2112 1088 2254 1164 Numen
2269 1088 2361 1163 Gol-

326 1183 478 1257 consilii
492 1184 583 1269 Dei,
605 1198 639 1256 et
653 1188 811 1259 sacrilicii
826 1184 979 1274 Christi,
996 1203 1031 1261 et
1044 1189 1222 1274 beneficii,
1237 1212 1322 1281 pro-
1373 1185 1480 1279 getha
1503 1190 1678 1281 significat
1699 1193 1756 1262 vel
1772 1212 1958 1276 acervum,
1983 1191 2019 1261 id
2039 1204 2107 1279 est,
2133 1191 2250 1265 locum
2267 1195 2362 1265 exci-

324 1302 411 1382 pter
436 1287 536 1379 quod
558 1285 651 1358 filins
672 1284 739 1359 Dei
759 1291 901 1362 victima
920 1292 1033 1363 iactus
1058 1304 1129 1380 est,
1165 1292 1322 1363 breviter
1374 1304 1506 1375 tatum,
1532 1316 1594 1363 seu
1615 1293 1816 1385 lapidibus,
1847 1315 1910 1364 seu
1933 1294 2139 1385 cespitibus:
2166 1296 2223 1365 vel
2248 1296 2360 1388 ipsam

322 1406 446 1465 tamen
465 1390 622 1459 recitabo
638 1392 771 1486 aliquas
788 1406 915 1486 partes.
1373 1397 1509 1466 calvam
1526 1394 1656 1481 cranii,
1680 1418 1743 1469 seu
1757 1396 1883 1487 eapitis
1899 1390 2067 1483 hnmani,
2096 1398 2193 1491 quod
2210 1398 2296 1468 alibi
2320 1399 2361 1468 in

431 1490 582 1562 Primus
599 1492 698 1563 locus
715 1509 782 1566 est:
809 1494 945 1566 Pilatus
961 1508 1138 1583 metuens,
1164 1520 1211 1567 ue
1227 1497 1320 1589 apud
1375 1510 1471 1568 textu
1498 1494 1663 1569 Hebraeo
1693 1498 1862 1570 scribitur
1884 1493 2073 1587 Golgetha.
2122 1495 2215 1570 Cum
2243 1514 2361 1573 autem

330 1596 520 1672 Caesarem
543 1605 783 1684 accusaretur,
818 1611 940 1669 contra
962 1596 1213 1669 conscientiam
1236 1623 1323 1669 con·
1373 1598 1494 1670 omnia
1510 1601 1669 1671 membra
1685 1599 1825 1689 longius
1840 1622 2006 1671 enarrare
2020 1623 2095 1670 non
2109 1602 2255 1693 possim,
2264 1626 2362 1674 nunc

333 1702 476 1771 demost
490 1691 687 1784 Christum,
701 1699 782 1769 cnm
801 1702 945 1795 quidem
962 1702 1061 1793 prins
1075 1702 1198 1774 multis
1213 1700 1323 1790 signis
1374 1715 1512 1774 tentum
1528 1702 1573 1771 de
1589 1702 1747 1773 Simonis
1764 1702 1938 1797 Cyrenaei
1955 1702 2120 1793 allegoria
2136 1704 2264 1792 dicem,
2280 1729 2361 1776 curn

333 1804 496 1875 ostendat
514 1821 551 1867 se
564 1792 658 1869 hanc
672 1800 783 1893 ipsam
795 1803 1127 1875 condemnationem
1140 1804 1321 1897 improba-
1374 1804 1413 1872 id
1428 1804 1645 1895 exemplum,
1672 1805 1767 1898 quod
1786 1804 1929 1876 videtur
1945 1804 2106 1895 exiguam
2129 1806 2362 1879 ciccumstan·

327 1930 376 1991 re,
389 1908 442 1978 ait
457 1927 496 1974 se
512 1896 610 1972 hunc
625 1900 740 1973 Iesum
757 1904 986 1977 dimissurum
1002 1930 1087 1987 esse,
1105 1922 1145 1978 ut
1161 1908 1322 1978 solebant
1374 1906 1461 1977 tiam
1479 1906 1680 1994 continere,
1701 1922 1772 1977 tam
1788 1906 1977 1997 diligenter
1992 1907 2176 1979 recitatum
2192 1907 2250 1984 sit.
2302 1906 2363 1980 si-

323 2008 476 2079 infesto
501 2002 656 2097 aliquem
680 2005 858 2099 captivum
885 2006 1081 2091 dimittere,
1107 2007 1177 2081 Sed
1199 2008 1322 2079 ludaei
1374 2008 1517 2099 gnificat
1532 2022 1649 2081 autem
1665 2005 1724 2080 hic
1739 2008 1866 2081 Simon
1887 2030 2025 2100 semper
2046 2010 2085 2079 in
2107 2008 2362 2083 afflictionibus

321 2112 535 2181 anteferunt
556 2108 752 2193 latronem,
776 2123 810 2183 et
824 2110 1008 2181 seditionis
1029 2125 1207 2198 autorem,
1225 2112 1322 2184 lavat
1374 2108 1553 2182 Ecclesiae
1571 2112 1710 2205 aliquos
1726 2134 1819 2197 esse,
1836 2134 1916 2181 curn
1933 2111 2128 2202 principes,
2146 2124 2222 2181 tum
2237 2114 2362 2185 docto-

322 2228 359 2285 et
375 2234 532 2298 manus,
549 2224 583 2281 et
598 2211 649 2281 ait
663 2232 699 2279 se
714 2209 940 2283 innocentem
955 2233 1046 2295 esse,
1068 2216 1164 2309 quod
1181 2214 1321 2303 signum
1373 2236 1447 2298 res,
1480 2226 1555 2284 tum
1579 2215 1667 2284 alios
1688 2208 1851 2284 homiues
1872 2214 1970 2305 pios,
2001 2212 2064 2306 qui
2088 2226 2222 2306 partem
2247 2215 2362 2285 crucis

324 2328 404 2387 erat
416 2316 536 2383 laesae
553 2312 800 2401 conscientiae,
815 2336 899 2384 nam
915 2338 1037 2386 revera
1053 2315 1185 2388 sciebat
1198 2339 1234 2386 se
1247 2338 1321 2385 non
1373 2328 1529 2407 gestant,
1555 2330 1595 2386 ut
1612 2339 1729 2399 nunc,
1752 2339 1832 2386 cnm
1850 2338 1948 2405 reges
1961 2315 2042 2385 irati
2067 2316 2185 2386 delere
2199 2311 2362 2406 Evange-

329 2440 403 2489 esse
421 2418 668 2486 innocentem:
693 2412 842 2487 Faciens
859 2418 954 2487 enirn
970 2416 1102 2504 scelus,
1117 2431 1151 2489 ει
1167 2440 1322 2488 consen·
1372 2420 1476 2504 lium,
1492 2431 1526 2488 et
1540 2418 1738 2490 interficere
1753 2418 1915 2489 doctores
1931 2429 2116 2504 conantur,
2131 2417 2244 2510 aliqui
2260 2420 2361 2511 prin-

335 2522 444 2604 tiens,
473 2520 622 2589 eandem
645 2539 795 2609 poenam
820 2534 1013 2595 merentur.
1071 2518 1127 2591 De
1153 2515 1220 2591 boc
1241 2520 1320 2590 loco
1373 2520 1468 2612 cipes
1484 2532 1516 2589 et
1534 2522 1797 2611 gubernatores,
1810 2520 1847 2589 iu
1862 2518 1954 2589 aulis
1969 2532 2003 2589 et
2016 2518 2220 2591 civitatibus
2233 2542 2362 2610 magna

334 2620 407 2691 non
422 2622 539 2692 dicam
554 2620 675 2712 plura,
701 2622 761 2689 sed
778 2617 837 2695 hic
854 2622 1054 2697 caecitatem
1072 2645 1145 2693 esse
1162 2624 1319 2692 furorem
1373 2622 1529 2716 pericula
1548 2635 1582 2693 et
1596 2644 1782 2693 aerumnas
1800 2620 1993 2707 sustinent,
2006 2620 2057 2689 ,in
2071 2621 2274 2693 defensione
2290 2621 2361 2693 Ec·

327 2722 493 2813 Regum,
518 2719 747 2813 Principum,
772 2737 806 2794 et
822 2739 1006 2817 potentum
1021 2724 1181 2795 omnium
1198 2724 1321 2817 deplo-
1372 2726 1558 2795 elesiarnm
1580 2737 1614 2796 et
1637 2724 1858 2795 docentium:
1892 2724 1966 2793 imo
1992 2722 2098 2793 etiarn
2126 2737 2247 2796 noster
2271 2726 2361 2795 ordo

327 2848 471 2910 mmus,
486 2825 550 2918 qui
566 2824 673 2893 simili
691 2827 797 2895 modo
812 2830 974 2898 saevient
988 2828 1026 2897 in
1042 2822 1248 2911 Ecclesiam,
1261 2827 1318 2895 in·
1371 2822 1602 2899 scholasticus
1623 2850 1705 2898 vere
1727 2841 1860 2917 partem
1883 2824 1997 2895 crucis
2018 2836 2145 2915 gestat,
2172 2838 2206 2897 et
2223 2838 2362 2898 constat

324 2929 427 2999 citati
443 2928 489 2998 ab
503 2926 882 3020 impiissacerdotibus.
916 2926 964 3001 Et
976 2952 1180 3023 quanquam
1194 2928 1320 3001 volunt
1372 2930 1520 2999 nomine
1545 2928 1692 3001 Simeon
1720 2926 1911 3019 significari
1938 2928 2148 2999 auditorem.
2201 2926 2360 3001 Studiosi

326 3031 496 3101 derivare
516 3029 656 3121 culpam
672 3028 710 3097 in
727 3033 943 3118 sacerdotes,
966 3034 1140 3121 dicuntae
1155 3046 1320 3125 oportere
1372 3032 1545 3102 discentes
1560 3030 1793 3121 Evangelium
1810 3029 1918 3101 simul
1934 3028 2165 3121 implicantur
2181 3030 2360 3121 periculis,

326 3132 431 3227 sequi
446 3132 671 3202 autoritatem
687 3126 885 3223 Ecclesiae,
912 3148 1029 3205 tamen
1048 3158 1169 3205 revera
1186 3145 1319 3204 suntet
1371 3134 1477 3204 multi
1494 3156 1590 3203 nunc
1611 3133 1663 3226 pii
1682 3128 1881 3205 scholastici
1905 3154 2051 3221 magnas
2074 3132 2233 3201 miserias
2253 3132 2362 3203 susti·

327 3235 506 3306 eruntrei
524 3257 641 3303 coram
657 3230 755 3319 Deo,
787 3236 870 3330 qnia
886 3260 958 3308 non
977 3237 1061 3306 solis
1077 3236 1318 3308 sacerdotibus
1370 3249 1457 3308 nent
1485 3250 1629 3329 propter
1657 3230 1914 3324 Evangelium,
1955 3234 2014 3303 sed
2036 3231 2135 3303 Deus
2157 3234 2282 3304 reddet
2310 3232 2361 3303 eis

325 3336 624 3417 mandatumest,
648 3333 1084 3428 utsciantEvangelium,
1110 3338 1172 3408 sed
1198 3338 1317 3409 omni·
1371 3336 1545 3429 praemia,
1583 3336 1675 3408 sicut
1695 3349 1731 3405 ει
1752 3330 1837 3408 huic
1860 3334 2021 3407 Simeoni
2046 3334 2216 3409 reddidit.
2268 3332 2360 3405 Nam

325 3442 395 3512 bus
419 3435 630 3509 hominibus
650 3436 783 3512 dictum
806 3453 857 3512 est
874 3442 917 3510 de
937 3436 1098 3513 Christo:
1123 3437 1231 3513 Hunc
1253 3464 1316 3513 an·
1368 3440 1461 3511 filios
1478 3441 1553 3510 eius
1572 3435 1815 3512 Alexandrum
1831 3451 1865 3511 et
1881 3434 2017 3512 Rufum
2033 3450 2153 3532 postea
2169 3438 2213 3510 ad
2229 3458 2361 3508 munus

327 3544 422 3623 dite,
449 3555 484 3613 et
506 3541 721 3612 nominatim
745 3545 885 3634 regibus
901 3543 1034 3616 dictum
1053 3556 1122 3614 est:
1155 3539 1203 3616 Et
1219 3568 1316 3616 nunc
1368 3539 1556 3634 Evangelii
1578 3541 1730 3618 vocavit.

328 3669 430 3738 reges
446 3643 652 3732 intelligite,
672 3645 863 3714 erudimini
879 3645 942 3739 qni
957 3646 1124 3716 indicatis
1136 3660 1278 3721 terrem.
1472 3643 1617 3716 'l'ertius
1633 3643 1732 3714 locns
1750 3656 1801 3714 est
1820 3641 1944 3713 concio
1957 3637 2093 3714 Christi
2114 3643 2158 3713 ad
2182 3643 2361 3728 mulieres,

429 3742 952 3840 NomenGabbathasignilicat
969 3747 1084 3819 locum
1101 3749 1314 3820 eminentem
1369 3771 1459 3842 quae
1494 3749 1665 3819 eiulantes
1699 3747 1916 3816 comitantur
1946 3740 2130 3817 Christum
2165 3757 2359 3834 gestantem

326 3848 541 3924 asecahulo
558 3847 679 3935 Gaba,
703 3851 798 3944 quod
824 3864 875 3921 est
896 3851 1069 3934 altitudo,
1097 3865 1130 3921 et
1148 3852 1315 3939 allegoria
1367 3872 1519 3920 crucem.
1546 3849 1627 3919 Non
1643 3849 1739 3917 euim
1755 3860 1895 3917 tantum
1910 3847 2076 3918 atrocitas
2093 3847 2259 3943 supplicii
2271 3871 2360 3916 con·

326 3965 454 4023 monet
484 3951 673 4021 eminentia
706 3965 740 4022 et
766 3975 904 4022 summa
933 3952 1081 4044 imperia
1111 3953 1313 4043 belligerari
1368 3951 1555 4022 sideranda
1573 3964 1634 4034 est,
1650 3952 1709 4018 sed
1728 3949 1831 4020 etiam
1847 3971 1989 4033 causae,
2004 3961 2038 4019 et
2053 3969 2233 4018 sermones
2251 3942 2358 4020 Chri-

328 4079 411 4126 com
427 4051 527 4136 Deo,
557 4067 593 4123 et
622 4053 660 4121 in
686 4050 865 4126 Christum
891 4067 926 4126 et
948 4049 1144 4126 Ecclesiam
1168 4057 1314 4138 saevire,
1367 4055 1411 4124 sti
1427 4049 1708 4138 interimhabiti,
1718 4051 1779 4146 qui
1790 4050 2042 4142 amplissimam
2057 4049 2256 4120 doctrinam
2271 4073 2359 4120 con-

326 4159 422 4227 sicut
435 4153 633 4249 plerunque
648 4153 776 4226 lectum
796 4179 869 4225 esse
884 4149 1107 4226 horribiliter
1120 4169 1194 4228 tota
1208 4181 1315 4228 mun·
1366 4156 1494 4229 tinent.
1544 4151 1608 4226 Est
1630 4167 1746 4226 autem
1771 4152 1894 4223 concio
1917 4151 2176 4243 poenitentiae,
2200 4153 2357 4244 primum

325 4261 365 4330 di
381 4254 533 4328 historia
549 4258 717 4327 ostendit.
767 4255 1208 4352 Hicquoquetristissima
1233 4282 1317 4329 voce
1368 4252 1631 4348 reprehendens
1645 4255 1810 4326 mulieres
1831 4258 1991 4324 nondum
2010 4253 2265 4344 intelligentes,
2293 4275 2358 4322 cur
2404 4305 2409 4312 .

321 4359 454 4432 ludaei
470 4359 601 4452 seipsos
623 4360 881 4445 condemnant,
904 4359 1077 4431 dicentes:
1105 4357 1152 4432 Se
1173 4361 1316 4432 nullum
1367 4355 1532 4432 Christus
1546 4354 1643 4430 hunc
1660 4379 1809 4447 agonem
1827 4357 2007 4442 sustineat,
2022 4355 2152 4425 deinde
2165 4351 2356 4425 horribiles

322 4457 462 4534 habere
470 4457 605 4550 Regem
622 4461 691 4529 nisi
708 4458 914 4546 Caesarem,
941 4462 1056 4552 palam
1072 4475 1203 4554 negant
1218 4461 1315 4533 Mes·
1368 4484 1500 4554 poenas
1515 4461 1737 4552 praedicens,
1752 4480 1842 4552 quae
1857 4472 1891 4529 et
1905 4454 2002 4530 hunc
2017 4457 2189 4547 populum
2218 4468 2251 4524 et
2277 4477 2356 4523 om-

320 4565 437 4649 siam,
462 4576 497 4633 et
518 4561 758 4635 vaticinantur
782 4588 818 4632 se
844 4561 1027 4634 habituros
1049 4561 1251 4650 Caesarem,
1277 4565 1314 4635 id
1366 4585 1430 4632 nes
1453 4563 1581 4656 impios
1605 4582 1834 4652 oppressurae
1859 4575 1962 4631 sunt:
1997 4558 2102 4628 tertio
2128 4557 2354 4626 collationem

319 4679 397 4752 est,
425 4689 499 4735 uon
521 4663 688 4735 Messinm
711 4665 940 4750 salvatorem,
964 4668 1023 4736 sed
1043 4667 1228 4738 Caesarem
1249 4665 1316 4736 'ri-
1364 4666 1497 4734 faciens
1517 4663 1751 4734 alllictionum
1775 4659 1952 4731 Ecclesiae
1974 4673 2008 4730 et
2030 4657 2236 4750 impiorum.
2300 4653 2360 4728 Αε

319 4787 426 4852 ιιιιιι,
451 4766 513 4862 qui
533 4766 716 4860 aliquanto
734 4781 813 4858 post
829 4781 938 4840 totam
955 4766 1134 4840 ludaicam
1152 4771 1312 4863 politiam
1366 4769 1437 4854 dno
1454 4765 1573 4861 priora
1590 4764 1748 4835 membre
1767 4762 1848 4833 satis
1864 4763 2046 4854 perspicua
2060 4770 2162 4839 sunt,
2189 4757 2354 4829 mulieres

317 4869 948 4961 maguaerardelitatedeletornsest.
1000 4869 1182 4961 Significat
1196 4887 1313 4944 antem
1365 4868 1546 4938 communi
1569 4867 1801 4936 mediocrium
1825 4859 2011 4934 hominum
2027 4864 2168 4960 στοργῇ
2188 4861 2354 4954 deplore-

320 4970 458 5044 Caesar
478 4971 573 5040 idem
596 4973 692 5066 quod
717 4972 888 5056 crudelis,
922 4971 1036 5063 palam
1061 4975 1167 5044 etiam
1190 4976 1315 5046 clami·
1365 4966 1597 5043 bantChristi
1611 4967 1846 5040 calamitatem
1862 4979 2007 5058 propter
2022 4965 2152 5055 ipsum.
2186 4961 2352 5034 Nonne-

320 5087 421 5146 tant:
448 5071 504 5144 Sit
518 5075 660 5164 sanguis
680 5072 755 5144 eius
773 5098 880 5167 snper
894 5096 960 5143 nos
986 5087 1019 5143 et
1046 5075 1139 5145 filios
1161 5090 1311 5152 nostros.
1364 5086 1445 5143 rant
1461 5095 1592 5156 causas,
1608 5069 1772 5140 videlicet
1787 5069 1860 5161 pati
1874 5063 2055 5140 Christum
2070 5078 2216 5158 propter
2229 5079 2351 5136 nostra

318 5171 584 5248 Cohorrescere
601 5177 816 5268 omnespios
833 5189 1057 5261 necessust,
1080 5173 1172 5248 banc
1190 5203 1312 5249 vocem
1365 5187 1516 5266 peccata.
1568 5171 1715 5244 Necesse
1739 5183 1790 5242 est
1810 5184 1929 5244 autem
1953 5169 2122 5238 omnibus
2144 5164 2352 5237 bominibus

320 5279 530 5361 audientes,
563 5289 623 5348 ant
641 5277 850 5369 cogitantes:
887 5300 969 5348 cum
985 5291 1103 5348 sutem
1120 5275 1216 5352 bunc
1232 5294 1312 5350 tan.
1363 5269 1456 5346 banc
1470 5275 1668 5347 doctrinam
1684 5273 1776 5343 tradi
1792 5285 1827 5344 et
1842 5272 2031 5352 inculcari,
2054 5270 2183 5341 nostris
2200 5268 2350 5359 peccatis

319 5395 402 5454 tum
426 5381 583 5449 lotorem
598 5373 706 5450 buius
723 5383 847 5472 popnli
863 5379 1147 5468 consideramus,
1183 5383 1312 5454 excite·
1361 5375 1478 5449 Deum
1496 5401 1578 5448 vere
1595 5375 1713 5462 irasci,
1738 5387 1883 5468 propter
1899 5386 2019 5446 nostra
2035 5382 2350 5463 peccatametuen-

320 5506 427 5565 mur,
453 5493 494 5551 ιιι
518 5481 609 5550 veris
630 5494 664 5552 et
684 5484 892 5555 ardentibus
916 5482 1008 5552 votis
1030 5495 1209 5576 petamus,
1234 5497 1311 5557 nta
1363 5481 1426 5550 das
1440 5503 1514 5550 esse
1528 5499 1677 5570 poenas,
1693 5490 1812 5548 nostra
1829 5477 1919 5547 mala
1937 5476 2156 5565 agnoscenda
2173 5486 2208 5543 et
2223 5472 2349 5570 deplo-

319 5581 401 5656 Deo
423 5583 682 5677 gubernemur,
708 5607 755 5654 ue
773 5586 811 5654 in
827 5583 980 5656 similem
996 5587 1187 5658 amentiam
1204 5599 1238 5659 et
1255 5586 1312 5658 lu·
1362 5583 1474 5652 randa
1494 5605 1579 5656 esse.
1617 5577 1759 5652 Rursus
1775 5592 1890 5648 autem
1906 5578 2114 5662 sciendum,
2132 5575 2211 5646 tolli
2227 5587 2347 5644 nostre

319 5709 441 5758 rorem
460 5707 618 5762 mamus.
1361 5685 1453 5754 mala
1471 5709 1533 5774 per
1546 5678 1739 5755 Christum.
1791 5679 1952 5752 Stultitia
1970 5693 2021 5750 est
2035 5692 2171 5762 antem,
2196 5689 2236 5747 ut
2255 5675 2346 5744 dici·

398 5786 587 5859 Secundus
610 5785 710 5858 locus
734 5797 796 5860 est.
852 5781 991 5858 Milites
1019 5791 1174 5862 educunt
1205 5783 1311 5864 Chri·
1362 5799 1438 5867 tur,
1455 5782 1743 5874 iorissapere,id
1760 5795 1828 5866 est,
1846 5783 2066 5873 ignorantem
2083 5777 2225 5871 propriu
2244 5776 2346 5860 mele,

319 5905 433 5975 stum,
460 5901 495 5960 tl
509 5888 701 5980 imponunt
715 5889 748 5960 εἰ
761 5911 912 5963 crucem.
959 5889 1172 5983 Adiungnnt
1193 5908 1311 5967 autern
1362 5887 1548 5983 deplorare
1562 5885 1697 5970 aliena,
1712 5881 1902 5958 utPrismi
1917 5897 1978 5958 aut
1985 5877 2167 5968 Hectoris,
2182 5891 2214 5950 et
2229 5893 2347 5980 temen
