5825 6950
328 701 370 782 tt

328 899 494 975 quaquam
515 874 672 950 similem
692 899 768 948 esse
788 875 963 970 Scipioni.
1012 877 1176 951 Debebat
1198 873 1310 966 igitur

328 1003 505 1072 agnoscere
527 1004 630 1050 suam
654 981 954 1062 mediocritatem,
979 992 1015 1050 et
1029 1003 1254 1075 nequaquam
1271 1001 1309 1049 se

328 1085 478 1156 conferre
511 1082 702 1174 superiori.
769 1082 868 1172 Quid
899 1097 952 1152 εει
979 1082 1163 1163 usitatius,
1200 1069 1310 1176 quam

329 1189 410 1282 quod
430 1183 542 1258 multi
566 1197 744 1258 conantur
764 1186 857 1274 leges
877 1186 989 1268 ferre,
1013 1185 1309 1256 reformaresnas'

329 1289 492 1372 civitates,
516 1300 561 1358 ut
574 1300 723 1368 vocant,
748 1290 808 1356 sed
822 1283 916 1357 nihil
930 1285 1103 1375 salutare,
1127 1289 1309 1362 antdnra·

329 1393 390 1464 bile
402 1390 655 1471 constituitur,
680 1390 751 1460 nisi
767 1391 847 1462 Deo
862 1390 1073 1476 adiuvante,
1097 1403 1138 1461 ut
1152 1387 1310 1471 Solonis,

335 1494 487 1583 hugnsti,
520 1505 559 1564 et
584 1488 758 1562 similium
786 1494 1013 1586 quorundam
1043 1492 1136 1584 leges
1164 1493 1310 1564 inerunt

339 1598 421 1668 utilas
436 1595 600 1682 civibus,
625 1609 662 1666 et
674 1598 908 1668 duraverunt:
935 1594 1079 1666 interim
1094 1619 1200 1688 qnam
1214 1595 1310 1666 mul·

338 1715 434 1770 torom
461 1699 589 1768 futiles
609 1697 877 1770 emendationes
900 1699 1135 1771 turbaverunt
1152 1698 1307 1772 Atticam

332 1804 497 1874 civitatem
515 1815 549 1870 et
567 1797 781 1872 Romanam.

418 1953 461 2024 ln
486 1953 621 2024 talibus
641 1953 733 2024 vitae
746 1952 896 2046 negotiis
913 1954 1106 2045 cogitemus
1120 1947 1212 2024 hanc
1228 1977 1309 2022 sen-

328 2057 481 2128 tentiam:
508 2055 593 2126 Non
613 2071 727 2148 potest
745 2052 854 2127 homo
870 2057 939 2126 sibi
954 2058 1144 2152 quicquam
1160 2079 1308 2142 sumere,

329 2161 391 2230 nisi
409 2159 454 2232 sit
469 2159 503 2229 ei
519 2159 645 2228 datum
662 2161 706 2229 de
723 2159 833 2233 coelo.
883 2157 980 2229 Haec
996 2157 1168 2230 sententia
1185 2158 1310 2231 doceat

330 2287 404 2344 uos,
431 2261 730 2354 gubernationem
754 2283 827 2331 esse
851 2286 940 2354 opus
960 2260 1044 2347 Dei,
1077 2274 1237 2344 moneat,
1263 2285 1308 2332 ne

335 2367 400 2434 sine
418 2363 605 2434 rotatione
622 2361 677 2433 re‘s
692 2387 836 2454 magnas
851 2363 1104 2456 suscipiamus,
1127 2359 1214 2434 baec
1231 2389 1308 2434 mo-

343 2465 437 2536 destia
449 2466 545 2536 utilis
561 2473 613 2538 est
628 2465 707 2559 paci
727 2480 761 2537 et
778 2463 990 2538 concordiae
1008 2467 1182 2559 publicae.

423 2617 638 2712 Quanquam
670 2618 779 2708 igitur
810 2633 845 2692 et
873 2618 1059 2710 politicum
1082 2633 1307 2712 praeceptum

328 2737 389 2807 est,
409 2735 527 2792 umen
543 2721 628 2815 quia
642 2718 802 2812 Baptista
815 2719 862 2789 de
874 2719 1032 2791 Ecclesia
1048 2723 1225 2816 loquitur,
1251 2721 1308 2790 di-

325 2847 434 2894 camus
452 2825 502 2894 de
525 2823 735 2894 ministeriis
753 2819 944 2898 Ecclesiae.
995 2821 1216 2909 Ministeria,
1242 2847 1308 2914 gu·

323 2924 562 3010 bemationes,
595 2926 732 3009 cultus,
764 2949 830 2996 nec
850 2924 989 3018 placent
1011 2923 1109 3011 Deo,
1138 2951 1205 2996 nec
1225 2939 1308 2996 strnt

321 3031 491 3116 efficaces,
522 3051 591 3098 nec
615 3027 815 3110 durabiles,
846 3028 918 3096 nisi
945 3025 1042 3098 Deus
1071 3029 1116 3100 sit
1142 3041 1246 3100 autor
1274 3041 1309 3098 et

319 3133 468 3204 adiutor.
521 3127 673 3199 loannes
685 3130 848 3200 minister
860 3131 930 3200 fuit
943 3129 1122 3222 baptismi,
1141 3133 1308 3224 adquam

316 3232 491 3304 divinitus
505 3231 611 3302 certis
625 3232 838 3302 testimoniis
853 3244 998 3303 vocatus
1013 3233 1093 3304 luit.
1145 3231 1226 3302 Hoc
1241 3233 1308 3321 igi·

316 3354 374 3410 tur
397 3333 645 3406 ministerium
672 3334 805 3425 placuit
821 3331 917 3415 Deo,
951 3335 1021 3405 fuit
1043 3336 1162 3405 efficax
1184 3349 1219 3405 et
1239 3337 1320 3402 du->

253 3475 254 3482 ε
315 3439 437 3511 rabile.
494 3435 593 3507 ldem
612 3434 763 3507 loannes
783 3438 928 3527 agnovit
942 3438 1089 3510 modum
1105 3459 1188 3510 suae
1201 3459 1307 3508 roca·

314 3545 441 3625 tionis,
476 3564 518 3611 ac
541 3540 646 3611 toties
666 3538 854 3629 profitetur
873 3563 910 3610 se
931 3564 1007 3611 non
1026 3564 1101 3611 esse
1124 3538 1309 3624 Messium.

602 643 607 650 ’
726 703 813 786 xit.
860 697 1160 782 anemurio
1186 698 1239 780 tu
1263 695 1449 780 avane.
1468 697 1689 780 toruus.
1746 699 1852 780 cae.
1876 703 1944 780 111.

2305 701 2358 785 90'

1360 878 1425 951 ral.
1444 873 1506 952 19.
1530 873 1677 948 dicitur:
1710 875 1797 949 Sitis
1818 880 1943 966 sortes,
1966 877 2009 951 'et
2028 879 2155 970 lacite,
2180 883 2264 979 quia
2287 885 2355 959 erit

1360 981 1529 1052 dominus
1546 1003 1628 1051 cum
1642 981 1750 1052 bono.

1494 1143 1583 1247 Ipsi
1604 1174 1665 1222 cos
1687 1158 1794 1224 testes
1816 1147 1904 1224 estis
1925 1149 2029 1254 quod
2048 1150 2223 1231 dixerim.

1392 1315 1397 1322 ¹
1462 1281 1556 1376 Apte
1587 1279 1751 1374 cohaeret
1774 1286 1909 1375 oratio,
1940 1301 2043 1382 ante,
2075 1303 2118 1362 nt
2142 1292 2182 1363 in
2205 1292 2354 1387 syllogi-

1359 1409 1457 1474 smo,
1483 1388 1655 1461 maiorem
1675 1390 1882 1482 proposuit,
1905 1413 2004 1462 nunc
2027 1393 2205 1466 minorem
2221 1397 2354 1470 attexit.

1359 1488 1516 1562 Memini
1537 1515 1639 1564 meae
1660 1492 1875 1578 vocationis,
1901 1494 1996 1564 clare
2018 1496 2187 1588 profiteor
2206 1522 2355 1570 menon

1359 1615 1435 1663 esse
1455 1593 1647 1680 Messiam,
1678 1595 1741 1666 sed
1769 1595 2009 1667 ministerium
2040 1599 2136 1685 eius,
2166 1613 2205 1696 'et
2229 1615 2354 1674 testem

1361 1696 1507 1767 missum
1530 1711 1612 1768 ante
1633 1719 1734 1784 eum,
1766 1696 1804 1768 id
1829 1711 1900 1780 est,
1933 1711 1974 1768 ut
1998 1702 2213 1772 annunciem
2236 1705 2354 1795 ipsum

1358 1821 1442 1868 mox
1457 1795 1652 1870 affuturum
1670 1823 1753 1870 esse.
1807 1799 2009 1872 Plurimum
2025 1803 2131 1874 refert
2147 1805 2186 1874 io
2196 1803 2355 1878 Ecclesia

1359 1898 1551 1972 discrimen
1588 1901 1759 1992 intelligi,
1798 1901 1894 1976 inter
1929 1901 2116 1996 personam
2151 1901 2287 1978 Christi
2320 1923 2355 1979 et

1359 1997 1572 2097 Prophetas,
1605 2000 1797 2097 Apostolos
1818 2029 1857 2076 ac
1876 2030 2001 2076 omnes
2022 2007 2196 2081 doctores.
2246 2008 2354 2081 Solus

1359 2101 1453 2175 lilius
1470 2101 1539 2176 Dei
1561 2119 1612 2178 est
1635 2106 1777 2180 victima
1794 2130 1858 2201 pro
1877 2109 1983 2179 nobis
1998 2121 2032 2180 et
2048 2111 2241 2192 mediator,
2268 2136 2354 2204 pro-

1358 2222 1438 2300 pter
1462 2202 1559 2281 hunc
1583 2210 1698 2280 solum
1722 2210 1949 2303 recipimura
1966 2225 2064 2303 patre
2082 2214 2211 2284 fiducia
2230 2213 2354 2306 ipsius,

1360 2310 1456 2412 solus
1484 2307 1543 2383 hic
1574 2313 1634 2382 dat
1654 2311 1831 2405 Spiritum
1861 2329 2021 2385 sanctum
2047 2328 2082 2385 et
2106 2317 2216 2386 vitam
2238 2330 2354 2388 aeter-

1359 2437 1460 2484 nam:
1494 2414 1552 2483 sed
1575 2410 1794 2508 Prophetae,
1827 2415 1992 2509 Apostoli
2021 2429 2056 2486 et
2075 2418 2204 2488 caeteri
2229 2417 2354 2489 docto·

1360 2539 1415 2585 res
1444 2529 1652 2608 proponunt
1674 2513 1933 2608 Evangelium‚
1964 2531 2141 2589 testantur
2170 2521 2216 2590 de
2239 2521 2354 2590 salva·

1359 2633 1436 2689 tore
1460 2619 1543 2699 illo,
1567 2641 1632 2688 nec
1654 2613 1789 2689 babent
1804 2621 2028 2691 autoritatem
2046 2621 2268 2712 excogitandi
2286 2647 2354 2692 no-

1359 2744 1441 2792 vam
1470 2721 1669 2792 doctrinam
1701 2735 1736 2792 ct
1762 2745 1875 2793 novos
1905 2723 2040 2806 cultus,
2074 2746 2139 2794 nec
2161 2723 2354 2796 invocandi

1359 2837 1463 2909 saint,
1492 2846 1558 2893 nec
1586 2823 1716 2894 fiducia
1745 2824 1783 2893 in
1812 2825 1908 2917 ipsos
1930 2827 2137 2897 collocanda
2161 2840 2224 2900 est.
2274 2823 2355 2898 Hoc

1359 2926 1552 2995 discrimen
1583 2926 1647 2997 etsi
1676 2948 1719 2996 se
1744 2927 1849 2997 multi
1879 2928 2077 3017 intelligere
2108 2941 2254 3020 putant,
2290 2927 2354 3024 qui

1358 3031 1467 3099 verba
1487 3041 1669 3122 utcunque
1687 3043 1903 3124 sequuntur,
1929 3042 1963 3099 et
1980 3029 2148 3115 recitant,
2174 3045 2294 3102 tamen
2313 3053 2353 3101 re

1358 3153 1441 3200 vera
1460 3155 1535 3200 non
1551 3131 1756 3221 intelligunt
1771 3131 1850 3218 isti,
1874 3130 1937 3225 qui
1955 3129 2130 3203 iusticiam
2148 3133 2232 3203 fidei
2250 3134 2355 3226 igno·

1359 3245 1461 3317 rant,
1486 3255 1548 3301 seu
1564 3233 1627 3326 qui
1643 3233 1823 3302 somniant
1838 3257 1875 3303 se
1892 3235 2004 3303 iustos
2019 3256 2106 3319 esse,
2133 3235 2172 3303 id
2188 3247 2250 3320 est,
2275 3236 2353 3325 pla-

1358 3356 1437 3403 cere
1460 3330 1558 3420 Deo,
1593 3347 1628 3404 et
1654 3349 1813 3425 acceptos
1844 3358 1918 3404 esse
1948 3337 1993 3405 ad
2024 3334 2136 3405 vitam
2158 3349 2355 3423 aeternam,

1358 3449 1505 3534 propter
1520 3459 1600 3507 suas
1615 3436 1783 3529 virtutes,
1812 3452 1872 3509 aut
1889 3437 2135 3529 impletionem
2153 3437 2250 3529 legis.
2302 3435 2353 3509 Hi

1357 3553 1499 3612 tantum
1516 3539 1757 3629 imaginantur
1770 3535 1954 3611 Christum
1973 3542 2153 3613 doctorem
2171 3564 2265 3632 esse,
2292 3554 2353 3613 aut

313 3648 355 3717 st
375 3644 445 3715 sibi
472 3654 630 3713 sumeret
649 3642 806 3711 alienum
830 3637 1021 3728 honorem,
1055 3644 1307 3715 abiiceretura
1357 3653 1654 3728 monstratorem,
1687 3643 1803 3734 qualis
1825 3644 1895 3715 fuit
1917 3642 2057 3729 Moses,
2091 3656 2151 3713 aut
2176 3644 2239 3714 alii
2260 3642 2353 3714 Pro-

316 3746 412 3831 Deo,
442 3761 480 3816 et
502 3745 575 3816 cito
598 3744 829 3836 dissiparetur
850 3738 927 3815 eius
949 3745 1170 3835 gubernatio.
1223 3744 1306 3814 ldeo
1357 3740 1498 3838 phetae.
1550 3744 1662 3837 Saepe
1687 3742 1796 3834 igitur
1809 3742 1968 3836 Baptista
1988 3748 2034 3817 de
2058 3741 2126 3815 hoc
2144 3745 2352 3821 discrimine

315 3850 366 3919 sic
389 3848 572 3941 praelatus
599 3860 668 3917 est:
700 3844 783 3917 Non
807 3860 922 3937 potest
944 3849 1012 3917 sibi
1037 3844 1147 3919 bomo
1168 3871 1307 3918 sumere
1358 3848 1613 3929 concionatur,
1646 3860 1680 3917 et
1702 3841 1795 3918 hanc
1821 3849 2030 3919 concionem
2051 3840 2111 3917 hic
2135 3846 2352 3939 gravissimis

312 3952 526 4047 quicquam,
551 3948 623 4019 nisi
643 3950 689 4020 sit
711 3948 743 4043 ei
762 3950 886 4021 daturo
913 3951 959 4018 de
980 3951 1091 4023 coelo.
1141 3948 1227 4019 Fuit
1249 3951 1307 4018 io·
1357 3949 1476 4020 verbis
1491 3950 1629 4041 repetit.

313 4056 396 4127 ielix
420 4052 636 4145 gubernatio
659 4050 751 4141 regis
765 4045 905 4133 Achas,
931 4053 996 4123 etsi
1018 4041 1130 4122 multa
1151 4051 1307 4137 molitus,

314 4156 429 4229 multa
453 4168 605 4225 conatus
618 4168 689 4247 est,
716 4167 750 4226 et
765 4152 950 4244 praesidiis
966 4155 1167 4224 vicinorum
1184 4176 1307 4245 regum

315 4260 509 4351 diligenter
532 4277 568 4327 se
592 4255 815 4329 communiit.
867 4250 1023 4329 Econtra
1042 4250 1220 4327 Ezechiae
1238 4278 1307 4345 gu-

1500 4111 1580 4215 Qui
1603 4113 1715 4191 hahet
1734 4140 1932 4219 sponsam,
1965 4142 2126 4219 sponsus
2143 4127 2214 4195 est·

1460 4252 1708 4327 similitudine
1731 4258 1887 4329 declarat
1906 4255 2119 4339 discrimen,
2145 4269 2185 4328 ut
2200 4277 2351 4348 sponsus

312 4361 479 4433 bernatio
500 4358 571 4429 tuit
590 4358 674 4428 felix
695 4372 730 4430 et
743 4359 926 4445 salutaris,
951 4360 1035 4453 quia
1051 4358 1226 4430 divinitus
1242 4360 1308 4429 ad·
1357 4369 1531 4452 perpetuo
1545 4358 1687 4428 foedere
1703 4372 1738 4431 et
1751 4382 1871 4431 amore
1886 4358 1954 4429 sibi
1970 4382 2135 4450 sponsam
2150 4358 2284 4450 iungit,
2308 4382 2351 4428 ac

313 4466 516 4541 iurabatur.
570 4458 736 4530 leremias
759 4462 913 4532 servavit
934 4462 1130 4553 populum,
1154 4486 1250 4531 novo
1273 4474 1307 4531 et
1358 4482 1488 4554 corpus
1519 4460 1570 4541 ei,
1609 4482 1649 4529 ac
1678 4484 1802 4532 omnes
1829 4463 1993 4533 fortunas
2021 4461 2166 4534 addicit.
2230 4459 2350 4530 Amici
2416 4520 2422 4525 .

314 4566 485 4638 inusitato
500 4564 670 4648 consilio,
694 4562 752 4633 cui
765 4584 876 4653 reges,
901 4567 1108 4649 sacerdotes,
1133 4575 1170 4635 et
1183 4586 1307 4633 omnes
1357 4588 1443 4633 vero
1472 4560 1615 4633 invitati
1646 4576 1732 4634 sunt
1755 4577 1879 4651 testes,
1913 4577 1948 4634 et
1971 4553 2102 4655 sponso
2125 4562 2351 4652 gratulantur

315 4670 493 4761 sapientes
530 4666 819 4739 adversabantur.
897 4661 1115 4737 Huiusmodi
1148 4666 1304 4757 exempla
1357 4660 1545 4735 honorem.
1613 4661 1665 4735 lta
1698 4661 1862 4738 Christus
1897 4678 1950 4737 est
1982 4688 2132 4758 sponsus
2162 4659 2351 4750 Ecclesiae,

315 4774 505 4842 innumera
529 4768 681 4839 sciamus
703 4768 882 4860 pertinere
903 4769 947 4838 ad
972 4764 1066 4837 hanc
1083 4767 1307 4850 sententiam,
1357 4768 1476 4857 iungit
1505 4762 1598 4837 hanc
1627 4767 1696 4837 sibi
1730 4782 1873 4841 aeterno
1904 4768 2047 4838 foedere
2077 4778 2113 4838 et
2144 4788 2284 4853 amore,
2316 4780 2351 4836 et

316 4890 348 4945 st
371 4896 442 4945 nos
469 4868 542 4964 ipsi
574 4872 749 4940 discamus
778 4866 873 4940 nibil
900 4872 1110 4940 tentandum
1134 4892 1207 4940 esse
1229 4871 1307 4941 sine
1357 4870 1480 4943 omnia
1510 4891 1572 4941 sua
1604 4868 1700 4940 bona
1730 4870 1763 4941 ei
1794 4872 1925 4957 donat,
1954 4869 2183 4962 sapientiam,
2216 4868 2254 4938 id
2284 4880 2348 4954 est,

317 4977 520 5058 vocatione,
544 4994 610 5043 nec
624 4972 845 5054 confidamus
860 4967 1030 5044 humanis
1045 4971 1222 5058 consiliis,
1247 4986 1308 5043 aut
1356 4971 1593 5062 Evangelium
1616 4994 1678 5042 sen
1700 4972 1919 5063 agnitionem
1943 4994 2082 5053 veram,
2108 4968 2176 5041 Dei
2190 4982 2226 5041 et
2241 4970 2352 5039 mise·

316 5082 463 5164 viribus,
490 5076 552 5146 sed
569 5076 720 5145 sciamus
734 5076 1010 5165 gubernationes
1024 5099 1106 5146 vere
1117 5098 1191 5145 esse
1200 5098 1306 5166 opera
1358 5075 1554 5157 ricordiae,
1593 5073 1789 5157 iusticiam,
1819 5074 2063 5147 defensionem
2089 5072 2350 5157 admirabilem,

317 5182 400 5269 Dei,
425 5193 463 5252 ct
475 5202 552 5248 non
566 5201 640 5249 ease
652 5178 783 5262 felices,
807 5175 964 5248 nisiDeo
978 5178 1132 5251 iuvante.
1186 5176 1307 5265 Quare
1358 5176 1663 5248 resuscitationem
1677 5200 1718 5245 ex
1734 5190 1867 5262 morte,
1889 5191 1923 5247 et
1939 5175 2047 5247 vitam
2063 5189 2253 5247 aeternam.
2295 5168 2350 5244 Ac

316 5281 510 5357 necessmia
530 5293 691 5361 tantum,
724 5304 815 5372 quae
839 5280 994 5370 postulat
1014 5279 1171 5358 vocatio,
1199 5280 1308 5347 iacia—
1358 5280 1489 5349 mirum
1506 5290 1568 5361 est,
1595 5278 1689 5371 quod
1705 5277 1879 5369 scriptura
1893 5277 2082 5371 aliquoties
2095 5289 2229 5362 monet,
2248 5298 2349 5345 amo-

315 5410 415 5471 mns,
438 5378 744 5457 etauxiliumDei
762 5382 1014 5473 imploremus,
1038 5378 1307 5454 stertentes.
1356 5404 1434 5453 rem
1460 5380 1582 5471 sponsi
1613 5392 1647 5449 et
1674 5402 1834 5471 sponsae.
1891 5378 1999 5466 Item,
2031 5385 2237 5471 perpetuam
2261 5400 2349 5449 con·

314 5486 504 5583 praecipit:
529 5481 749 5555 Commendo
764 5485 914 5555 domiuo
930 5484 1025 5555 eiam
1042 5497 1158 5570 tuam,
1183 5484 1307 5576 etipse
1356 5483 1579 5554 iunctionem
1615 5482 1737 5571 sponsi
1774 5495 1809 5554 et
1848 5504 1999 5575 sponsae
2040 5502 2114 5550 esse
2154 5480 2347 5568 imaginem

313 5594 431 5664 iaciat.
468 5584 575 5661 tam:
595 5584 1090 5681 SubditnsestoDeoetspcra
1103 5587 1243 5673 inrum,
1267 5586 1304 5656 id
1356 5585 1489 5659 amoris
1503 5597 1539 5655 et
1553 5577 2088 5657 iocderisChristietEcclesiae.
2114 5580 2348 5671 llaecsipos·

313 5712 383 5781 est,
408 5690 547 5783 suscipe
559 5712 666 5783 opera
681 5688 877 5763 vocationis
890 5689 1096 5773 necessaria,
1121 5703 1156 5762 et
1169 5690 1304 5760 sustine
1356 5710 1472 5760 manus
1497 5708 1537 5755 re
1559 5708 1641 5757 vera
1664 5686 1836 5779 aspicere,
1861 5700 1902 5757 ut
1922 5700 2006 5759 sunt
2031 5684 2195 5756 ordinata
2217 5706 2237 5752 a
2257 5680 2348 5762 Deo,

313 5821 371 5869 eas
386 5814 597 5877 aerumnas,
621 5806 656 5863 et
670 5815 711 5860 ea
727 5792 905 5889 pericula,
930 5816 1021 5887 quae
1037 5791 1140 5863 affert
1153 5792 1305 5877 vocatio,
1353 5790 1499 5863 collatio
1534 5789 1677 5859 doceret
1710 5802 1746 5861 et
1781 5788 2026 5861 consolaretur
2057 5809 2123 5857 nos
2153 5782 2347 5874 uberrime,

312 5916 348 5974 et
367 5876 642 5971 confide‘Deom
664 5890 733 5968 tibi
756 5894 951 5968 affuturum
966 5915 1059 5981 esse,
1082 5894 1172 5967 sicut
1186 5898 1223 5969 2·
1235 5892 1304 5978 Pa·
1324 5924 1330 5953 ·
1352 5895 1435 5966 ideo
1449 5891 1625 5988 sequitur:
