<?xml version="1.0" encoding="UTF-8"?>
<!DOCTYPE html PUBLIC "-//W3C//DTD XHTML 1.0 Transitional//EN"
    "http://www.w3.org/TR/xhtml1/DTD/xhtml1-transitional.dtd">
<html xmlns="http://www.w3.org/1999/xhtml" xml:lang="en" lang="en">
 <head>
  <title>
</title>
<meta http-equiv="Content-Type" content="text/html;charset=utf-8" />
  <meta name='ocr-system' content='tesseract 3.04.00' />
  <meta name='ocr-capabilities' content='ocr_page ocr_carea ocr_par ocr_line ocrx_word'/>
</head>
<body>
  <div class='ocr_page' id='page_1' title='image "./philippimelanth08bindgoog_0177.png"; bbox 0 0 5825 6950; ppageno 0'>
   <div class='ocr_carea' id='block_1_1' title="bbox 549 588 2580 766">
    <p class='ocr_par' dir='ltr' id='par_1_1' title="bbox 549 588 2580 766">
     <span class='ocr_line' id='line_1_1' title="bbox 549 588 2580 766; baseline -0.003 -43"><span class='ocrx_word' id='word_1_1' title='bbox 549 651 625 723; x_wconf 78' lang='lat' dir='ltr'>aar</span> <span class='ocrx_word' id='word_1_2' title='bbox 1112 588 1264 766; x_wconf 13' lang='lat' dir='ltr'>&#39;&#39;ruru</span> <span class='ocrx_word' id='word_1_3' title='bbox 1291 638 1411 717; x_wconf 81' lang='lat' dir='ltr'>uuo.</span> <span class='ocrx_word' id='word_1_4' title='bbox 1438 636 1649 715; x_wconf 83' lang='lat' dir='ltr'>semera</span> <span class='ocrx_word' id='word_1_5' title='bbox 1676 635 2006 717; x_wconf 76' lang='lat' dir='ltr'>uxuuurrca·</span> <span class='ocrx_word' id='word_1_6' title='bbox 2511 644 2580 717; x_wconf 81' lang='lat' dir='ltr'>ses</span> 
     </span>
    </p>
   </div>
   <div class='ocr_carea' id='block_1_2' title="bbox 544 809 2644 3152">
    <p class='ocr_par' dir='ltr' id='par_1_2' title="bbox 552 809 2644 2035">
     <span class='ocr_line' id='line_1_2' title="bbox 653 809 2584 907; baseline -0.004 -16"><span class='ocrx_word' id='word_1_7' title='bbox 653 818 809 892; x_wconf 89' lang='lat' dir='ltr'>Econtra</span> <span class='ocrx_word' id='word_1_8' title='bbox 824 845 908 891; x_wconf 84' lang='lat' dir='ltr'>vero</span> <span class='ocrx_word' id='word_1_9' title='bbox 926 834 1110 891; x_wconf 89' lang='lat' dir='ltr'>manentes</span> <span class='ocrx_word' id='word_1_10' title='bbox 1124 818 1163 887; x_wconf 92' lang='lat' dir='ltr'>in</span> <span class='ocrx_word' id='word_1_11' title='bbox 1177 815 1277 907; x_wconf 90' lang='lat' dir='ltr'>ipso,</span> <span class='ocrx_word' id='word_1_12' title='bbox 1302 814 1340 883; x_wconf 92' lang='lat' dir='ltr'>id</span> <span class='ocrx_word' id='word_1_13' title='bbox 1357 825 1430 901; x_wconf 91' lang='lat' dir='ltr'>est,</span> <span class='ocrx_word' id='word_1_14' title='bbox 1457 809 1544 883; x_wconf 92' lang='lat' dir='ltr'>reti·</span> <span class='ocrx_word' id='word_1_15' title='bbox 1595 814 1849 905; x_wconf 88' lang='lat' dir='ltr'>impedimenta</span> <span class='ocrx_word' id='word_1_16' title='bbox 1877 814 1915 882; x_wconf 93' lang='lat' dir='ltr'>in</span> <span class='ocrx_word' id='word_1_17' title='bbox 1949 809 2136 884; x_wconf 89' lang='lat' dir='ltr'>hominum</span> <span class='ocrx_word' id='word_1_18' title='bbox 2173 813 2450 887; x_wconf 85' lang='lat' dir='ltr'>conversatione.</span> <span class='ocrx_word' id='word_1_19' title='bbox 2519 812 2584 885; x_wconf 84' lang='lat' dir='ltr'>Se&#39;d</span> 
     </span>
     <span class='ocr_line' id='line_1_3' title="bbox 552 916 2584 1017; baseline -0.005 -23"><span class='ocrx_word' id='word_1_20' title='bbox 552 938 676 995; x_wconf 86' lang='lat' dir='ltr'>nentes</span> <span class='ocrx_word' id='word_1_21' title='bbox 693 920 925 1011; x_wconf 90' lang='lat' dir='ltr'>Evangelium</span> <span class='ocrx_word' id='word_1_22' title='bbox 943 947 1024 993; x_wconf 88' lang='lat' dir='ltr'>vera</span> <span class='ocrx_word' id='word_1_23' title='bbox 1041 923 1128 1017; x_wconf 71' lang='lat' dir='ltr'>soe,</span> <span class='ocrx_word' id='word_1_24' title='bbox 1159 919 1209 991; x_wconf 87' lang='lat' dir='ltr'>ait</span> <span class='ocrx_word' id='word_1_25' title='bbox 1228 919 1365 989; x_wconf 82' lang='lat' dir='ltr'>fructus</span> <span class='ocrx_word' id='word_1_26' title='bbox 1388 917 1544 1006; x_wconf 81' lang='lat' dir='ltr'>gignere,</span> <span class='ocrx_word' id='word_1_27' title='bbox 1597 918 1710 987; x_wconf 91' lang='lat' dir='ltr'>multo</span> <span class='ocrx_word' id='word_1_28' title='bbox 1725 918 1838 986; x_wconf 92' lang='lat' dir='ltr'>maior</span> <span class='ocrx_word' id='word_1_29' title='bbox 1853 916 2040 987; x_wconf 84' lang='lat' dir='ltr'>difficultas</span> <span class='ocrx_word' id='word_1_30' title='bbox 2057 931 2108 987; x_wconf 92' lang='lat' dir='ltr'>est</span> <span class='ocrx_word' id='word_1_31' title='bbox 2126 917 2162 985; x_wconf 95' lang='lat' dir='ltr'>in</span> <span class='ocrx_word' id='word_1_32' title='bbox 2180 916 2458 1005; x_wconf 77' lang='lat' dir='ltr'>gubernatione,</span> <span class='ocrx_word' id='word_1_33' title='bbox 2475 918 2584 987; x_wconf 89' lang='lat' dir='ltr'>multo</span> 
     </span>
     <span class='ocr_line' id='line_1_4' title="bbox 553 1016 2588 1112; baseline -0.004 -17"><span class='ocrx_word' id='word_1_34' title='bbox 553 1028 622 1095; x_wconf 91' lang='lat' dir='ltr'>sibi</span> <span class='ocrx_word' id='word_1_35' title='bbox 640 1027 768 1096; x_wconf 81' lang='lat' dir='ltr'>etalii:</span> <span class='ocrx_word' id='word_1_36' title='bbox 789 1026 978 1109; x_wconf 88' lang='lat' dir='ltr'>salutares,</span> <span class='ocrx_word' id='word_1_37' title='bbox 1008 1025 1208 1093; x_wconf 76' lang='lat' dir='ltr'>liberantur</span> <span class='ocrx_word' id='word_1_38' title='bbox 1228 1044 1247 1090; x_wconf 90' lang='lat' dir='ltr'>a</span> <span class='ocrx_word' id='word_1_39' title='bbox 1271 1030 1430 1112; x_wconf 85' lang='lat' dir='ltr'>peccato,</span> <span class='ocrx_word' id='word_1_40' title='bbox 1464 1030 1560 1087; x_wconf 84' lang='lat' dir='ltr'>sunt&#39;</span> <span class='ocrx_word' id='word_1_41' title='bbox 1598 1020 1699 1110; x_wconf 88' lang='lat' dir='ltr'>plura</span> <span class='ocrx_word' id='word_1_42' title='bbox 1717 1019 1969 1110; x_wconf 88' lang='lat' dir='ltr'>impedimenta</span> <span class='ocrx_word' id='word_1_43' title='bbox 1986 1040 2006 1087; x_wconf 88' lang='lat' dir='ltr'>a</span> <span class='ocrx_word' id='word_1_44' title='bbox 2023 1033 2141 1089; x_wconf 86' lang='lat' dir='ltr'>nostra</span> <span class='ocrx_word' id='word_1_45' title='bbox 2159 1018 2381 1100; x_wconf 83' lang='lat' dir='ltr'>infirmitate,</span> <span class='ocrx_word' id='word_1_46' title='bbox 2400 1041 2419 1086; x_wconf 92' lang='lat' dir='ltr'>a</span> <span class='ocrx_word' id='word_1_47' title='bbox 2435 1016 2588 1103; x_wconf 89' lang='lat' dir='ltr'>diabolo,</span> 
     </span>
     <span class='ocr_line' id='line_1_5' title="bbox 554 1115 2590 1219; baseline -0.005 -20"><span class='ocrx_word' id='word_1_48' title='bbox 554 1125 724 1199; x_wconf 87' lang='lat' dir='ltr'>haeredes</span> <span class='ocrx_word' id='word_1_49' title='bbox 750 1128 843 1196; x_wconf 90' lang='lat' dir='ltr'>vitae</span> <span class='ocrx_word' id='word_1_50' title='bbox 866 1141 1048 1210; x_wconf 75' lang='lat' dir='ltr'>aeternae,</span> <span class='ocrx_word' id='word_1_51' title='bbox 1073 1135 1246 1213; x_wconf 89' lang='lat' dir='ltr'>reguntur</span> <span class='ocrx_word' id='word_1_52' title='bbox 1267 1119 1443 1213; x_wconf 88' lang='lat' dir='ltr'>aSpiritu</span> <span class='ocrx_word' id='word_1_53' title='bbox 1464 1142 1546 1188; x_wconf 88' lang='lat' dir='ltr'>sau·</span> <span class='ocrx_word' id='word_1_54' title='bbox 1599 1124 1643 1191; x_wconf 89' lang='lat' dir='ltr'>ab</span> <span class='ocrx_word' id='word_1_55' title='bbox 1667 1121 1877 1190; x_wconf 87' lang='lat' dir='ltr'>adversariis</span> <span class='ocrx_word' id='word_1_56' title='bbox 1902 1120 2102 1202; x_wconf 87' lang='lat' dir='ltr'>doctrinae,</span> <span class='ocrx_word' id='word_1_57' title='bbox 2141 1120 2301 1216; x_wconf 80' lang='lat' dir='ltr'>tyrannis</span> <span class='ocrx_word' id='word_1_58' title='bbox 2327 1135 2360 1193; x_wconf 90' lang='lat' dir='ltr'>et</span> <span class='ocrx_word' id='word_1_59' title='bbox 2385 1115 2590 1219; x_wconf 75' lang='lat' dir='ltr'>hypocritis,</span> 
     </span>
     <span class='ocr_line' id='line_1_6' title="bbox 555 1220 2588 1316; baseline -0.005 -15"><span class='ocrx_word' id='word_1_60' title='bbox 555 1246 633 1316; x_wconf 87' lang='lat' dir='ltr'>cto,</span> <span class='ocrx_word' id='word_1_61' title='bbox 659 1243 743 1300; x_wconf 89' lang='lat' dir='ltr'>sunt</span> <span class='ocrx_word' id='word_1_62' title='bbox 757 1230 880 1300; x_wconf 83' lang='lat' dir='ltr'>felices</span> <span class='ocrx_word' id='word_1_63' title='bbox 897 1231 935 1299; x_wconf 92' lang='lat' dir='ltr'>in</span> <span class='ocrx_word' id='word_1_64' title='bbox 952 1227 1159 1297; x_wconf 89' lang='lat' dir='ltr'>ministeriis</span> <span class='ocrx_word' id='word_1_65' title='bbox 1175 1239 1210 1296; x_wconf 89' lang='lat' dir='ltr'>et</span> <span class='ocrx_word' id='word_1_66' title='bbox 1227 1227 1265 1293; x_wconf 93' lang='lat' dir='ltr'>in</span> <span class='ocrx_word' id='word_1_67' title='bbox 1280 1222 1549 1315; x_wconf 72' lang='lat' dir='ltr'>gubernatione,</span> <span class='ocrx_word' id='word_1_68' title='bbox 1599 1249 1617 1291; x_wconf 95' lang='lat' dir='ltr'>a</span> <span class='ocrx_word' id='word_1_69' title='bbox 1636 1224 1762 1292; x_wconf 80' lang='lat' dir='ltr'>fucatis</span> <span class='ocrx_word' id='word_1_70' title='bbox 1778 1224 1918 1307; x_wconf 90' lang='lat' dir='ltr'>amicis,</span> <span class='ocrx_word' id='word_1_71' title='bbox 1950 1224 2005 1292; x_wconf 86' lang='lat' dir='ltr'>ab&#39;</span> <span class='ocrx_word' id='word_1_72' title='bbox 2016 1224 2118 1293; x_wconf 89' lang='lat' dir='ltr'>aulis.</span> <span class='ocrx_word' id='word_1_73' title='bbox 2181 1220 2344 1315; x_wconf 89' lang='lat' dir='ltr'>Denique</span> <span class='ocrx_word' id='word_1_74' title='bbox 2365 1222 2466 1292; x_wconf 88' lang='lat' dir='ltr'>nulla</span> <span class='ocrx_word' id='word_1_75' title='bbox 2492 1246 2588 1291; x_wconf 89' lang='lat' dir='ltr'>meus</span> 
     </span>
     <span class='ocr_line' id='line_1_7' title="bbox 555 1321 2589 1417; baseline -0.006 -14"><span class='ocrx_word' id='word_1_76' title='bbox 555 1334 726 1403; x_wconf 89' lang='lat' dir='ltr'>resistunt</span> <span class='ocrx_word' id='word_1_77' title='bbox 742 1331 907 1417; x_wconf 87' lang='lat' dir='ltr'>diabolo,</span> <span class='ocrx_word' id='word_1_78' title='bbox 931 1331 1174 1400; x_wconf 82' lang='lat' dir='ltr'>defenduntur</span> <span class='ocrx_word' id='word_1_79' title='bbox 1189 1328 1228 1396; x_wconf 96' lang='lat' dir='ltr'>in</span> <span class='ocrx_word' id='word_1_80' title='bbox 1246 1326 1383 1415; x_wconf 88' lang='lat' dir='ltr'>magnis</span> <span class='ocrx_word' id='word_1_81' title='bbox 1408 1324 1548 1415; x_wconf 89' lang='lat' dir='ltr'>pericu-</span> <span class='ocrx_word' id='word_1_82' title='bbox 1599 1321 1755 1394; x_wconf 91' lang='lat' dir='ltr'>humana</span> <span class='ocrx_word' id='word_1_83' title='bbox 1778 1324 1962 1417; x_wconf 70' lang='lat' dir='ltr'>complecti</span> <span class='ocrx_word' id='word_1_84' title='bbox 1985 1324 2264 1415; x_wconf 72' lang='lat' dir='ltr'>magnitudinem</span> <span class='ocrx_word' id='word_1_85' title='bbox 2290 1323 2533 1415; x_wconf 81' lang='lat' dir='ltr'>periculorum</span> <span class='ocrx_word' id='word_1_86' title='bbox 2560 1338 2589 1393; x_wconf 92' lang='lat' dir='ltr'>et</span> 
     </span>
     <span class='ocr_line' id='line_1_8' title="bbox 555 1420 2589 1519; baseline -0.006 -14"><span class='ocrx_word' id='word_1_87' title='bbox 555 1436 602 1505; x_wconf 90' lang='lat' dir='ltr'>lis</span> <span class='ocrx_word' id='word_1_88' title='bbox 636 1448 673 1504; x_wconf 92' lang='lat' dir='ltr'>et</span> <span class='ocrx_word' id='word_1_89' title='bbox 706 1435 875 1503; x_wconf 87' lang='lat' dir='ltr'>adversus</span> <span class='ocrx_word' id='word_1_90' title='bbox 902 1433 1038 1502; x_wconf 88' lang='lat' dir='ltr'>diaboli</span> <span class='ocrx_word' id='word_1_91' title='bbox 1061 1433 1218 1515; x_wconf 77' lang='lat' dir='ltr'>ferreres,</span> <span class='ocrx_word' id='word_1_92' title='bbox 1260 1430 1310 1499; x_wconf 88' lang='lat' dir='ltr'>sic</span> <span class='ocrx_word' id='word_1_93' title='bbox 1333 1441 1368 1498; x_wconf 89' lang='lat' dir='ltr'>et</span> <span class='ocrx_word' id='word_1_94' title='bbox 1389 1425 1547 1516; x_wconf 82' lang='lat' dir='ltr'>Baptista</span> <span class='ocrx_word' id='word_1_95' title='bbox 1601 1449 1850 1497; x_wconf 81' lang='lat' dir='ltr'>aerumnarum</span> <span class='ocrx_word' id='word_1_96' title='bbox 1877 1438 2010 1518; x_wconf 90' lang='lat' dir='ltr'>potest,</span> <span class='ocrx_word' id='word_1_97' title='bbox 2037 1428 2173 1519; x_wconf 86' lang='lat' dir='ltr'>¹quibus</span> <span class='ocrx_word' id='word_1_98' title='bbox 2198 1449 2411 1496; x_wconf 85' lang='lat' dir='ltr'>exercemur.</span> <span class='ocrx_word' id='word_1_99' title='bbox 2471 1424 2516 1492; x_wconf 91' lang='lat' dir='ltr'>ln</span> <span class='ocrx_word' id='word_1_100' title='bbox 2540 1420 2589 1494; x_wconf 90' lang='lat' dir='ltr'>his</span> 
     </span>
     <span class='ocr_line' id='line_1_9' title="bbox 555 1524 2588 1628; baseline -0.005 -23"><span class='ocrx_word' id='word_1_101' title='bbox 555 1537 693 1628; x_wconf 89' lang='lat' dir='ltr'>inquit:</span> <span class='ocrx_word' id='word_1_102' title='bbox 734 1530 790 1604; x_wconf 81' lang='lat' dir='ltr'>Ex</span> <span class='ocrx_word' id='word_1_103' title='bbox 821 1536 1044 1624; x_wconf 88' lang='lat' dir='ltr'>plenitudine</span> <span class='ocrx_word' id='word_1_104' title='bbox 1073 1533 1148 1602; x_wconf 86' lang='lat' dir='ltr'>eius</span> <span class='ocrx_word' id='word_1_105' title='bbox 1176 1554 1301 1601; x_wconf 88' lang='lat' dir='ltr'>omnes</span> <span class='ocrx_word' id='word_1_106' title='bbox 1338 1529 1547 1620; x_wconf 86' lang='lat' dir='ltr'>accepimus.</span> <span class='ocrx_word' id='word_1_107' title='bbox 1600 1530 1751 1597; x_wconf 88' lang='lat' dir='ltr'>miseriis</span> <span class='ocrx_word' id='word_1_108' title='bbox 1768 1529 1960 1619; x_wconf 87' lang='lat' dir='ltr'>cogitemus</span> <span class='ocrx_word' id='word_1_109' title='bbox 1978 1524 2162 1601; x_wconf 85' lang='lat' dir='ltr'>Christum</span> <span class='ocrx_word' id='word_1_110' title='bbox 2180 1529 2293 1597; x_wconf 84' lang='lat' dir='ltr'>lilium</span> <span class='ocrx_word' id='word_1_111' title='bbox 2309 1524 2378 1597; x_wconf 88' lang='lat' dir='ltr'>Dei</span> <span class='ocrx_word' id='word_1_112' title='bbox 2392 1526 2505 1595; x_wconf 83' lang='lat' dir='ltr'>uitem</span> <span class='ocrx_word' id='word_1_113' title='bbox 2530 1552 2588 1595; x_wconf 91' lang='lat' dir='ltr'>no·</span> 
     </span>
     <span class='ocr_line' id='line_1_10' title="bbox 556 1626 2589 1723; baseline -0.006 -14"><span class='ocrx_word' id='word_1_114' title='bbox 556 1638 656 1722; x_wconf 67' lang='lat' dir='ltr'>Noe,</span> <span class='ocrx_word' id='word_1_115' title='bbox 682 1635 845 1723; x_wconf 84' lang='lat' dir='ltr'>Samuel,</span> <span class='ocrx_word' id='word_1_116' title='bbox 871 1634 1011 1719; x_wconf 86' lang='lat' dir='ltr'>David,</span> <span class='ocrx_word' id='word_1_117' title='bbox 1046 1633 1199 1717; x_wconf 87' lang='lat' dir='ltr'>Paulus,</span> <span class='ocrx_word' id='word_1_118' title='bbox 1230 1646 1433 1716; x_wconf 77' lang='lat' dir='ltr'>servantur,</span> <span class='ocrx_word' id='word_1_119' title='bbox 1465 1629 1549 1722; x_wconf 92' lang='lat' dir='ltr'>quia</span> <span class='ocrx_word' id='word_1_120' title='bbox 1602 1646 1707 1700; x_wconf 90' lang='lat' dir='ltr'>stram</span> <span class='ocrx_word' id='word_1_121' title='bbox 1726 1654 1816 1717; x_wconf 86' lang='lat' dir='ltr'>csse,</span> <span class='ocrx_word' id='word_1_122' title='bbox 1849 1645 1880 1701; x_wconf 93' lang='lat' dir='ltr'>et</span> <span class='ocrx_word' id='word_1_123' title='bbox 1900 1653 1965 1700; x_wconf 93' lang='lat' dir='ltr'>nos</span> <span class='ocrx_word' id='word_1_124' title='bbox 1989 1626 2071 1701; x_wconf 88' lang='lat' dir='ltr'>huic</span> <span class='ocrx_word' id='word_1_125' title='bbox 2094 1631 2156 1700; x_wconf 90' lang='lat' dir='ltr'>viti</span> <span class='ocrx_word' id='word_1_126' title='bbox 2182 1631 2448 1709; x_wconf 80' lang='lat' dir='ltr'>insertosesse,</span> <span class='ocrx_word' id='word_1_127' title='bbox 2484 1654 2589 1720; x_wconf 90' lang='lat' dir='ltr'>quare</span> 
     </span>
     <span class='ocr_line' id='line_1_11' title="bbox 559 1732 2589 1828; baseline -0.005 -19"><span class='ocrx_word' id='word_1_128' title='bbox 559 1754 644 1809; x_wconf 91' lang='lat' dir='ltr'>sunt</span> <span class='ocrx_word' id='word_1_129' title='bbox 664 1734 772 1808; x_wconf 86' lang='lat' dir='ltr'>lurius</span> <span class='ocrx_word' id='word_1_130' title='bbox 790 1738 874 1809; x_wconf 88' lang='lat' dir='ltr'>vitis</span> <span class='ocrx_word' id='word_1_131' title='bbox 891 1739 1073 1828; x_wconf 88' lang='lat' dir='ltr'>palmites,</span> <span class='ocrx_word' id='word_1_132' title='bbox 1099 1751 1133 1805; x_wconf 90' lang='lat' dir='ltr'>et</span> <span class='ocrx_word' id='word_1_133' title='bbox 1150 1754 1205 1804; x_wconf 89' lang='lat' dir='ltr'>res</span> <span class='ocrx_word' id='word_1_134' title='bbox 1220 1735 1400 1805; x_wconf 87' lang='lat' dir='ltr'>mirandas</span> <span class='ocrx_word' id='word_1_135' title='bbox 1423 1742 1550 1822; x_wconf 87' lang='lat' dir='ltr'>gerunt</span> <span class='ocrx_word' id='word_1_136' title='bbox 1602 1746 1795 1804; x_wconf 88' lang='lat' dir='ltr'>statuamus</span> <span class='ocrx_word' id='word_1_137' title='bbox 1811 1748 1905 1804; x_wconf 89' lang='lat' dir='ltr'>certo</span> <span class='ocrx_word' id='word_1_138' title='bbox 1922 1756 1987 1801; x_wconf 88' lang='lat' dir='ltr'>uec</span> <span class='ocrx_word' id='word_1_139' title='bbox 2002 1734 2179 1825; x_wconf 89' lang='lat' dir='ltr'>perituros</span> <span class='ocrx_word' id='word_1_140' title='bbox 2196 1756 2261 1801; x_wconf 94' lang='lat' dir='ltr'>nos</span> <span class='ocrx_word' id='word_1_141' title='bbox 2275 1754 2367 1814; x_wconf 90' lang='lat' dir='ltr'>esse,</span> <span class='ocrx_word' id='word_1_142' title='bbox 2399 1755 2467 1801; x_wconf 85' lang='lat' dir='ltr'>nec</span> <span class='ocrx_word' id='word_1_143' title='bbox 2494 1732 2589 1801; x_wconf 89' lang='lat' dir='ltr'>labo-</span> 
     </span>
     <span class='ocr_line' id='line_1_12' title="bbox 560 1828 2644 1929; baseline -0.006 -18"><span class='ocrx_word' id='word_1_144' title='bbox 560 1842 694 1911; x_wconf 83' lang='lat' dir='ltr'>auxilio</span> <span class='ocrx_word' id='word_1_145' title='bbox 727 1836 835 1910; x_wconf 90' lang='lat' dir='ltr'>huius</span> <span class='ocrx_word' id='word_1_146' title='bbox 877 1839 1145 1929; x_wconf 80' lang='lat' dir='ltr'>gubernatoris,</span> <span class='ocrx_word' id='word_1_147' title='bbox 1193 1836 1299 1921; x_wconf 83' lang='lat' dir='ltr'>Satri,</span> <span class='ocrx_word' id='word_1_148' title='bbox 1339 1828 1477 1913; x_wconf 75' lang='lat' dir='ltr'>alchas,</span> <span class='ocrx_word' id='word_1_149' title='bbox 1517 1845 1552 1901; x_wconf 89' lang='lat' dir='ltr'>et</span> <span class='ocrx_word' id='word_1_150' title='bbox 1603 1858 1656 1905; x_wconf 89' lang='lat' dir='ltr'>res</span> <span class='ocrx_word' id='word_1_151' title='bbox 1672 1846 1812 1904; x_wconf 90' lang='lat' dir='ltr'>nostros</span> <span class='ocrx_word' id='word_1_152' title='bbox 1835 1835 1954 1904; x_wconf 89' lang='lat' dir='ltr'>irritos</span> <span class='ocrx_word' id='word_1_153' title='bbox 1978 1837 2063 1907; x_wconf 85' lang='lat' dir='ltr'>lore.</span> <span class='ocrx_word' id='word_1_154' title='bbox 2115 1832 2212 1903; x_wconf 89' lang='lat' dir='ltr'>Haec</span> <span class='ocrx_word' id='word_1_155' title='bbox 2234 1834 2408 1903; x_wconf 91' lang='lat' dir='ltr'>sententia</span> <span class='ocrx_word' id='word_1_156' title='bbox 2432 1844 2487 1903; x_wconf 87' lang='lat' dir='ltr'>est</span> <span class='ocrx_word' id='word_1_157' title='bbox 2512 1834 2588 1901; x_wconf 87' lang='lat' dir='ltr'>dicti</span> <span class='ocrx_word' id='word_1_158' title='bbox 2643 1876 2644 1879; x_wconf 57' lang='lat'><em>=</em></span> 
     </span>
     <span class='ocr_line' id='line_1_13' title="bbox 559 1930 2590 2035; baseline -0.005 -22"><span class='ocrx_word' id='word_1_159' title='bbox 559 1942 665 2013; x_wconf 92' lang='lat' dir='ltr'>multi</span> <span class='ocrx_word' id='word_1_160' title='bbox 682 1942 742 2010; x_wconf 93' lang='lat' dir='ltr'>alii</span> <span class='ocrx_word' id='word_1_161' title='bbox 761 1956 930 2034; x_wconf 89' lang='lat' dir='ltr'>pereunt,</span> <span class='ocrx_word' id='word_1_162' title='bbox 954 1938 1036 2035; x_wconf 89' lang='lat' dir='ltr'>quia</span> <span class='ocrx_word' id='word_1_163' title='bbox 1054 1964 1128 2010; x_wconf 92' lang='lat' dir='ltr'>non</span> <span class='ocrx_word' id='word_1_164' title='bbox 1145 1954 1288 2007; x_wconf 91' lang='lat' dir='ltr'>manent</span> <span class='ocrx_word' id='word_1_165' title='bbox 1304 1939 1342 2005; x_wconf 93' lang='lat' dir='ltr'>in</span> <span class='ocrx_word' id='word_1_166' title='bbox 1358 1932 1425 2005; x_wconf 88' lang='lat' dir='ltr'>hac</span> <span class='ocrx_word' id='word_1_167' title='bbox 1440 1936 1524 2006; x_wconf 83' lang='lat' dir='ltr'>vite.</span> <span class='ocrx_word' id='word_1_168' title='bbox 1605 1939 1640 2005; x_wconf 94' lang='lat' dir='ltr'>in</span> <span class='ocrx_word' id='word_1_169' title='bbox 1659 1950 1772 2007; x_wconf 86' lang='lat' dir='ltr'>textu:</span> <span class='ocrx_word' id='word_1_170' title='bbox 1801 1936 1873 2026; x_wconf 89' lang='lat' dir='ltr'>Qui</span> <span class='ocrx_word' id='word_1_171' title='bbox 1890 1952 2007 2007; x_wconf 92' lang='lat' dir='ltr'>manet</span> <span class='ocrx_word' id='word_1_172' title='bbox 2023 1938 2061 2005; x_wconf 93' lang='lat' dir='ltr'>in</span> <span class='ocrx_word' id='word_1_173' title='bbox 2080 1960 2155 2021; x_wconf 89' lang='lat' dir='ltr'>me,</span> <span class='ocrx_word' id='word_1_174' title='bbox 2183 1949 2217 2005; x_wconf 89' lang='lat' dir='ltr'>et</span> <span class='ocrx_word' id='word_1_175' title='bbox 2233 1958 2295 2025; x_wconf 87' lang='lat' dir='ltr'>ego</span> <span class='ocrx_word' id='word_1_176' title='bbox 2311 1936 2353 2003; x_wconf 86' lang='lat' dir='ltr'>in¹</span> <span class='ocrx_word' id='word_1_177' title='bbox 2366 1959 2427 2021; x_wconf 90' lang='lat' dir='ltr'>eo,</span> <span class='ocrx_word' id='word_1_178' title='bbox 2454 1930 2518 2003; x_wconf 92' lang='lat' dir='ltr'>hic</span> <span class='ocrx_word' id='word_1_179' title='bbox 2539 1960 2590 2003; x_wconf 89' lang='lat' dir='ltr'>co-</span> 
     </span>
    </p>

    <p class='ocr_par' dir='ltr' id='par_1_3' title="bbox 544 2035 2644 3152">
     <span class='ocr_line' id='line_1_14' title="bbox 662 2035 2644 2134; baseline -0.005 -22"><span class='ocrx_word' id='word_1_180' title='bbox 662 2041 849 2113; x_wconf 88' lang='lat' dir='ltr'>Discamus</span> <span class='ocrx_word' id='word_1_181' title='bbox 868 2046 976 2132; x_wconf 84' lang='lat' dir='ltr'>igitur</span> <span class='ocrx_word' id='word_1_182' title='bbox 989 2059 1181 2134; x_wconf 89' lang='lat' dir='ltr'>utrumque</span> <span class='ocrx_word' id='word_1_183' title='bbox 1198 2038 1265 2111; x_wconf 90' lang='lat' dir='ltr'>hoc</span> <span class='ocrx_word' id='word_1_184' title='bbox 1280 2042 1358 2109; x_wconf 92' lang='lat' dir='ltr'>loco</span> <span class='ocrx_word' id='word_1_185' title='bbox 1375 2037 1551 2115; x_wconf 89' lang='lat' dir='ltr'>damnari,</span> <span class='ocrx_word' id='word_1_186' title='bbox 1605 2040 1741 2131; x_wconf 87' lang='lat' dir='ltr'>piosum</span> <span class='ocrx_word' id='word_1_187' title='bbox 1759 2040 1914 2109; x_wconf 87' lang='lat' dir='ltr'>fructum</span> <span class='ocrx_word' id='word_1_188' title='bbox 1933 2040 2029 2107; x_wconf 81' lang='lat' dir='ltr'>leret.</span> <span class='ocrx_word' id='word_1_189' title='bbox 2083 2035 2389 2107; x_wconf 86' lang='lat' dir='ltr'>llaecdictafieut</span> <span class='ocrx_word' id='word_1_190' title='bbox 2410 2038 2528 2127; x_wconf 88' lang='lat' dir='ltr'>magis</span> <span class='ocrx_word' id='word_1_191' title='bbox 2551 2038 2587 2103; x_wconf 91' lang='lat' dir='ltr'>il·</span> <span class='ocrx_word' id='word_1_192' title='bbox 2643 2048 2644 2089; x_wconf 60' lang='grc' dir='ltr'>ἲ</span> 
     </span>
     <span class='ocr_line' id='line_1_15' title="bbox 561 2137 2590 2238; baseline -0.005 -22"><span class='ocrx_word' id='word_1_193' title='bbox 561 2145 770 2237; x_wconf 87' lang='lat' dir='ltr'>opinionem</span> <span class='ocrx_word' id='word_1_194' title='bbox 787 2141 1001 2230; x_wconf 88' lang='lat' dir='ltr'>humanam,</span> <span class='ocrx_word' id='word_1_195' title='bbox 1037 2169 1126 2238; x_wconf 90' lang='lat' dir='ltr'>quae</span> <span class='ocrx_word' id='word_1_196' title='bbox 1150 2157 1250 2234; x_wconf 88' lang='lat' dir='ltr'>putat</span> <span class='ocrx_word' id='word_1_197' title='bbox 1273 2137 1439 2211; x_wconf 87' lang='lat' dir='ltr'>humanis</span> <span class='ocrx_word' id='word_1_198' title='bbox 1465 2138 1552 2206; x_wconf 85' lang='lat' dir='ltr'>viri·</span> <span class='ocrx_word' id='word_1_199' title='bbox 1598 2142 1747 2225; x_wconf 79' lang='lat' dir='ltr'>lustris,</span> <span class='ocrx_word' id='word_1_200' title='bbox 1783 2164 1862 2212; x_wconf 93' lang='lat' dir='ltr'>cum</span> <span class='ocrx_word' id='word_1_201' title='bbox 1897 2143 1940 2210; x_wconf 89' lang='lat' dir='ltr'>ad</span> <span class='ocrx_word' id='word_1_202' title='bbox 1975 2165 2042 2213; x_wconf 89' lang='lat' dir='ltr'>nos</span> <span class='ocrx_word' id='word_1_203' title='bbox 2077 2142 2311 2211; x_wconf 87' lang='lat' dir='ltr'>consolandos</span> <span class='ocrx_word' id='word_1_204' title='bbox 2345 2140 2590 2211; x_wconf 87' lang='lat' dir='ltr'>accommoda·</span> 
     </span>
     <span class='ocr_line' id='line_1_16' title="bbox 562 2241 2644 2338; baseline -0.005 -21"><span class='ocrx_word' id='word_1_205' title='bbox 562 2250 630 2317; x_wconf 89' lang='lat' dir='ltr'>hus</span> <span class='ocrx_word' id='word_1_206' title='bbox 648 2262 683 2318; x_wconf 90' lang='lat' dir='ltr'>et</span> <span class='ocrx_word' id='word_1_207' title='bbox 700 2241 856 2317; x_wconf 90' lang='lat' dir='ltr'>humana</span> <span class='ocrx_word' id='word_1_208' title='bbox 874 2247 1057 2338; x_wconf 75' lang='lat' dir='ltr'>diligentia</span> <span class='ocrx_word' id='word_1_209' title='bbox 1073 2241 1235 2317; x_wconf 90' lang='lat' dir='ltr'>homines</span> <span class='ocrx_word' id='word_1_210' title='bbox 1258 2243 1401 2313; x_wconf 88' lang='lat' dir='ltr'>liberari</span> <span class='ocrx_word' id='word_1_211' title='bbox 1425 2266 1443 2309; x_wconf 89' lang='lat' dir='ltr'>a</span> <span class='ocrx_word' id='word_1_212' title='bbox 1469 2264 1549 2331; x_wconf 90' lang='lat' dir='ltr'>pec·</span> <span class='ocrx_word' id='word_1_213' title='bbox 1603 2246 1749 2315; x_wconf 88' lang='lat' dir='ltr'>buntur.</span> <span class='ocrx_word' id='word_1_214' title='bbox 1896 2244 1899 2251; x_wconf 83' lang='grc'><strong>’</strong></span> <span class='ocrx_word' id='word_1_215' title='bbox 2643 2244 2644 2261; x_wconf 70' lang='grc'>’</span> 
     </span>
     <span class='ocr_line' id='line_1_17' title="bbox 563 2340 2590 2437; baseline -0.004 -17"><span class='ocrx_word' id='word_1_216' title='bbox 563 2364 661 2433; x_wconf 84' lang='lat' dir='ltr'>cato,</span> <span class='ocrx_word' id='word_1_217' title='bbox 691 2344 858 2417; x_wconf 89' lang='lat' dir='ltr'>haeredes</span> <span class='ocrx_word' id='word_1_218' title='bbox 875 2351 950 2418; x_wconf 85' lang='lat' dir='ltr'>lieri</span> <span class='ocrx_word' id='word_1_219' title='bbox 968 2350 1060 2418; x_wconf 88' lang='lat' dir='ltr'>vitae</span> <span class='ocrx_word' id='word_1_220' title='bbox 1075 2362 1255 2427; x_wconf 86' lang='lat' dir='ltr'>aeternae,</span> <span class='ocrx_word' id='word_1_221' title='bbox 1287 2368 1405 2434; x_wconf 85' lang='lat' dir='ltr'>gerere</span> <span class='ocrx_word' id='word_1_222' title='bbox 1424 2368 1479 2411; x_wconf 91' lang='lat' dir='ltr'>res</span> <span class='ocrx_word' id='word_1_223' title='bbox 1497 2366 1551 2411; x_wconf 89' lang='lat' dir='ltr'>sa·</span> <span class='ocrx_word' id='word_1_224' title='bbox 1704 2344 1802 2415; x_wconf 89' lang='lat' dir='ltr'>Duae</span> <span class='ocrx_word' id='word_1_225' title='bbox 1820 2358 1934 2414; x_wconf 89' lang='lat' dir='ltr'>antem</span> <span class='ocrx_word' id='word_1_226' title='bbox 1959 2343 2182 2437; x_wconf 80' lang='lat' dir='ltr'>quaestiones</span> <span class='ocrx_word' id='word_1_227' title='bbox 2204 2340 2263 2415; x_wconf 90' lang='lat' dir='ltr'>hic</span> <span class='ocrx_word' id='word_1_228' title='bbox 2277 2343 2478 2433; x_wconf 86' lang='lat' dir='ltr'>agitantur.</span> <span class='ocrx_word' id='word_1_229' title='bbox 2531 2340 2590 2413; x_wconf 83' lang='lat' dir='ltr'>Al·</span> 
     </span>
     <span class='ocr_line' id='line_1_18' title="bbox 562 2445 2590 2541; baseline -0.002 -20"><span class='ocrx_word' id='word_1_230' title='bbox 562 2453 711 2534; x_wconf 87' lang='lat' dir='ltr'>lotares,</span> <span class='ocrx_word' id='word_1_231' title='bbox 742 2452 910 2541; x_wconf 89' lang='lat' dir='ltr'>etlogere</span> <span class='ocrx_word' id='word_1_232' title='bbox 925 2452 1061 2520; x_wconf 89' lang='lat' dir='ltr'>diaboli</span> <span class='ocrx_word' id='word_1_233' title='bbox 1087 2450 1251 2531; x_wconf 89' lang='lat' dir='ltr'>insidias,</span> <span class='ocrx_word' id='word_1_234' title='bbox 1284 2470 1406 2516; x_wconf 89' lang='lat' dir='ltr'>cavere</span> <span class='ocrx_word' id='word_1_235' title='bbox 1428 2468 1553 2512; x_wconf 89' lang='lat' dir='ltr'>omnes</span> <span class='ocrx_word' id='word_1_236' title='bbox 1605 2462 1770 2521; x_wconf 83' lang='lat' dir='ltr'>terarum</span> <span class='ocrx_word' id='word_1_237' title='bbox 1794 2445 2002 2534; x_wconf 68' lang='lat' dir='ltr'>dicithui</span> <span class='ocrx_word' id='word_1_238' title='bbox 2026 2460 2146 2515; x_wconf 86' lang='lat' dir='ltr'>manet</span> <span class='ocrx_word' id='word_1_239' title='bbox 2167 2448 2205 2515; x_wconf 92' lang='lat' dir='ltr'>in</span> <span class='ocrx_word' id='word_1_240' title='bbox 2228 2470 2302 2530; x_wconf 87' lang='lat' dir='ltr'>me,</span> <span class='ocrx_word' id='word_1_241' title='bbox 2336 2461 2371 2515; x_wconf 92' lang='lat' dir='ltr'>et</span> <span class='ocrx_word' id='word_1_242' title='bbox 2395 2470 2466 2536; x_wconf 86' lang='lat' dir='ltr'>ego</span> <span class='ocrx_word' id='word_1_243' title='bbox 2484 2446 2522 2513; x_wconf 90' lang='lat' dir='ltr'>in</span> <span class='ocrx_word' id='word_1_244' title='bbox 2542 2469 2590 2516; x_wconf 90' lang='lat' dir='ltr'>eo.</span> 
     </span>
     <span class='ocr_line' id='line_1_19' title="bbox 563 2545 2588 2651; baseline -0.004 -28"><span class='ocrx_word' id='word_1_245' title='bbox 563 2554 681 2623; x_wconf 86' lang='lat' dir='ltr'>tristes</span> <span class='ocrx_word' id='word_1_246' title='bbox 703 2576 834 2637; x_wconf 71' lang='lat' dir='ltr'>casus,</span> <span class='ocrx_word' id='word_1_247' title='bbox 849 2554 939 2623; x_wconf 89' lang='lat' dir='ltr'>sicut</span> <span class='ocrx_word' id='word_1_248' title='bbox 957 2545 1166 2641; x_wconf 86' lang='lat' dir='ltr'>Philosophi</span> <span class='ocrx_word' id='word_1_249' title='bbox 1192 2546 1347 2619; x_wconf 91' lang='lat' dir='ltr'>humana</span> <span class='ocrx_word' id='word_1_250' title='bbox 1370 2546 1554 2651; x_wconf 77' lang='lat' dir='ltr'>diliggntia</span> <span class='ocrx_word' id='word_1_251' title='bbox 1606 2550 1760 2625; x_wconf 84' lang='lat' dir='ltr'>Videtur</span> <span class='ocrx_word' id='word_1_252' title='bbox 1783 2551 2024 2619; x_wconf 78' lang='lat' dir='ltr'>conditionem</span> <span class='ocrx_word' id='word_1_253' title='bbox 2049 2549 2302 2636; x_wconf 88' lang='lat' dir='ltr'>impossibilem</span> <span class='ocrx_word' id='word_1_254' title='bbox 2329 2551 2477 2633; x_wconf 84' lang='lat' dir='ltr'>addere,</span> <span class='ocrx_word' id='word_1_255' title='bbox 2510 2548 2588 2639; x_wconf 91' lang='lat' dir='ltr'>quia</span> 
     </span>
     <span class='ocr_line' id='line_1_20' title="bbox 566 2650 2644 2742; baseline -0.001 -21"><span class='ocrx_word' id='word_1_256' title='bbox 566 2657 674 2723; x_wconf 83' lang='lat' dir='ltr'>vitam</span> <span class='ocrx_word' id='word_1_257' title='bbox 698 2655 771 2742; x_wconf 90' lang='lat' dir='ltr'>regi</span> <span class='ocrx_word' id='word_1_258' title='bbox 796 2655 943 2739; x_wconf 84' lang='lat' dir='ltr'>volunt,</span> <span class='ocrx_word' id='word_1_259' title='bbox 977 2668 1012 2722; x_wconf 93' lang='lat' dir='ltr'>et</span> <span class='ocrx_word' id='word_1_260' title='bbox 1032 2650 1123 2721; x_wconf 91' lang='lat' dir='ltr'>hanc</span> <span class='ocrx_word' id='word_1_261' title='bbox 1142 2653 1302 2721; x_wconf 84' lang='lat' dir='ltr'>sulficere</span> <span class='ocrx_word' id='word_1_262' title='bbox 1324 2650 1554 2720; x_wconf 86' lang='lat' dir='ltr'>arbitrantur.</span> <span class='ocrx_word' id='word_1_263' title='bbox 1607 2675 1710 2720; x_wconf 81' lang='lat' dir='ltr'>:remo</span> <span class='ocrx_word' id='word_1_264' title='bbox 1735 2667 1784 2722; x_wconf 88' lang='lat' dir='ltr'>est</span> <span class='ocrx_word' id='word_1_265' title='bbox 1812 2651 1888 2719; x_wconf 90' lang='lat' dir='ltr'>siue</span> <span class='ocrx_word' id='word_1_266' title='bbox 1911 2664 2051 2740; x_wconf 89' lang='lat' dir='ltr'>peccato</span> <span class='ocrx_word' id='word_1_267' title='bbox 2079 2664 2111 2719; x_wconf 90' lang='lat' dir='ltr'>et</span> <span class='ocrx_word' id='word_1_268' title='bbox 2128 2651 2207 2720; x_wconf 87' lang='lat' dir='ltr'>sine</span> <span class='ocrx_word' id='word_1_269' title='bbox 2225 2652 2406 2739; x_wconf 88' lang='lat' dir='ltr'>aliquibus</span> <span class='ocrx_word' id='word_1_270' title='bbox 2426 2650 2588 2741; x_wconf 85' lang='lat' dir='ltr'>lapsibus.</span> <span class='ocrx_word' id='word_1_271' title='bbox 2643 2688 2644 2719; x_wconf 76' lang='lat' dir='ltr'>t</span> 
     </span>
     <span class='ocr_line' id='line_1_21' title="bbox 564 2745 2592 2847; baseline -0.003 -22"><span class='ocrx_word' id='word_1_272' title='bbox 564 2759 615 2828; x_wconf 78' lang='lat' dir='ltr'>a:</span> <span class='ocrx_word' id='word_1_273' title='bbox 638 2750 801 2825; x_wconf 87' lang='lat' dir='ltr'>Christus</span> <span class='ocrx_word' id='word_1_274' title='bbox 831 2778 992 2845; x_wconf 82' lang='lat' dir='ltr'>expresse</span> <span class='ocrx_word' id='word_1_275' title='bbox 1023 2750 1082 2823; x_wconf 90' lang='lat' dir='ltr'>hic</span> <span class='ocrx_word' id='word_1_276' title='bbox 1104 2754 1239 2847; x_wconf 91' lang='lat' dir='ltr'>inquit:</span> <span class='ocrx_word' id='word_1_277' title='bbox 1274 2750 1361 2823; x_wconf 82' lang='lat' dir='ltr'>stne</span> <span class='ocrx_word' id='word_1_278' title='bbox 1382 2775 1438 2819; x_wconf 84' lang='lat' dir='ltr'>mc</span> <span class='ocrx_word' id='word_1_279' title='bbox 1462 2745 1554 2819; x_wconf 79' lang='lat' dir='ltr'>nihil</span> <span class='ocrx_word' id='word_1_280' title='bbox 1605 2751 1727 2824; x_wconf 88' lang='lat' dir='ltr'>Altera</span> <span class='ocrx_word' id='word_1_281' title='bbox 1745 2756 1789 2822; x_wconf 93' lang='lat' dir='ltr'>de</span> <span class='ocrx_word' id='word_1_282' title='bbox 1805 2754 1917 2821; x_wconf 85' lang='lat' dir='ltr'>dicto:</span> <span class='ocrx_word' id='word_1_283' title='bbox 1932 2752 2018 2821; x_wconf 92' lang='lat' dir='ltr'>Sine</span> <span class='ocrx_word' id='word_1_284' title='bbox 2034 2776 2089 2821; x_wconf 90' lang='lat' dir='ltr'>me</span> <span class='ocrx_word' id='word_1_285' title='bbox 2105 2748 2197 2822; x_wconf 90' lang='lat' dir='ltr'>nihil</span> <span class='ocrx_word' id='word_1_286' title='bbox 2213 2752 2359 2842; x_wconf 88' lang='lat' dir='ltr'>potestis</span> <span class='ocrx_word' id='word_1_287' title='bbox 2374 2753 2495 2823; x_wconf 86' lang='lat' dir='ltr'>lacere.</span> <span class='ocrx_word' id='word_1_288' title='bbox 2517 2748 2592 2821; x_wconf 91' lang='lat' dir='ltr'>Cur</span> 
     </span>
     <span class='ocr_line' id='line_1_22' title="bbox 566 2850 2590 2956; baseline -0.003 -30"><span class='ocrx_word' id='word_1_289' title='bbox 566 2857 715 2956; x_wconf 89' lang='lat' dir='ltr'>potestis</span> <span class='ocrx_word' id='word_1_290' title='bbox 736 2859 868 2941; x_wconf 84' lang='lat' dir='ltr'>facere,</span> <span class='ocrx_word' id='word_1_291' title='bbox 903 2870 939 2927; x_wconf 90' lang='lat' dir='ltr'>et</span> <span class='ocrx_word' id='word_1_292' title='bbox 953 2857 1078 2928; x_wconf 88' lang='lat' dir='ltr'>Ierem.</span> <span class='ocrx_word' id='word_1_293' title='bbox 1106 2858 1164 2926; x_wconf 92' lang='lat'>10.</span> <span class='ocrx_word' id='word_1_294' title='bbox 1185 2855 1250 2925; x_wconf 90' lang='lat' dir='ltr'>ait:</span> <span class='ocrx_word' id='word_1_295' title='bbox 1285 2853 1367 2925; x_wconf 87' lang='lat' dir='ltr'>Scio</span> <span class='ocrx_word' id='word_1_296' title='bbox 1392 2850 1555 2936; x_wconf 87' lang='lat' dir='ltr'>Domine,</span> <span class='ocrx_word' id='word_1_297' title='bbox 1608 2854 1710 2927; x_wconf 89' lang='lat' dir='ltr'>uobis</span> <span class='ocrx_word' id='word_1_298' title='bbox 1746 2871 1929 2947; x_wconf 82' lang='lat' dir='ltr'>praerepta</span> <span class='ocrx_word' id='word_1_299' title='bbox 1965 2858 2114 2937; x_wconf 88' lang='lat' dir='ltr'>dantur,</span> <span class='ocrx_word' id='word_1_300' title='bbox 2154 2857 2181 2924; x_wconf 93' lang='lat' dir='ltr'>si</span> <span class='ocrx_word' id='word_1_301' title='bbox 2218 2851 2372 2923; x_wconf 90' lang='lat' dir='ltr'>humana</span> <span class='ocrx_word' id='word_1_302' title='bbox 2411 2853 2590 2942; x_wconf 89' lang='lat' dir='ltr'>diligentia</span> 
     </span>
     <span class='ocr_line' id='line_1_23' title="bbox 544 2936 2644 3049; baseline -0.003 -20"><span class='ocrx_word' id='word_1_303' title='bbox 544 2963 642 3029; x_wconf 69' lang='lat' dir='ltr'>&#39;non</span> <span class='ocrx_word' id='word_1_304' title='bbox 673 2972 726 3029; x_wconf 88' lang='lat' dir='ltr'>est</span> <span class='ocrx_word' id='word_1_305' title='bbox 759 2953 918 3028; x_wconf 89' lang='lat' dir='ltr'>hominis</span> <span class='ocrx_word' id='word_1_306' title='bbox 945 2960 1002 3027; x_wconf 83' lang='lat' dir='ltr'>via</span> <span class='ocrx_word' id='word_1_307' title='bbox 1029 2958 1123 3042; x_wconf 90' lang='lat' dir='ltr'>eius,</span> <span class='ocrx_word' id='word_1_308' title='bbox 1155 2959 1190 3026; x_wconf 92' lang='lat' dir='ltr'>id</span> <span class='ocrx_word' id='word_1_309' title='bbox 1219 2968 1289 3040; x_wconf 89' lang='lat' dir='ltr'>est,</span> <span class='ocrx_word' id='word_1_310' title='bbox 1320 2955 1459 3026; x_wconf 85' lang='lat' dir='ltr'>vocatio</span> <span class='ocrx_word' id='word_1_311' title='bbox 1482 2977 1554 3023; x_wconf 91' lang='lat' dir='ltr'>nou</span> <span class='ocrx_word' id='word_1_312' title='bbox 1607 2980 1749 3049; x_wconf 89' lang='lat' dir='ltr'>prorsus</span> <span class='ocrx_word' id='word_1_313' title='bbox 1774 2958 1912 3026; x_wconf 89' lang='lat' dir='ltr'>inutilis</span> <span class='ocrx_word' id='word_1_314' title='bbox 1935 2957 2009 3027; x_wconf 78' lang='lat' dir='ltr'>est?</span> <span class='ocrx_word' id='word_1_315' title='bbox 2040 2955 2255 3047; x_wconf 85' lang='lat' dir='ltr'>Respondeo</span> <span class='ocrx_word' id='word_1_316' title='bbox 2277 2960 2321 3025; x_wconf 90' lang='lat' dir='ltr'>de</span> <span class='ocrx_word' id='word_1_317' title='bbox 2342 2958 2462 3047; x_wconf 90' lang='lat' dir='ltr'>priore</span> <span class='ocrx_word' id='word_1_318' title='bbox 2483 2955 2590 3023; x_wconf 85' lang='lat' dir='ltr'>dicto:</span> <span class='ocrx_word' id='word_1_319' title='bbox 2643 2936 2644 3027; x_wconf 77' lang='lat' dir='ltr'>l</span> 
     </span>
     <span class='ocr_line' id='line_1_24' title="bbox 566 3056 2644 3152; baseline -0.002 -23"><span class='ocrx_word' id='word_1_320' title='bbox 566 3076 681 3152; x_wconf 88' lang='lat' dir='ltr'>potest</span> <span class='ocrx_word' id='word_1_321' title='bbox 699 3061 772 3149; x_wconf 88' lang='lat' dir='ltr'>regi</span> <span class='ocrx_word' id='word_1_322' title='bbox 789 3056 956 3129; x_wconf 88' lang='lat' dir='ltr'>humanis</span> <span class='ocrx_word' id='word_1_323' title='bbox 973 3074 1111 3131; x_wconf 89' lang='lat' dir='ltr'>tantum</span> <span class='ocrx_word' id='word_1_324' title='bbox 1128 3058 1305 3138; x_wconf 89' lang='lat' dir='ltr'>consiliis,</span> <span class='ocrx_word' id='word_1_325' title='bbox 1332 3080 1397 3125; x_wconf 87' lang='lat' dir='ltr'>uec</span> <span class='ocrx_word' id='word_1_326' title='bbox 1412 3070 1465 3126; x_wconf 90' lang='lat' dir='ltr'>est</span> <span class='ocrx_word' id='word_1_327' title='bbox 1480 3057 1555 3123; x_wconf 85' lang='lat' dir='ltr'>elli·</span> <span class='ocrx_word' id='word_1_328' title='bbox 1608 3060 1640 3129; x_wconf 85' lang='lat' dir='ltr'>T</span> <span class='ocrx_word' id='word_1_329' title='bbox 1643 3062 1821 3127; x_wconf 86' lang='lat' dir='ltr'>ruendum</span> <span class='ocrx_word' id='word_1_330' title='bbox 1843 3074 1894 3129; x_wconf 85' lang='lat' dir='ltr'>eat</span> <span class='ocrx_word' id='word_1_331' title='bbox 1919 3058 2108 3128; x_wconf 85' lang='lat' dir='ltr'>discrimen</span> <span class='ocrx_word' id='word_1_332' title='bbox 2134 3057 2237 3147; x_wconf 86' lang='lat' dir='ltr'>Legis</span> <span class='ocrx_word' id='word_1_333' title='bbox 2260 3073 2293 3127; x_wconf 84' lang='lat' dir='ltr'>et</span> <span class='ocrx_word' id='word_1_334' title='bbox 2316 3056 2525 3147; x_wconf 83' lang='lat' dir='ltr'>Evangelii,</span> <span class='ocrx_word' id='word_1_335' title='bbox 2557 3080 2591 3125; x_wconf 90' lang='lat' dir='ltr'>ac</span> <span class='ocrx_word' id='word_1_336' title='bbox 2643 3070 2644 3151; x_wconf 69' lang='lat' dir='ltr'>t</span> 
     </span>
    </p>
   </div>
   <div class='ocr_carea' id='block_1_3' title="bbox 566 3156 2644 5372">
    <p class='ocr_par' dir='ltr' id='par_1_4' title="bbox 566 3156 2644 5372">
     <span class='ocr_line' id='line_1_25' title="bbox 566 3156 2644 3261; baseline -0.002 -30"><span class='ocrx_word' id='word_1_337' title='bbox 566 3187 629 3231; x_wconf 83' lang='lat' dir='ltr'>cax</span> <span class='ocrx_word' id='word_1_338' title='bbox 655 3176 689 3232; x_wconf 90' lang='lat' dir='ltr'>et</span> <span class='ocrx_word' id='word_1_339' title='bbox 711 3163 894 3240; x_wconf 88' lang='lat' dir='ltr'>salutaris,</span> <span class='ocrx_word' id='word_1_340' title='bbox 925 3164 995 3231; x_wconf 92' lang='lat' dir='ltr'>nisi</span> <span class='ocrx_word' id='word_1_341' title='bbox 1010 3163 1090 3231; x_wconf 93' lang='lat' dir='ltr'>Deo</span> <span class='ocrx_word' id='word_1_342' title='bbox 1107 3162 1270 3244; x_wconf 85' lang='lat' dir='ltr'>iuvante,</span> <span class='ocrx_word' id='word_1_343' title='bbox 1302 3159 1431 3229; x_wconf 82' lang='lat' dir='ltr'>frustra</span> <span class='ocrx_word' id='word_1_344' title='bbox 1454 3182 1556 3249; x_wconf 91' lang='lat' dir='ltr'>prae·</span> <span class='ocrx_word' id='word_1_345' title='bbox 1608 3162 1699 3241; x_wconf 78' lang='lat' dir='ltr'>dicta</span> <span class='ocrx_word' id='word_1_346' title='bbox 1723 3162 1839 3250; x_wconf 90' lang='lat' dir='ltr'>legum</span> <span class='ocrx_word' id='word_1_347' title='bbox 1863 3174 1945 3231; x_wconf 92' lang='lat' dir='ltr'>sunt</span> <span class='ocrx_word' id='word_1_348' title='bbox 1972 3160 2112 3231; x_wconf 91' lang='lat' dir='ltr'>inutilia</span> <span class='ocrx_word' id='word_1_349' title='bbox 2141 3163 2217 3228; x_wconf 88' lang='lat' dir='ltr'>sine</span> <span class='ocrx_word' id='word_1_350' title='bbox 2242 3159 2449 3250; x_wconf 85' lang='lat' dir='ltr'>Evangelio.</span> <span class='ocrx_word' id='word_1_351' title='bbox 2503 3156 2590 3228; x_wconf 87' lang='lat' dir='ltr'>llaec</span> <span class='ocrx_word' id='word_1_352' title='bbox 2643 3172 2644 3261; x_wconf 50' lang='lat' dir='ltr'>q</span> 
     </span>
     <span class='ocr_line' id='line_1_26' title="bbox 566 3256 2590 3353; baseline -0.002 -20"><span class='ocrx_word' id='word_1_353' title='bbox 566 3266 676 3333; x_wconf 93' lang='lat' dir='ltr'>liatur</span> <span class='ocrx_word' id='word_1_354' title='bbox 698 3261 784 3333; x_wconf 87' lang='lat' dir='ltr'>Saul</span> <span class='ocrx_word' id='word_1_355' title='bbox 808 3267 966 3335; x_wconf 88' lang='lat' dir='ltr'>desertus</span> <span class='ocrx_word' id='word_1_356' title='bbox 989 3265 1118 3337; x_wconf 90' lang='lat' dir='ltr'>aDeo.</span> <span class='ocrx_word' id='word_1_357' title='bbox 1176 3259 1341 3353; x_wconf 88' lang='lat' dir='ltr'>Agnosco</span> <span class='ocrx_word' id='word_1_358' title='bbox 1360 3261 1468 3348; x_wconf 86' lang='lat' dir='ltr'>igitur</span> <span class='ocrx_word' id='word_1_359' title='bbox 1488 3256 1557 3329; x_wconf 90' lang='lat' dir='ltr'>hu·</span> <span class='ocrx_word' id='word_1_360' title='bbox 1608 3264 1715 3353; x_wconf 87' lang='lat' dir='ltr'>igitur</span> <span class='ocrx_word' id='word_1_361' title='bbox 1738 3266 1829 3332; x_wconf 92' lang='lat' dir='ltr'>dicta</span> <span class='ocrx_word' id='word_1_362' title='bbox 1851 3259 1987 3332; x_wconf 87' lang='lat' dir='ltr'>Christi</span> <span class='ocrx_word' id='word_1_363' title='bbox 2013 3263 2257 3352; x_wconf 89' lang='lat' dir='ltr'>intelligantur</span> <span class='ocrx_word' id='word_1_364' title='bbox 2285 3264 2381 3333; x_wconf 83' lang='lat' dir='ltr'>iuxta</span> <span class='ocrx_word' id='word_1_365' title='bbox 2407 3259 2590 3351; x_wconf 84' lang='lat' dir='ltr'>Evangelii</span> 
     </span>
     <span class='ocr_line' id='line_1_27' title="bbox 2643 5337 2644 5372; baseline 0 0"><span class='ocrx_word' id='word_1_366' title='bbox 2643 5337 2644 5372; x_wconf 85' lang='lat' dir='ltr'>l</span> 
     </span>
    </p>
   </div>
   <div class='ocr_carea' id='block_1_4' title="bbox 510 3362 2644 5911">
    <p class='ocr_par' dir='ltr' id='par_1_5' title="bbox 510 3362 2644 5911">
     <span class='ocr_line' id='line_1_28' title="bbox 568 3362 2592 3459; baseline -0.001 -25"><span class='ocrx_word' id='word_1_367' title='bbox 568 3388 711 3434; x_wconf 85' lang='lat' dir='ltr'>manem</span> <span class='ocrx_word' id='word_1_368' title='bbox 726 3365 1024 3448; x_wconf 88' lang='lat' dir='ltr'>imbecillitatem,</span> <span class='ocrx_word' id='word_1_369' title='bbox 1050 3381 1084 3438; x_wconf 92' lang='lat' dir='ltr'>et</span> <span class='ocrx_word' id='word_1_370' title='bbox 1105 3389 1163 3433; x_wconf 91' lang='lat' dir='ltr'>me</span> <span class='ocrx_word' id='word_1_371' title='bbox 1187 3389 1251 3435; x_wconf 89' lang='lat' dir='ltr'>oro</span> <span class='ocrx_word' id='word_1_372' title='bbox 1273 3388 1293 3433; x_wconf 89' lang='lat' dir='ltr'>a</span> <span class='ocrx_word' id='word_1_373' title='bbox 1317 3377 1351 3434; x_wconf 91' lang='lat' dir='ltr'>te</span> <span class='ocrx_word' id='word_1_374' title='bbox 1374 3364 1465 3452; x_wconf 87' lang='lat' dir='ltr'>regi,</span> <span class='ocrx_word' id='word_1_375' title='bbox 1501 3362 1556 3431; x_wconf 91' lang='lat' dir='ltr'>iu·</span> <span class='ocrx_word' id='word_1_376' title='bbox 1608 3366 1738 3435; x_wconf 87' lang='lat' dir='ltr'>lucem:</span> <span class='ocrx_word' id='word_1_377' title='bbox 1766 3364 1805 3435; x_wconf 90' lang='lat' dir='ltr'>Si</span> <span class='ocrx_word' id='word_1_378' title='bbox 1821 3366 1900 3459; x_wconf 90' lang='lat' dir='ltr'>quis</span> <span class='ocrx_word' id='word_1_379' title='bbox 1914 3364 2030 3453; x_wconf 88' lang='lat' dir='ltr'>diligit</span> <span class='ocrx_word' id='word_1_380' title='bbox 2046 3388 2121 3449; x_wconf 91' lang='lat' dir='ltr'>me,</span> <span class='ocrx_word' id='word_1_381' title='bbox 2154 3386 2354 3433; x_wconf 89' lang='lat' dir='ltr'>sermonem</span> <span class='ocrx_word' id='word_1_382' title='bbox 2377 3386 2500 3433; x_wconf 89' lang='lat' dir='ltr'>meum</span> <span class='ocrx_word' id='word_1_383' title='bbox 2527 3388 2592 3433; x_wconf 87' lang='lat' dir='ltr'>ser·</span> 
     </span>
     <span class='ocr_line' id='line_1_29' title="bbox 567 3462 2595 3558; baseline -0.001 -24"><span class='ocrx_word' id='word_1_384' title='bbox 567 3466 664 3552; x_wconf 89' lang='lat' dir='ltr'>vari,</span> <span class='ocrx_word' id='word_1_385' title='bbox 697 3468 849 3540; x_wconf 85' lang='lat' dir='ltr'>defendi.</span> <span class='ocrx_word' id='word_1_386' title='bbox 909 3466 1006 3539; x_wconf 90' lang='lat' dir='ltr'>Haec</span> <span class='ocrx_word' id='word_1_387' title='bbox 1027 3469 1119 3540; x_wconf 90' lang='lat' dir='ltr'>dicta</span> <span class='ocrx_word' id='word_1_388' title='bbox 1144 3468 1238 3538; x_wconf 89' lang='lat' dir='ltr'>inter</span> <span class='ocrx_word' id='word_1_389' title='bbox 1260 3466 1447 3558; x_wconf 88' lang='lat' dir='ltr'>praecipua</span> <span class='ocrx_word' id='word_1_390' title='bbox 1470 3467 1557 3552; x_wconf 86' lang='lat' dir='ltr'>dog·</span> <span class='ocrx_word' id='word_1_391' title='bbox 1608 3468 1717 3538; x_wconf 79' lang='lat' dir='ltr'>rabit.</span> <span class='ocrx_word' id='word_1_392' title='bbox 1769 3467 1874 3537; x_wconf 89' lang='lat' dir='ltr'>Item:</span> <span class='ocrx_word' id='word_1_393' title='bbox 1900 3465 1973 3556; x_wconf 87' lang='lat' dir='ltr'>Qui</span> <span class='ocrx_word' id='word_1_394' title='bbox 1988 3481 2105 3538; x_wconf 87' lang='lat' dir='ltr'>manet</span> <span class='ocrx_word' id='word_1_395' title='bbox 2121 3468 2158 3535; x_wconf 93' lang='lat' dir='ltr'>in</span> <span class='ocrx_word' id='word_1_396' title='bbox 2174 3491 2250 3551; x_wconf 93' lang='lat' dir='ltr'>me,</span> <span class='ocrx_word' id='word_1_397' title='bbox 2277 3481 2311 3537; x_wconf 90' lang='lat' dir='ltr'>et</span> <span class='ocrx_word' id='word_1_398' title='bbox 2325 3489 2388 3558; x_wconf 91' lang='lat' dir='ltr'>ego</span> <span class='ocrx_word' id='word_1_399' title='bbox 2405 3466 2444 3535; x_wconf 94' lang='lat' dir='ltr'>in</span> <span class='ocrx_word' id='word_1_400' title='bbox 2461 3462 2595 3551; x_wconf 89' lang='lat' dir='ltr'>eo,bic</span> 
     </span>
     <span class='ocr_line' id='line_1_30' title="bbox 568 3563 2596 3666; baseline -0 -28"><span class='ocrx_word' id='word_1_401' title='bbox 568 3583 663 3640; x_wconf 87' lang='lat' dir='ltr'>mata</span> <span class='ocrx_word' id='word_1_402' title='bbox 692 3567 869 3639; x_wconf 87' lang='lat' dir='ltr'>Ecclesiae</span> <span class='ocrx_word' id='word_1_403' title='bbox 897 3572 1050 3640; x_wconf 89' lang='lat' dir='ltr'>tenenda</span> <span class='ocrx_word' id='word_1_404' title='bbox 1082 3585 1165 3640; x_wconf 87' lang='lat' dir='ltr'>sunt</span> <span class='ocrx_word' id='word_1_405' title='bbox 1193 3571 1362 3639; x_wconf 86' lang='lat' dir='ltr'>adversus</span> <span class='ocrx_word' id='word_1_406' title='bbox 1390 3563 1558 3636; x_wconf 84' lang='lat' dir='ltr'>Philoso-</span> <span class='ocrx_word' id='word_1_407' title='bbox 1609 3569 1792 3661; x_wconf 88' lang='lat' dir='ltr'>copiosum</span> <span class='ocrx_word' id='word_1_408' title='bbox 1808 3571 1961 3640; x_wconf 88' lang='lat' dir='ltr'>lructum</span> <span class='ocrx_word' id='word_1_409' title='bbox 1986 3570 2092 3654; x_wconf 85' lang='lat' dir='ltr'>leret,</span> <span class='ocrx_word' id='word_1_410' title='bbox 2119 3570 2154 3639; x_wconf 89' lang='lat' dir='ltr'>id</span> <span class='ocrx_word' id='word_1_411' title='bbox 2182 3584 2253 3652; x_wconf 90' lang='lat' dir='ltr'>est,</span> <span class='ocrx_word' id='word_1_412' title='bbox 2285 3569 2345 3662; x_wconf 93' lang='lat' dir='ltr'>qui</span> <span class='ocrx_word' id='word_1_413' title='bbox 2370 3569 2596 3666; x_wconf 87' lang='lat' dir='ltr'>amplectitur</span> 
     </span>
     <span class='ocr_line' id='line_1_31' title="bbox 570 3666 2596 3764; baseline -0.001 -23"><span class='ocrx_word' id='word_1_414' title='bbox 570 3666 661 3763; x_wconf 93' lang='lat' dir='ltr'>phos</span> <span class='ocrx_word' id='word_1_415' title='bbox 697 3684 730 3739; x_wconf 91' lang='lat' dir='ltr'>et</span> <span class='ocrx_word' id='word_1_416' title='bbox 753 3668 981 3760; x_wconf 90' lang='lat' dir='ltr'>Pelagianos,</span> <span class='ocrx_word' id='word_1_417' title='bbox 1021 3685 1055 3741; x_wconf 92' lang='lat' dir='ltr'>et</span> <span class='ocrx_word' id='word_1_418' title='bbox 1087 3671 1239 3754; x_wconf 90' lang='lat' dir='ltr'>similes,</span> <span class='ocrx_word' id='word_1_419' title='bbox 1272 3669 1333 3763; x_wconf 84' lang='lat' dir='ltr'>qr&#39;ri</span> <span class='ocrx_word' id='word_1_420' title='bbox 1359 3671 1556 3739; x_wconf 88' lang='lat' dir='ltr'>libertatem</span> <span class='ocrx_word' id='word_1_421' title='bbox 1610 3671 1844 3760; x_wconf 89' lang='lat' dir='ltr'>Evangelium</span> <span class='ocrx_word' id='word_1_422' title='bbox 1867 3673 2132 3762; x_wconf 92' lang='lat' dir='ltr'>incorruptum,</span> <span class='ocrx_word' id='word_1_423' title='bbox 2168 3684 2203 3740; x_wconf 88' lang='lat' dir='ltr'>et</span> <span class='ocrx_word' id='word_1_424' title='bbox 2226 3669 2296 3742; x_wconf 87' lang='lat' dir='ltr'>fide</span> <span class='ocrx_word' id='word_1_425' title='bbox 2319 3670 2431 3762; x_wconf 88' lang='lat' dir='ltr'>placet</span> <span class='ocrx_word' id='word_1_426' title='bbox 2453 3686 2596 3764; x_wconf 90' lang='lat' dir='ltr'>propter</span> 
     </span>
     <span class='ocr_line' id='line_1_32' title="bbox 570 3769 2596 3863; baseline 0.001 -23"><span class='ocrx_word' id='word_1_427' title='bbox 570 3772 748 3842; x_wconf 89' lang='lat' dir='ltr'>humanae</span> <span class='ocrx_word' id='word_1_428' title='bbox 781 3774 976 3845; x_wconf 85' lang='lat' dir='ltr'>voluntatis</span> <span class='ocrx_word' id='word_1_429' title='bbox 1016 3772 1206 3842; x_wconf 89' lang='lat' dir='ltr'>immodice</span> <span class='ocrx_word' id='word_1_430' title='bbox 1247 3772 1483 3863; x_wconf 81' lang='lat' dir='ltr'>amplificant,</span> <span class='ocrx_word' id='word_1_431' title='bbox 1525 3785 1557 3840; x_wconf 87' lang='lat' dir='ltr'>et</span> <span class='ocrx_word' id='word_1_432' title='bbox 1610 3771 1809 3857; x_wconf 89' lang='lat' dir='ltr'>Christum,</span> <span class='ocrx_word' id='word_1_433' title='bbox 1836 3770 1932 3844; x_wconf 93' lang='lat' dir='ltr'>hunc</span> <span class='ocrx_word' id='word_1_434' title='bbox 1946 3773 2169 3843; x_wconf 88' lang='lat' dir='ltr'>invocantem</span> <span class='ocrx_word' id='word_1_435' title='bbox 2186 3774 2349 3844; x_wconf 90' lang='lat' dir='ltr'>exaudiet</span> <span class='ocrx_word' id='word_1_436' title='bbox 2363 3769 2476 3857; x_wconf 87' lang='lat' dir='ltr'>Deus,</span> <span class='ocrx_word' id='word_1_437' title='bbox 2507 3769 2596 3843; x_wconf 87' lang='lat' dir='ltr'>huuc</span> 
     </span>
     <span class='ocr_line' id='line_1_33' title="bbox 570 3874 2595 3967; baseline 0 -25"><span class='ocrx_word' id='word_1_438' title='bbox 570 3876 935 3945; x_wconf 88' lang='lat' dir='ltr'>mentesabducuuta</span> <span class='ocrx_word' id='word_1_439' title='bbox 961 3875 1196 3962; x_wconf 86' lang='lat' dir='ltr'>cogitatione,</span> <span class='ocrx_word' id='word_1_440' title='bbox 1222 3874 1410 3965; x_wconf 88' lang='lat' dir='ltr'>petitione,</span> <span class='ocrx_word' id='word_1_441' title='bbox 1444 3886 1477 3941; x_wconf 91' lang='lat' dir='ltr'>et</span> <span class='ocrx_word' id='word_1_442' title='bbox 1502 3898 1559 3942; x_wconf 80' lang='lat' dir='ltr'>ex·</span> <span class='ocrx_word' id='word_1_443' title='bbox 1611 3891 1706 3967; x_wconf 88' lang='lat' dir='ltr'>reget</span> <span class='ocrx_word' id='word_1_444' title='bbox 1733 3890 1766 3947; x_wconf 88' lang='lat' dir='ltr'>et</span> <span class='ocrx_word' id='word_1_445' title='bbox 1795 3877 1952 3961; x_wconf 91' lang='lat' dir='ltr'>iuvabit,</span> <span class='ocrx_word' id='word_1_446' title='bbox 1984 3889 2023 3945; x_wconf 93' lang='lat' dir='ltr'>ut</span> <span class='ocrx_word' id='word_1_447' title='bbox 2047 3875 2212 3946; x_wconf 88' lang='lat' dir='ltr'>salutaria</span> <span class='ocrx_word' id='word_1_448' title='bbox 2234 3875 2303 3946; x_wconf 91' lang='lat' dir='ltr'>sibi</span> <span class='ocrx_word' id='word_1_449' title='bbox 2327 3889 2360 3945; x_wconf 91' lang='lat' dir='ltr'>et</span> <span class='ocrx_word' id='word_1_450' title='bbox 2382 3875 2462 3944; x_wconf 89' lang='lat' dir='ltr'>aliis</span> <span class='ocrx_word' id='word_1_451' title='bbox 2477 3876 2595 3945; x_wconf 80' lang='lat' dir='ltr'>saciat:</span> 
     </span>
     <span class='ocr_line' id='line_1_34' title="bbox 570 3969 2596 4075; baseline 0 -31"><span class='ocrx_word' id='word_1_452' title='bbox 570 3975 769 4065; x_wconf 88' lang='lat' dir='ltr'>pectatione</span> <span class='ocrx_word' id='word_1_453' title='bbox 787 3975 910 4044; x_wconf 85' lang='lat' dir='ltr'>auxilii</span> <span class='ocrx_word' id='word_1_454' title='bbox 928 3975 1063 4060; x_wconf 91' lang='lat' dir='ltr'>divini,</span> <span class='ocrx_word' id='word_1_455' title='bbox 1088 3988 1121 4045; x_wconf 91' lang='lat' dir='ltr'>et</span> <span class='ocrx_word' id='word_1_456' title='bbox 1136 3969 1484 4066; x_wconf 86' lang='lat' dir='ltr'>aconspectuhuius</span> <span class='ocrx_word' id='word_1_457' title='bbox 1507 3977 1559 4043; x_wconf 90' lang='lat' dir='ltr'>vi·</span> <span class='ocrx_word' id='word_1_458' title='bbox 1612 3993 1645 4050; x_wconf 89' lang='lat' dir='ltr'>et</span> <span class='ocrx_word' id='word_1_459' title='bbox 1663 3993 1865 4072; x_wconf 84' lang='lat' dir='ltr'>quanquam</span> <span class='ocrx_word' id='word_1_460' title='bbox 1883 3991 1964 4048; x_wconf 90' lang='lat' dir='ltr'>sunt</span> <span class='ocrx_word' id='word_1_461' title='bbox 1981 3978 2091 4049; x_wconf 88' lang='lat' dir='ltr'>multa</span> <span class='ocrx_word' id='word_1_462' title='bbox 2108 3992 2220 4049; x_wconf 80' lang='lat' dir='ltr'>errata</span> <span class='ocrx_word' id='word_1_463' title='bbox 2243 3979 2281 4046; x_wconf 94' lang='lat' dir='ltr'>in</span> <span class='ocrx_word' id='word_1_464' title='bbox 2304 3977 2396 4062; x_wconf 88' lang='lat' dir='ltr'>vita,</span> <span class='ocrx_word' id='word_1_465' title='bbox 2428 3989 2463 4046; x_wconf 91' lang='lat' dir='ltr'>et</span> <span class='ocrx_word' id='word_1_466' title='bbox 2489 3975 2596 4075; x_wconf 87' lang='lat' dir='ltr'>aliqui</span> 
     </span>
     <span class='ocr_line' id='line_1_35' title="bbox 572 4071 2596 4171; baseline 0 -25"><span class='ocrx_word' id='word_1_467' title='bbox 572 4077 633 4157; x_wconf 90' lang='lat' dir='ltr'>tis,</span> <span class='ocrx_word' id='word_1_468' title='bbox 658 4077 702 4142; x_wconf 90' lang='lat' dir='ltr'>de</span> <span class='ocrx_word' id='word_1_469' title='bbox 718 4097 788 4167; x_wconf 89' lang='lat' dir='ltr'>qua</span> <span class='ocrx_word' id='word_1_470' title='bbox 809 4071 868 4145; x_wconf 92' lang='lat' dir='ltr'>hic</span> <span class='ocrx_word' id='word_1_471' title='bbox 882 4077 1035 4161; x_wconf 89' lang='lat' dir='ltr'>dicitur,</span> <span class='ocrx_word' id='word_1_472' title='bbox 1067 4077 1155 4146; x_wconf 88' lang='lat' dir='ltr'>etin</span> <span class='ocrx_word' id='word_1_473' title='bbox 1181 4076 1391 4169; x_wconf 87' lang='lat' dir='ltr'>quotidiana</span> <span class='ocrx_word' id='word_1_474' title='bbox 1413 4077 1559 4146; x_wconf 85' lang='lat' dir='ltr'>iuvoca—</span> <span class='ocrx_word' id='word_1_475' title='bbox 1612 4083 1728 4152; x_wconf 85' lang='lat' dir='ltr'>tristes</span> <span class='ocrx_word' id='word_1_476' title='bbox 1744 4082 1880 4171; x_wconf 88' lang='lat' dir='ltr'>lapsus,</span> <span class='ocrx_word' id='word_1_477' title='bbox 1906 4096 2023 4151; x_wconf 90' lang='lat' dir='ltr'>tamen</span> <span class='ocrx_word' id='word_1_478' title='bbox 2049 4075 2134 4149; x_wconf 91' lang='lat' dir='ltr'>haec</span> <span class='ocrx_word' id='word_1_479' title='bbox 2156 4080 2249 4149; x_wconf 89' lang='lat' dir='ltr'>mala</span> <span class='ocrx_word' id='word_1_480' title='bbox 2273 4081 2549 4164; x_wconf 87' lang='lat' dir='ltr'>condonantur,</span> <span class='ocrx_word' id='word_1_481' title='bbox 2570 4091 2596 4146; x_wconf 87' lang='lat' dir='ltr'>et</span> 
     </span>
     <span class='ocr_line' id='line_1_36' title="bbox 570 4172 2596 4277; baseline 0 -30"><span class='ocrx_word' id='word_1_482' title='bbox 570 4177 672 4247; x_wconf 86' lang='lat' dir='ltr'>tione</span> <span class='ocrx_word' id='word_1_483' title='bbox 686 4177 835 4246; x_wconf 86' lang='lat' dir='ltr'>veniant</span> <span class='ocrx_word' id='word_1_484' title='bbox 851 4178 889 4246; x_wconf 92' lang='lat' dir='ltr'>in</span> <span class='ocrx_word' id='word_1_485' title='bbox 904 4191 1057 4249; x_wconf 90' lang='lat' dir='ltr'>mentem</span> <span class='ocrx_word' id='word_1_486' title='bbox 1077 4172 1166 4248; x_wconf 89' lang='lat' dir='ltr'>haec</span> <span class='ocrx_word' id='word_1_487' title='bbox 1188 4180 1300 4261; x_wconf 88' lang='lat' dir='ltr'>dicta,</span> <span class='ocrx_word' id='word_1_488' title='bbox 1332 4191 1373 4248; x_wconf 91' lang='lat' dir='ltr'>ut</span> <span class='ocrx_word' id='word_1_489' title='bbox 1394 4201 1562 4268; x_wconf 86' lang='lat' dir='ltr'>agnosca-</span> <span class='ocrx_word' id='word_1_490' title='bbox 1613 4195 1784 4266; x_wconf 82' lang='lat' dir='ltr'>sanantur</span> <span class='ocrx_word' id='word_1_491' title='bbox 1799 4184 1836 4251; x_wconf 93' lang='lat' dir='ltr'>in</span> <span class='ocrx_word' id='word_1_492' title='bbox 1855 4183 1945 4267; x_wconf 91' lang='lat' dir='ltr'>illis,</span> <span class='ocrx_word' id='word_1_493' title='bbox 1971 4184 2032 4277; x_wconf 92' lang='lat' dir='ltr'>qui</span> <span class='ocrx_word' id='word_1_494' title='bbox 2050 4182 2087 4251; x_wconf 90' lang='lat' dir='ltr'>io</span> <span class='ocrx_word' id='word_1_495' title='bbox 2105 4205 2187 4251; x_wconf 88' lang='lat' dir='ltr'>vera</span> <span class='ocrx_word' id='word_1_496' title='bbox 2203 4181 2420 4272; x_wconf 88' lang='lat' dir='ltr'>poenitentia</span> <span class='ocrx_word' id='word_1_497' title='bbox 2436 4183 2482 4250; x_wconf 92' lang='lat' dir='ltr'>ad</span> <span class='ocrx_word' id='word_1_498' title='bbox 2495 4177 2596 4254; x_wconf 90' lang='lat' dir='ltr'>Chri·</span> 
     </span>
     <span class='ocr_line' id='line_1_37' title="bbox 571 4277 2599 4374; baseline 0.001 -25"><span class='ocrx_word' id='word_1_499' title='bbox 571 4301 652 4349; x_wconf 90' lang='lat' dir='ltr'>mus</span> <span class='ocrx_word' id='word_1_500' title='bbox 674 4292 831 4349; x_wconf 89' lang='lat' dir='ltr'>nostram</span> <span class='ocrx_word' id='word_1_501' title='bbox 856 4279 1147 4361; x_wconf 82' lang='lat' dir='ltr'>imbecillitatem.</span> <span class='ocrx_word' id='word_1_502' title='bbox 1204 4280 1335 4351; x_wconf 89' lang='lat' dir='ltr'>Sumus</span> <span class='ocrx_word' id='word_1_503' title='bbox 1357 4280 1562 4362; x_wconf 88' lang='lat' dir='ltr'>imbecilles,</span> <span class='ocrx_word' id='word_1_504' title='bbox 1613 4301 1705 4355; x_wconf 92' lang='lat' dir='ltr'>stum</span> <span class='ocrx_word' id='word_1_505' title='bbox 1731 4307 1853 4354; x_wconf 89' lang='lat' dir='ltr'>rursus</span> <span class='ocrx_word' id='word_1_506' title='bbox 1872 4283 2090 4374; x_wconf 80' lang='lat' dir='ltr'>conlrsgiunt.</span> <span class='ocrx_word' id='word_1_507' title='bbox 2144 4281 2277 4368; x_wconf 89' lang='lat' dir='ltr'>David,</span> <span class='ocrx_word' id='word_1_508' title='bbox 2310 4277 2503 4368; x_wconf 82' lang='lat' dir='ltr'>Ezechias,</span> <span class='ocrx_word' id='word_1_509' title='bbox 2539 4281 2599 4351; x_wconf 84' lang='lat' dir='ltr'>Pe-</span> 
     </span>
     <span class='ocr_line' id='line_1_38' title="bbox 510 4377 2600 4480; baseline 0.002 -30"><span class='ocrx_word' id='word_1_510' title='bbox 510 4443 518 4454; x_wconf 86' lang='grc'><em>,</em></span> <span class='ocrx_word' id='word_1_511' title='bbox 572 4382 650 4450; x_wconf 90' lang='lat' dir='ltr'>sine</span> <span class='ocrx_word' id='word_1_512' title='bbox 677 4380 763 4450; x_wconf 85' lang='lat' dir='ltr'>ullis</span> <span class='ocrx_word' id='word_1_513' title='bbox 792 4377 958 4450; x_wconf 87' lang='lat' dir='ltr'>humanis</span> <span class='ocrx_word' id='word_1_514' title='bbox 980 4382 1184 4480; x_wconf 85' lang='lat' dir='ltr'>praesidiis,</span> <span class='ocrx_word' id='word_1_515' title='bbox 1221 4383 1364 4470; x_wconf 87' lang='lat' dir='ltr'>inopes,</span> <span class='ocrx_word' id='word_1_516' title='bbox 1395 4383 1561 4473; x_wconf 83' lang='lat' dir='ltr'>despecti,</span> <span class='ocrx_word' id='word_1_517' title='bbox 1612 4402 1687 4457; x_wconf 87' lang='lat' dir='ltr'>trus</span> <span class='ocrx_word' id='word_1_518' title='bbox 1701 4403 1782 4458; x_wconf 91' lang='lat' dir='ltr'>sunt</span> <span class='ocrx_word' id='word_1_519' title='bbox 1801 4387 1932 4456; x_wconf 82' lang='lat' dir='ltr'>infirmi</span> <span class='ocrx_word' id='word_1_520' title='bbox 1948 4382 2128 4464; x_wconf 91' lang='lat' dir='ltr'>homines,</span> <span class='ocrx_word' id='word_1_521' title='bbox 2162 4379 2466 4475; x_wconf 85' lang='lat' dir='ltr'>habentpeccata,</span> <span class='ocrx_word' id='word_1_522' title='bbox 2495 4400 2600 4476; x_wconf 79' lang='lat' dir='ltr'>&#39;saepe</span> 
     </span>
     <span class='ocr_line' id='line_1_39' title="bbox 572 4482 2598 4579; baseline 0.001 -26"><span class='ocrx_word' id='word_1_523' title='bbox 572 4482 833 4553; x_wconf 85' lang='lat' dir='ltr'>calamitatibus</span> <span class='ocrx_word' id='word_1_524' title='bbox 848 4485 955 4553; x_wconf 86' lang='lat' dir='ltr'>variis</span> <span class='ocrx_word' id='word_1_525' title='bbox 971 4484 1129 4567; x_wconf 88' lang='lat' dir='ltr'>onerati,</span> <span class='ocrx_word' id='word_1_526' title='bbox 1154 4507 1324 4574; x_wconf 87' lang='lat' dir='ltr'>vagamur</span> <span class='ocrx_word' id='word_1_527' title='bbox 1342 4485 1486 4556; x_wconf 89' lang='lat' dir='ltr'>incertis</span> <span class='ocrx_word' id='word_1_528' title='bbox 1506 4509 1561 4554; x_wconf 91' lang='lat' dir='ltr'>se·</span> <span class='ocrx_word' id='word_1_529' title='bbox 1614 4504 1753 4572; x_wconf 91' lang='lat' dir='ltr'>errant,</span> <span class='ocrx_word' id='word_1_530' title='bbox 1787 4502 1820 4558; x_wconf 89' lang='lat' dir='ltr'>et</span> <span class='ocrx_word' id='word_1_531' title='bbox 1835 4491 2000 4558; x_wconf 86' lang='lat' dir='ltr'>accidunt</span> <span class='ocrx_word' id='word_1_532' title='bbox 2017 4490 2068 4558; x_wconf 85' lang='lat' dir='ltr'>eis</span> <span class='ocrx_word' id='word_1_533' title='bbox 2091 4488 2202 4579; x_wconf 89' lang='lat' dir='ltr'>aliqui</span> <span class='ocrx_word' id='word_1_534' title='bbox 2225 4487 2344 4559; x_wconf 85' lang='lat' dir='ltr'>tristes</span> <span class='ocrx_word' id='word_1_535' title='bbox 2366 4489 2508 4578; x_wconf 89' lang='lat' dir='ltr'>lapsus,</span> <span class='ocrx_word' id='word_1_536' title='bbox 2545 4488 2598 4556; x_wconf 87' lang='lat' dir='ltr'>sed</span> 
     </span>
     <span class='ocr_line' id='line_1_40' title="bbox 573 4580 2599 4680; baseline 0.002 -28"><span class='ocrx_word' id='word_1_537' title='bbox 573 4585 695 4667; x_wconf 90' lang='lat' dir='ltr'>dibus,</span> <span class='ocrx_word' id='word_1_538' title='bbox 723 4586 841 4654; x_wconf 88' lang='lat' dir='ltr'>nullos</span> <span class='ocrx_word' id='word_1_539' title='bbox 854 4587 1054 4656; x_wconf 84' lang='lat' dir='ltr'>defensores</span> <span class='ocrx_word' id='word_1_540' title='bbox 1069 4580 1252 4659; x_wconf 87' lang='lat' dir='ltr'>habemus.</span> <span class='ocrx_word' id='word_1_541' title='bbox 1305 4585 1407 4676; x_wconf 87' lang='lat' dir='ltr'>Quae</span> <span class='ocrx_word' id='word_1_542' title='bbox 1418 4601 1469 4658; x_wconf 87' lang='lat' dir='ltr'>est</span> <span class='ocrx_word' id='word_1_543' title='bbox 1494 4588 1561 4677; x_wconf 85' lang='lat' dir='ltr'>igi·</span> <span class='ocrx_word' id='word_1_544' title='bbox 1613 4607 1729 4662; x_wconf 84' lang='lat' dir='ltr'>tamen</span> <span class='ocrx_word' id='word_1_545' title='bbox 1746 4590 1912 4660; x_wconf 88' lang='lat' dir='ltr'>salutaria</span> <span class='ocrx_word' id='word_1_546' title='bbox 1929 4605 2038 4680; x_wconf 89' lang='lat' dir='ltr'>agunt</span> <span class='ocrx_word' id='word_1_547' title='bbox 2054 4589 2168 4660; x_wconf 87' lang='lat' dir='ltr'>sibiet</span> <span class='ocrx_word' id='word_1_548' title='bbox 2189 4589 2288 4673; x_wconf 90' lang='lat' dir='ltr'>aliis,</span> <span class='ocrx_word' id='word_1_549' title='bbox 2314 4603 2345 4658; x_wconf 84' lang='lat' dir='ltr'>et</span> <span class='ocrx_word' id='word_1_550' title='bbox 2362 4587 2458 4660; x_wconf 85' lang='lat' dir='ltr'>Deus</span> <span class='ocrx_word' id='word_1_551' title='bbox 2479 4612 2599 4658; x_wconf 82' lang='lat' dir='ltr'>eumn</span> 
     </span>
     <span class='ocr_line' id='line_1_41' title="bbox 574 4687 2600 4786; baseline -0 -31"><span class='ocrx_word' id='word_1_552' title='bbox 574 4699 634 4755; x_wconf 91' lang='lat' dir='ltr'>tur</span> <span class='ocrx_word' id='word_1_553' title='bbox 648 4709 742 4776; x_wconf 91' lang='lat' dir='ltr'>spes,</span> <span class='ocrx_word' id='word_1_554' title='bbox 775 4709 841 4757; x_wconf 92' lang='lat' dir='ltr'>nos</span> <span class='ocrx_word' id='word_1_555' title='bbox 861 4711 1006 4777; x_wconf 89' lang='lat' dir='ltr'>magnas</span> <span class='ocrx_word' id='word_1_556' title='bbox 1025 4709 1081 4757; x_wconf 86' lang='lat' dir='ltr'>res</span> <span class='ocrx_word' id='word_1_557' title='bbox 1102 4711 1222 4777; x_wconf 90' lang='lat' dir='ltr'>gerere</span> <span class='ocrx_word' id='word_1_558' title='bbox 1243 4711 1363 4778; x_wconf 88' lang='lat' dir='ltr'>posse,</span> <span class='ocrx_word' id='word_1_559' title='bbox 1395 4691 1561 4786; x_wconf 83' lang='lat' dir='ltr'>colligere</span> <span class='ocrx_word' id='word_1_560' title='bbox 1614 4697 1730 4785; x_wconf 87' lang='lat' dir='ltr'>lapsus</span> <span class='ocrx_word' id='word_1_561' title='bbox 1748 4693 1903 4783; x_wconf 91' lang='lat' dir='ltr'>corrigit.</span> <span class='ocrx_word' id='word_1_562' title='bbox 1930 4691 1989 4762; x_wconf 89' lang='lat' dir='ltr'>Sic</span> <span class='ocrx_word' id='word_1_563' title='bbox 2005 4692 2225 4780; x_wconf 84' lang='lat' dir='ltr'>intelligatur</span> <span class='ocrx_word' id='word_1_564' title='bbox 2243 4687 2600 4780; x_wconf 78' lang='lat' dir='ltr'>haecregulaClu-isti</span> 
     </span>
     <span class='ocr_line' id='line_1_42' title="bbox 572 4785 2602 4884; baseline 0.002 -29"><span class='ocrx_word' id='word_1_565' title='bbox 572 4799 635 4856; x_wconf 88' lang='lat' dir='ltr'>aut</span> <span class='ocrx_word' id='word_1_566' title='bbox 664 4791 850 4858; x_wconf 89' lang='lat' dir='ltr'>emendare</span> <span class='ocrx_word' id='word_1_567' title='bbox 870 4785 1064 4861; x_wconf 82' lang='lat' dir='ltr'>Ecclesiam</span> <span class='ocrx_word' id='word_1_568' title='bbox 1090 4804 1126 4860; x_wconf 89' lang='lat' dir='ltr'>et</span> <span class='ocrx_word' id='word_1_569' title='bbox 1153 4792 1335 4860; x_wconf 86' lang='lat' dir='ltr'>meliorem</span> <span class='ocrx_word' id='word_1_570' title='bbox 1363 4804 1491 4861; x_wconf 85' lang='lat' dir='ltr'>statum</span> <span class='ocrx_word' id='word_1_571' title='bbox 1522 4817 1561 4862; x_wconf 91' lang='lat' dir='ltr'>ac</span> <span class='ocrx_word' id='word_1_572' title='bbox 1614 4799 1708 4867; x_wconf 84' lang='lat' dir='ltr'>iuxta</span> <span class='ocrx_word' id='word_1_573' title='bbox 1730 4797 1928 4867; x_wconf 88' lang='lat' dir='ltr'>doctrinam</span> <span class='ocrx_word' id='word_1_574' title='bbox 1951 4791 2155 4884; x_wconf 86' lang='lat' dir='ltr'>Evangelii:</span> <span class='ocrx_word' id='word_1_575' title='bbox 2189 4791 2262 4883; x_wconf 89' lang='lat' dir='ltr'>Qui</span> <span class='ocrx_word' id='word_1_576' title='bbox 2278 4807 2397 4864; x_wconf 91' lang='lat' dir='ltr'>manet</span> <span class='ocrx_word' id='word_1_577' title='bbox 2413 4793 2449 4861; x_wconf 94' lang='lat' dir='ltr'>in</span> <span class='ocrx_word' id='word_1_578' title='bbox 2466 4817 2548 4878; x_wconf 89' lang='lat' dir='ltr'>me,</span> <span class='ocrx_word' id='word_1_579' title='bbox 2572 4803 2602 4860; x_wconf 91' lang='lat' dir='ltr'>et</span> 
     </span>
     <span class='ocr_line' id='line_1_43' title="bbox 573 4889 2600 4989; baseline 0.002 -32"><span class='ocrx_word' id='word_1_580' title='bbox 573 4889 775 4958; x_wconf 83' lang='lat' dir='ltr'>durabilem</span> <span class='ocrx_word' id='word_1_581' title='bbox 790 4891 1028 4962; x_wconf 84' lang='lat' dir='ltr'>constituere?</span> <span class='ocrx_word' id='word_1_582' title='bbox 1613 4921 1675 4988; x_wconf 88' lang='lat' dir='ltr'>ego</span> <span class='ocrx_word' id='word_1_583' title='bbox 1693 4897 1730 4967; x_wconf 93' lang='lat' dir='ltr'>in</span> <span class='ocrx_word' id='word_1_584' title='bbox 1746 4922 1805 4983; x_wconf 88' lang='lat' dir='ltr'>eo,</span> <span class='ocrx_word' id='word_1_585' title='bbox 1828 4893 1885 4968; x_wconf 90' lang='lat' dir='ltr'>hic</span> <span class='ocrx_word' id='word_1_586' title='bbox 1900 4896 2082 4989; x_wconf 88' lang='lat' dir='ltr'>copiosum</span> <span class='ocrx_word' id='word_1_587' title='bbox 2097 4896 2251 4968; x_wconf 86' lang='lat' dir='ltr'>fructum</span> <span class='ocrx_word' id='word_1_588' title='bbox 2269 4895 2367 4968; x_wconf 86' lang='lat' dir='ltr'>leret.</span> <span class='ocrx_word' id='word_1_589' title='bbox 2416 4891 2499 4964; x_wconf 87' lang='lat' dir='ltr'>Hoc</span> <span class='ocrx_word' id='word_1_590' title='bbox 2513 4919 2600 4986; x_wconf 91' lang='lat' dir='ltr'>quo-</span> 
     </span>
     <span class='ocr_line' id='line_1_44' title="bbox 675 4986 2601 5096; baseline 0.003 -38"><span class='ocrx_word' id='word_1_591' title='bbox 675 4987 766 5059; x_wconf 91' lang='lat' dir='ltr'>Cum</span> <span class='ocrx_word' id='word_1_592' title='bbox 783 4986 870 5061; x_wconf 90' lang='lat' dir='ltr'>haec</span> <span class='ocrx_word' id='word_1_593' title='bbox 884 4993 928 5062; x_wconf 93' lang='lat' dir='ltr'>de</span> <span class='ocrx_word' id='word_1_594' title='bbox 943 4993 1149 5064; x_wconf 87' lang='lat' dir='ltr'>infirmitate</span> <span class='ocrx_word' id='word_1_595' title='bbox 1171 5008 1292 5065; x_wconf 90' lang='lat' dir='ltr'>nostra</span> <span class='ocrx_word' id='word_1_596' title='bbox 1314 4996 1560 5086; x_wconf 85' lang='lat' dir='ltr'>cogitabimus,</span> <span class='ocrx_word' id='word_1_597' title='bbox 1613 5001 2021 5096; x_wconf 88' lang='lat' dir='ltr'>quesciamusmutuum</span> <span class='ocrx_word' id='word_1_598' title='bbox 2043 5019 2105 5068; x_wconf 87' lang='lat' dir='ltr'>seu</span> <span class='ocrx_word' id='word_1_599' title='bbox 2126 4997 2373 5068; x_wconf 89' lang='lat' dir='ltr'>correlativum</span> <span class='ocrx_word' id='word_1_600' title='bbox 2398 5019 2492 5066; x_wconf 85' lang='lat' dir='ltr'>esse:</span> <span class='ocrx_word' id='word_1_601' title='bbox 2529 4995 2601 5065; x_wconf 90' lang='lat' dir='ltr'>Do·</span> 
     </span>
     <span class='ocr_line' id='line_1_45' title="bbox 573 5085 2602 5186; baseline 0.002 -26"><span class='ocrx_word' id='word_1_602' title='bbox 573 5104 715 5161; x_wconf 89' lang='lat' dir='ltr'>erontra</span> <span class='ocrx_word' id='word_1_603' title='bbox 731 5085 824 5162; x_wconf 90' lang='lat' dir='ltr'>hanc</span> <span class='ocrx_word' id='word_1_604' title='bbox 843 5093 1082 5164; x_wconf 85' lang='lat' dir='ltr'>dulcissimam</span> <span class='ocrx_word' id='word_1_605' title='bbox 1103 5097 1383 5167; x_wconf 85' lang='lat' dir='ltr'>consolationem</span> <span class='ocrx_word' id='word_1_606' title='bbox 1405 5093 1466 5167; x_wconf 87' lang='lat' dir='ltr'>hic</span> <span class='ocrx_word' id='word_1_607' title='bbox 1487 5111 1561 5168; x_wconf 87' lang='lat' dir='ltr'>tra·</span> <span class='ocrx_word' id='word_1_608' title='bbox 1612 5128 1676 5172; x_wconf 90' lang='lat' dir='ltr'>nec</span> <span class='ocrx_word' id='word_1_609' title='bbox 1692 5125 1757 5172; x_wconf 87' lang='lat' dir='ltr'>nos</span> <span class='ocrx_word' id='word_1_610' title='bbox 1771 5101 1809 5171; x_wconf 91' lang='lat' dir='ltr'>in</span> <span class='ocrx_word' id='word_1_611' title='bbox 1824 5097 1966 5173; x_wconf 89' lang='lat' dir='ltr'>Christo</span> <span class='ocrx_word' id='word_1_612' title='bbox 1982 5123 2187 5186; x_wconf 88' lang='lat' dir='ltr'>manemus,</span> <span class='ocrx_word' id='word_1_613' title='bbox 2212 5099 2336 5180; x_wconf 90' lang='lat' dir='ltr'>idest,</span> <span class='ocrx_word' id='word_1_614' title='bbox 2358 5093 2602 5168; x_wconf 87' lang='lat' dir='ltr'>donecEvan·</span> 
     </span>
     <span class='ocr_line' id='line_1_46' title="bbox 572 5194 2602 5296; baseline 0.002 -34"><span class='ocrx_word' id='word_1_615' title='bbox 572 5195 682 5263; x_wconf 90' lang='lat' dir='ltr'>ditam</span> <span class='ocrx_word' id='word_1_616' title='bbox 698 5194 804 5265; x_wconf 89' lang='lat' dir='ltr'>nobis</span> <span class='ocrx_word' id='word_1_617' title='bbox 818 5219 1078 5285; x_wconf 88' lang='lat' dir='ltr'>proponamus,</span> <span class='ocrx_word' id='word_1_618' title='bbox 1104 5219 1195 5291; x_wconf 88' lang='lat' dir='ltr'>quae</span> <span class='ocrx_word' id='word_1_619' title='bbox 1210 5196 1360 5270; x_wconf 83' lang='lat' dir='ltr'>affirmat</span> <span class='ocrx_word' id='word_1_620' title='bbox 1375 5196 1557 5271; x_wconf 87' lang='lat' dir='ltr'>Christum</span> <span class='ocrx_word' id='word_1_621' title='bbox 1611 5205 1742 5296; x_wconf 89' lang='lat' dir='ltr'>gelium</span> <span class='ocrx_word' id='word_1_622' title='bbox 1759 5203 2005 5293; x_wconf 88' lang='lat' dir='ltr'>incorruptum</span> <span class='ocrx_word' id='word_1_623' title='bbox 2020 5202 2286 5294; x_wconf 85' lang='lat' dir='ltr'>amplectimur,</span> <span class='ocrx_word' id='word_1_624' title='bbox 2311 5215 2346 5271; x_wconf 90' lang='lat' dir='ltr'>et</span> <span class='ocrx_word' id='word_1_625' title='bbox 2357 5201 2462 5269; x_wconf 83' lang='lat' dir='ltr'>fidem</span> <span class='ocrx_word' id='word_1_626' title='bbox 2480 5223 2522 5270; x_wconf 90' lang='lat' dir='ltr'>ac</span> <span class='ocrx_word' id='word_1_627' title='bbox 2540 5201 2602 5268; x_wconf 89' lang='lat' dir='ltr'>bo-</span> 
     </span>
     <span class='ocr_line' id='line_1_47' title="bbox 571 5292 2601 5390; baseline 0.004 -29"><span class='ocrx_word' id='word_1_628' title='bbox 571 5295 681 5367; x_wconf 87' lang='lat' dir='ltr'>vitem</span> <span class='ocrx_word' id='word_1_629' title='bbox 697 5318 790 5381; x_wconf 89' lang='lat' dir='ltr'>esse,</span> <span class='ocrx_word' id='word_1_630' title='bbox 812 5309 846 5367; x_wconf 89' lang='lat' dir='ltr'>et</span> <span class='ocrx_word' id='word_1_631' title='bbox 863 5320 928 5367; x_wconf 91' lang='lat' dir='ltr'>nos</span> <span class='ocrx_word' id='word_1_632' title='bbox 944 5292 1030 5368; x_wconf 85' lang='lat' dir='ltr'>huie</span> <span class='ocrx_word' id='word_1_633' title='bbox 1046 5300 1110 5370; x_wconf 90' lang='lat' dir='ltr'>viti</span> <span class='ocrx_word' id='word_1_634' title='bbox 1129 5300 1273 5382; x_wconf 88' lang='lat' dir='ltr'>insitos,</span> <span class='ocrx_word' id='word_1_635' title='bbox 1300 5326 1375 5372; x_wconf 89' lang='lat' dir='ltr'>non</span> <span class='ocrx_word' id='word_1_636' title='bbox 1395 5325 1469 5372; x_wconf 89' lang='lat' dir='ltr'>esse</span> <span class='ocrx_word' id='word_1_637' title='bbox 1490 5317 1559 5375; x_wconf 87' lang='lat' dir='ltr'>ste·</span> <span class='ocrx_word' id='word_1_638' title='bbox 1612 5331 1693 5376; x_wconf 92' lang='lat' dir='ltr'>nam</span> <span class='ocrx_word' id='word_1_639' title='bbox 1722 5306 1974 5378; x_wconf 86' lang='lat' dir='ltr'>conscientiam</span> <span class='ocrx_word' id='word_1_640' title='bbox 2003 5299 2193 5390; x_wconf 88' lang='lat' dir='ltr'>habemus,</span> <span class='ocrx_word' id='word_1_641' title='bbox 2232 5301 2387 5374; x_wconf 86' lang='lat' dir='ltr'>vicissim</span> <span class='ocrx_word' id='word_1_642' title='bbox 2415 5303 2494 5372; x_wconf 90' lang='lat' dir='ltr'>sine</span> <span class='ocrx_word' id='word_1_643' title='bbox 2530 5301 2601 5371; x_wconf 87' lang='lat' dir='ltr'>ulle</span> 
     </span>
     <span class='ocr_line' id='line_1_48' title="bbox 570 5392 2329 5493; baseline 0.006 -27"><span class='ocrx_word' id='word_1_644' title='bbox 570 5394 667 5466; x_wconf 86' lang='lat' dir='ltr'>riles.</span> <span class='ocrx_word' id='word_1_645' title='bbox 693 5392 846 5468; x_wconf 84' lang='lat' dir='ltr'>Difficile</span> <span class='ocrx_word' id='word_1_646' title='bbox 861 5413 913 5469; x_wconf 89' lang='lat' dir='ltr'>est</span> <span class='ocrx_word' id='word_1_647' title='bbox 927 5400 1077 5491; x_wconf 86' lang='lat' dir='ltr'>siugulis</span> <span class='ocrx_word' id='word_1_648' title='bbox 1089 5402 1255 5493; x_wconf 85' lang='lat' dir='ltr'>privatim</span> <span class='ocrx_word' id='word_1_649' title='bbox 1278 5405 1432 5476; x_wconf 87' lang='lat' dir='ltr'>retinere</span> <span class='ocrx_word' id='word_1_650' title='bbox 1453 5405 1559 5476; x_wconf 84' lang='lat' dir='ltr'>fidem</span> <span class='ocrx_word' id='word_1_651' title='bbox 1610 5409 1833 5480; x_wconf 89' lang='lat' dir='ltr'>dubitatione</span> <span class='ocrx_word' id='word_1_652' title='bbox 1845 5404 2009 5479; x_wconf 88' lang='lat' dir='ltr'>Christus</span> <span class='ocrx_word' id='word_1_653' title='bbox 2024 5421 2143 5478; x_wconf 88' lang='lat' dir='ltr'>manet</span> <span class='ocrx_word' id='word_1_654' title='bbox 2159 5407 2198 5476; x_wconf 92' lang='lat' dir='ltr'>iu</span> <span class='ocrx_word' id='word_1_655' title='bbox 2213 5407 2329 5479; x_wconf 90' lang='lat' dir='ltr'>uobis.</span> 
     </span>
     <span class='ocr_line' id='line_1_49' title="bbox 571 5499 2601 5602; baseline 0.001 -34"><span class='ocrx_word' id='word_1_656' title='bbox 571 5511 607 5569; x_wconf 90' lang='lat' dir='ltr'>et</span> <span class='ocrx_word' id='word_1_657' title='bbox 620 5499 837 5587; x_wconf 88' lang='lat' dir='ltr'>agnitionem</span> <span class='ocrx_word' id='word_1_658' title='bbox 857 5524 976 5572; x_wconf 81' lang='lat' dir='ltr'>reram</span> <span class='ocrx_word' id='word_1_659' title='bbox 991 5503 1081 5584; x_wconf 91' lang='lat' dir='ltr'>Dei,</span> <span class='ocrx_word' id='word_1_660' title='bbox 1111 5517 1145 5576; x_wconf 93' lang='lat' dir='ltr'>et</span> <span class='ocrx_word' id='word_1_661' title='bbox 1169 5528 1290 5596; x_wconf 89' lang='lat' dir='ltr'>regere</span> <span class='ocrx_word' id='word_1_662' title='bbox 1310 5530 1443 5594; x_wconf 86' lang='lat' dir='ltr'>mores,</span> <span class='ocrx_word' id='word_1_663' title='bbox 1472 5531 1558 5578; x_wconf 86' lang='lat' dir='ltr'>cum</span> <span class='ocrx_word' id='word_1_664' title='bbox 1605 5557 1610 5560; x_wconf 94' lang='lat'>-</span> <span class='ocrx_word' id='word_1_665' title='bbox 1711 5507 1886 5581; x_wconf 88' lang='lat' dir='ltr'>Dealtera</span> <span class='ocrx_word' id='word_1_666' title='bbox 1903 5508 2191 5602; x_wconf 80' lang='lat' dir='ltr'>quaestioue&#39;piis</span> <span class='ocrx_word' id='word_1_667' title='bbox 2207 5509 2313 5580; x_wconf 87' lang='lat' dir='ltr'>etism</span> <span class='ocrx_word' id='word_1_668' title='bbox 2333 5519 2385 5577; x_wconf 92' lang='lat' dir='ltr'>est</span> <span class='ocrx_word' id='word_1_669' title='bbox 2405 5505 2521 5577; x_wconf 80' lang='lat' dir='ltr'>facilis</span> <span class='ocrx_word' id='word_1_670' title='bbox 2546 5523 2601 5571; x_wconf 88' lang='lat' dir='ltr'>re·</span> 
     </span>
     <span class='ocr_line' id='line_1_50' title="bbox 570 5600 2601 5704; baseline 0.002 -33"><span class='ocrx_word' id='word_1_671' title='bbox 570 5614 668 5671; x_wconf 89' lang='lat' dir='ltr'>tanta</span> <span class='ocrx_word' id='word_1_672' title='bbox 684 5601 732 5670; x_wconf 91' lang='lat' dir='ltr'>sit</span> <span class='ocrx_word' id='word_1_673' title='bbox 749 5600 935 5673; x_wconf 79' lang='lat' dir='ltr'>infirmitas</span> <span class='ocrx_word' id='word_1_674' title='bbox 949 5619 1091 5690; x_wconf 86' lang='lat' dir='ltr'>nostra,</span> <span class='ocrx_word' id='word_1_675' title='bbox 1115 5617 1188 5676; x_wconf 89' lang='lat' dir='ltr'>tam</span> <span class='ocrx_word' id='word_1_676' title='bbox 1202 5608 1323 5679; x_wconf 84' lang='lat' dir='ltr'>variae</span> <span class='ocrx_word' id='word_1_677' title='bbox 1343 5610 1478 5680; x_wconf 91' lang='lat' dir='ltr'>diaboli</span> <span class='ocrx_word' id='word_1_678' title='bbox 1502 5611 1558 5678; x_wconf 92' lang='lat' dir='ltr'>in·</span> <span class='ocrx_word' id='word_1_679' title='bbox 1611 5611 1766 5704; x_wconf 90' lang='lat' dir='ltr'>sponsio.</span> <span class='ocrx_word' id='word_1_680' title='bbox 1827 5611 1865 5684; x_wconf 92' lang='lat' dir='ltr'>Si</span> <span class='ocrx_word' id='word_1_681' title='bbox 1897 5613 1973 5683; x_wconf 91' lang='lat' dir='ltr'>siue</span> <span class='ocrx_word' id='word_1_682' title='bbox 2000 5605 2134 5684; x_wconf 91' lang='lat' dir='ltr'>Christi</span> <span class='ocrx_word' id='word_1_683' title='bbox 2168 5607 2301 5681; x_wconf 86' lang='lat' dir='ltr'>auxilio</span> <span class='ocrx_word' id='word_1_684' title='bbox 2335 5602 2428 5679; x_wconf 91' lang='lat' dir='ltr'>nihil</span> <span class='ocrx_word' id='word_1_685' title='bbox 2451 5609 2601 5698; x_wconf 79' lang='lat' dir='ltr'>agimus.</span> 
     </span>
     <span class='ocr_line' id='line_1_51' title="bbox 570 5701 2644 5808; baseline 0.001 -36"><span class='ocrx_word' id='word_1_686' title='bbox 570 5701 701 5789; x_wconf 88' lang='lat' dir='ltr'>sidiae,</span> <span class='ocrx_word' id='word_1_687' title='bbox 732 5704 825 5774; x_wconf 89' lang='lat' dir='ltr'>tanti</span> <span class='ocrx_word' id='word_1_688' title='bbox 840 5705 978 5776; x_wconf 80' lang='lat' dir='ltr'>furores</span> <span class='ocrx_word' id='word_1_689' title='bbox 993 5722 1248 5800; x_wconf 86' lang='lat' dir='ltr'>tyrannorum,</span> <span class='ocrx_word' id='word_1_690' title='bbox 1280 5724 1316 5784; x_wconf 89' lang='lat' dir='ltr'>et</span> <span class='ocrx_word' id='word_1_691' title='bbox 1341 5725 1411 5782; x_wconf 88' lang='lat' dir='ltr'>tam</span> <span class='ocrx_word' id='word_1_692' title='bbox 1435 5711 1558 5805; x_wconf 89' lang='lat' dir='ltr'>iniqua</span> <span class='ocrx_word' id='word_1_693' title='bbox 1611 5715 1695 5808; x_wconf 87' lang='lat' dir='ltr'>quid</span> <span class='ocrx_word' id='word_1_694' title='bbox 1714 5716 1857 5806; x_wconf 89' lang='lat' dir='ltr'>prodest</span> <span class='ocrx_word' id='word_1_695' title='bbox 1871 5710 2025 5786; x_wconf 90' lang='lat' dir='ltr'>humana</span> <span class='ocrx_word' id='word_1_696' title='bbox 2043 5711 2253 5804; x_wconf 81' lang='lat' dir='ltr'>diligentia?</span> <span class='ocrx_word' id='word_1_697' title='bbox 2275 5711 2450 5783; x_wconf 79' lang='lat' dir='ltr'>Sumatur</span> <span class='ocrx_word' id='word_1_698' title='bbox 2464 5734 2503 5779; x_wconf 82' lang='lat' dir='ltr'>es</span> <span class='ocrx_word' id='word_1_699' title='bbox 2525 5721 2601 5777; x_wconf 81' lang='lat' dir='ltr'>tex·</span> <span class='ocrx_word' id='word_1_700' title='bbox 2643 5735 2644 5742; x_wconf 17' lang='grc' dir='ltr'>ε</span> 
     </span>
     <span class='ocr_line' id='line_1_52' title="bbox 570 5802 2601 5911; baseline 0.006 -40"><span class='ocrx_word' id='word_1_701' title='bbox 570 5802 701 5876; x_wconf 90' lang='lat' dir='ltr'>iudicia</span> <span class='ocrx_word' id='word_1_702' title='bbox 716 5804 915 5898; x_wconf 90' lang='lat' dir='ltr'>sapientum</span> <span class='ocrx_word' id='word_1_703' title='bbox 932 5822 966 5878; x_wconf 91' lang='lat' dir='ltr'>et</span> <span class='ocrx_word' id='word_1_704' title='bbox 981 5821 1183 5901; x_wconf 89' lang='lat' dir='ltr'>potentum,</span> <span class='ocrx_word' id='word_1_705' title='bbox 1210 5825 1245 5882; x_wconf 88' lang='lat' dir='ltr'>et</span> <span class='ocrx_word' id='word_1_706' title='bbox 1258 5812 1327 5883; x_wconf 86' lang='lat' dir='ltr'>alia</span> <span class='ocrx_word' id='word_1_707' title='bbox 1351 5826 1423 5885; x_wconf 85' lang='lat' dir='ltr'>tarn</span> <span class='ocrx_word' id='word_1_708' title='bbox 1447 5815 1557 5885; x_wconf 90' lang='lat' dir='ltr'>multa</span> <span class='ocrx_word' id='word_1_709' title='bbox 1609 5829 1648 5888; x_wconf 92' lang='lat' dir='ltr'>tu</span> <span class='ocrx_word' id='word_1_710' title='bbox 1677 5819 1880 5911; x_wconf 87' lang='lat' dir='ltr'>responsio:</span> <span class='ocrx_word' id='word_1_711' title='bbox 1912 5810 2074 5888; x_wconf 89' lang='lat' dir='ltr'>Primum</span> <span class='ocrx_word' id='word_1_712' title='bbox 2103 5820 2214 5888; x_wconf 88' lang='lat' dir='ltr'>simus</span> <span class='ocrx_word' id='word_1_713' title='bbox 2232 5813 2330 5884; x_wconf 86' lang='lat' dir='ltr'>insiti</span> <span class='ocrx_word' id='word_1_714' title='bbox 2353 5813 2392 5883; x_wconf 89' lang='lat' dir='ltr'>in</span> <span class='ocrx_word' id='word_1_715' title='bbox 2417 5813 2547 5896; x_wconf 80' lang='lat' dir='ltr'>vitem,</span> <span class='ocrx_word' id='word_1_716' title='bbox 2582 5827 2601 5872; x_wconf 62' lang='grc' dir='ltr'><strong>ὃ</strong></span> 
     </span>
    </p>
   </div>
   <div class='ocr_carea' id='block_1_5' title="bbox 0 0 2933 6948">
    <p class='ocr_par' dir='ltr' id='par_1_6' title="bbox 0 0 2933 6948">
     <span class='ocr_line' id='line_1_53' title="bbox 0 0 2933 6948; baseline 0 0"><span class='ocrx_word' id='word_1_717' title='bbox 0 0 2933 6948; x_wconf 95' lang='lat' dir='ltr'> </span> 
     </span>
    </p>
   </div>
  </div>
 </body>
</html>
