5825 6950
309 747 377 826 με
769 737 1070 818 uuannarto
1100 739 1154 816 ΙΝ
1183 737 1371 820 EVANG.
1403 737 1623 821 lOANNIS.
1687 739 1797 860 Cdl'.
1826 743 1919 850 ut.
2269 759 2346 834 Μ

310 937 417 996 umen
441 917 536 988 illnd
561 930 700 992 tanturn
729 914 921 1006 imperium
953 940 1026 987 nox
1054 927 1121 1000 est,
1163 917 1297 1008 idest,
1451 911 1601 987 Accedit
1614 930 1650 989 et
1664 910 1752 988 haec
1766 939 1893 1010 cansa,
1918 922 2016 1016 quod
2032 922 2118 995 fides
2134 929 2226 998 caeci
2242 953 2343 1002 exer-
2428 986 2432 995 .

311 1047 395 1096 caeca
409 1021 628 1106 multitudo,
650 1020 775 1110 ignara
791 1017 881 1106 Dei,
906 1043 967 1090 rea
982 1021 1056 1090 irae
1071 1017 1152 1112 Dei,
1182 1031 1217 1090 et
1231 1021 1295 1089 de-
1348 1030 1449 1089 cetur
1471 1014 1536 1090 hac
1558 1042 1677 1108 mora,
1716 1021 1872 1092 mittitur
1893 1023 1989 1096 enirn
2012 1027 2056 1096 ad
2078 1039 2260 1120 stagnum,
2300 1047 2342 1108 ut

312 1127 425 1200 ,pm
442 1125 602 1194 mma,
619 1123 755 1217 mni„
1348 1121 1401 1191 ibi
1424 1122 1547 1194 abluat
1565 1145 1713 1192 massam
1735 1122 1884 1212 illitam,
1929 1139 1963 1198 et
1986 1145 2262 1205 consentaneum
2287 1149 2341 1212 cst

1348 1245 1511 1314 maguam
1528 1224 1636 1295 luisse
1650 1236 1884 1319 spectatorum
1908 1229 2071 1314 turbam,
2106 1259 2198 1330 quae
2219 1252 2337 1311 secuta

1347 1341 1417 1411 est,
1447 1339 1487 1396 ut
1510 1329 1852 1412 everitumuideret,
1895 1331 2054 1403 fortassis
2077 1347 2111 1408 et
2130 1332 2337 1428 cachinnos,

371 1431 522 1522 Semper
533 1428 632 1502 Deus
646 1431 745 1523 signa
770 1432 944 1550 prraedam
966 1455 1111 1501 suarum
1140 1431 1294 1524 proruis-
1345 1441 1381 1498 et
1397 1431 1699 1501 vocesmalcdicas
1722 1432 1918 1503 multorum
1937 1437 2085 1513 audivit.
2137 1438 2236 1529 Quid
2259 1465 2338 1513 cre·
2383 1505 2394 1516 .

322 1535 434 1605 sianum
450 1549 488 1606 et
509 1533 690 1606 actionum
713 1533 886 1632 instituit,
918 1558 1009 1628 quae
1033 1554 1200 1604 vocamus
1227 1533 1292 1604 Sa·
1345 1531 1402 1599 dis
1427 1528 1513 1601 huic
1536 1533 1746 1626 impostori?
1784 1536 1872 1606 adeo
1901 1559 1948 1606 ue
1971 1537 2120 1627 deliras,
2151 1557 2193 1614 ut
2215 1547 2335 1616 curari

327 1649 499 1730 tramenta,
543 1660 634 1729 quae
663 1650 747 1707 sunt
776 1636 948 1721 efficacia,
998 1635 1136 1707 etiamsi
1168 1660 1293 1708 eaume
1344 1647 1550 1724 perpetuam
1585 1637 1786 1708 caecitatem
1823 1637 1950 1730 puteal
1995 1643 2056 1712 sed
2087 1644 2334 1742 qualecunque

327 1735 460 1833 phy-sicae
483 1738 608 1808 nullae
629 1753 731 1827 sunt,
764 1753 805 1811 ut
824 1739 942 1809 infans
965 1739 1193 1810 circumcisus
1216 1738 1291 1829 pla·
1343 1738 1581 1826 spectaculum
1606 1739 1692 1818 luit,
1729 1740 1768 1808 in
1789 1741 1865 1833 ipsa
1885 1763 1983 1812 more
2005 1744 2092 1814 lidos
2114 1758 2248 1822 tentata
2269 1765 2334 1839 est,

326 1843 396 1912 rebat
420 1837 523 1919 Deo,
565 1855 682 1940 spreta
722 1841 990 1913 circumcisione
1021 1866 1096 1912 non
1129 1841 1291 1936 placebat
1343 1841 1404 1907 scd
1419 1855 1565 1912 eventus
1579 1842 1735 1912 ostendit
1751 1842 1889 1926 firmam
1910 1857 1946 1915 et
1966 1859 2186 1918 constantem
2209 1851 2331 1928 fnisse.

322 1939 390 2030 lleo,
414 1943 466 2014 sic
483 1957 608 2036 postea
633 1944 703 2013 alia
726 1946 826 2034 signa
841 1944 1001 2016 instituta
1026 1958 1131 2028 sunt,
1165 1941 1290 2034 Bapti·
1342 1940 1402 2012 Sic
1417 1965 1515 2012 mora
1532 1957 1668 2015 exercet
1683 1941 1923 2027 Cananaeam,
1942 1947 2005 2018 sic
2029 1973 2128 2020 mora
2150 1949 2333 2038 exemti

393 1289 553 1392 Expulit
568 1292 609 1364 in
625 1301 785 1383 terram,
810 1301 841 1364 el
854 1290 950 1394 sccii
967 1287 1108 1380 lulum,
1130 1303 1192 1370 ate.

320 2069 392 2116 snos
408 2061 443 2116 et
457 2043 580 2116 Coena
589 2041 749 2118 Domini.
784 2045 880 2116 Haec
893 2047 961 2118 Dei
977 2071 1082 2140 opera
1101 2047 1290 2138 dupliciter

319 2161 561 2239 oppugnantur.
614 2147 792 2221 Diabolus
805 2149 934 2220 similia
951 2150 1145 2238 corrogitat,
1169 2164 1204 2220 et
1219 2150 1288 2220 liu-

322 2255 357 2342 git
376 2249 612 2335 ceremonias,
638 2266 679 2322 ut
699 2266 782 2324 sunt
802 2250 991 2342 Magorum
1017 2254 1105 2322 lacta
1140 2267 1176 2325 et
1195 2253 1289 2322 mul-

323 2369 363 2424 uc
380 2351 586 2445 praestigiae
606 2353 645 2422 in
673 2356 772 2427 cultu
795 2355 987 2426 idolorum.
1047 2352 1170 2424 Puella
1193 2365 1289 2424 stans

327 2455 358 2524 in
376 2457 507 2547 tripode
542 2451 705 2547 delphica
736 2446 851 2550 coepit
880 2457 996 2527 furere
1027 2470 1061 2526 et
1091 2457 1288 2531 vaticinari.

331 2555 522 2630 Celebrantes
545 2556 643 2648 orgia
657 2555 803 2645 Bacchi,
838 2560 942 2632 etiam
967 2583 1031 2630 suo
1054 2560 1208 2654 quodam
1233 2561 1287 2628 al-

325 2659 388 2730 datu
406 2661 663 2746 movebantur,
697 2675 732 2733 et
754 2657 871 2734 adhuc
893 2663 1061 2734 usitatum
1087 2674 1138 2731 est
1156 2661 1287 2753 corripi

320 2761 412 2834 lurore
428 2758 596 2833 homines
614 2766 863 2838 convenientes
888 2767 932 2834 ad
949 2765 1077 2834 festum
1092 2779 1125 2834 et
1140 2759 1286 2834 choreas

315 2967 417 3052 bolos,
459 2982 502 3036 ut
526 2966 659 3060 pariter
687 2970 871 3040 derideant
900 2994 1024 3040 omnes
1056 2970 1286 3053 ceremonias,

313 3083 465 3164 unquam
490 3070 615 3138 inanes
637 3071 920 3164 superstitiones,
953 3071 1026 3142 sive
1049 3069 1181 3152 aDeo,
1212 3073 1286 3141 sive

312 3171 442 3240 aliunde
459 3171 543 3242 sint.
589 3169 709 3261 Quare
725 3175 918 3264 prudenter
933 3175 1187 3242 discernendae
1203 3187 1287 3242 sunt

311 3275 516 3345 ceremoniae
532 3298 552 3344 a
566 3271 643 3346 Deo
660 3277 844 3347 institutae
871 3277 916 3346 ab
939 3272 1117 3348 humanis.
1149 3316 1153 3330 ι
1180 3273 1287 3344 Valet

309 3377 513 3468 baptismus,
547 3379 629 3470 quia
644 3381 813 3449 mandato
829 3377 897 3446 Dei
912 3379 1098 3448 ordinatus
1114 3389 1176 3446 est.
1227 3375 1287 3447 Sic

308 3482 383 3551 calet
399 3476 492 3551 hacc
506 3487 725 3567 ceremonia,
749 3505 854 3575 quam
878 3478 937 3551 hic
954 3478 1117 3552 Christus
1141 3474 1288 3549 adhibet

308 3584 403 3651 oculis
419 3584 548 3656 sanati.
601 3584 695 3673 Quia
711 3586 785 3677 ipse
808 3584 976 3654 dominus
991 3598 1027 3657 et
1043 3583 1208 3653 conditor
1223 3606 1286 3651 na-

307 3702 391 3756 turae
430 3708 510 3754 earn
540 3688 783 3770 administrat,
808 3710 873 3756 nec
891 3711 980 3779 opus
994 3702 1046 3757 est
1066 3686 1289 3780 superstitio·

309 3810 389 3874 sona,
422 3800 488 3858 aut
509 3788 636 3875 inane,
677 3790 739 3859 sed
764 3790 900 3860 bonum
931 3803 966 3860 et
994 3788 1115 3859 efficax
1143 3804 1289 3883 propter

307 3906 505 3964 creatorem.

396 3992 475 4064 Nec
490 3992 584 4062 valet
607 3987 827 4085 κακοζηλία,
861 3988 1024 4065 Christus
1045 4012 1131 4064 usus
1153 4003 1203 4086 est
1226 3992 1289 4065 tali

306 4094 516 4179 ceremonia,
539 4117 622 4184 ergo
644 4097 749 4164 nobis
771 4121 915 4191 quoque
936 4095 1018 4167 licet
1040 4096 1169 4166 similia
1186 4096 1289 4165 insti-

307 4214 412 4285 tuere,
449 4210 484 4267 et
505 4220 634 4291 aquam
660 4212 915 4284 consecratam,
953 4211 989 4270 et
1012 4200 1145 4269 ossium
1167 4214 1290 4270 conta·

305 4315 412 4387 ctum,
438 4312 472 4369 ct
493 4299 613 4369 nescio
635 4324 726 4395 quae
747 4300 827 4372 alia.
890 4300 965 4370 Irnn
990 4297 1075 4370 haec
1097 4300 1183 4370 [alsa
1208 4324 1290 4391 per-

305 4403 414 4473 suasio
437 4402 600 4495 implevit
619 4415 733 4473 totum
757 4405 932 4474 mundum
956 4404 1082 4486 idolis,
1108 4404 1205 4498 quod
1224 4400 1291 4473 ho·

305 4505 431 4592 mines,
472 4529 553 4573 cum
575 4505 747 4575 vidissent
778 4505 952 4577 divinitus
978 4506 1115 4600 aliquas
1134 4530 1290 4575 ceremo-

305 4606 377 4674 nias
401 4607 587 4677 mandatas
610 4631 701 4692 esse,
733 4632 852 4679 errore
873 4610 1050 4680 finxerunt
1077 4608 1227 4692 similes,
1258 4619 1292 4676 et

305 4708 350 4777 eis
365 4710 607 4781 attribuerunt
620 4733 784 4801 magnam
803 4709 1004 4797 efficaciam,
1028 4707 1115 4781 haec
1131 4704 1290 4802 κακοζη-

307 4806 361 4879 la'o
374 4814 577 4882 damnanda
595 4825 664 4893 est,
699 4826 735 4883 et
758 4816 906 4883 tenenda
928 4814 1067 4904 regula,
1099 4814 1191 4882 solas
1211 4812 1292 4881 illas

306 4912 517 4983 ceremonias
538 4910 616 4985 Deo
646 4914 803 5004 placere,
842 4930 877 4985 et
908 4939 990 4985 vere
1021 4915 1179 4984 efficaces
1207 4936 1293 4998 esse,

306 5038 390 5107 quas
415 5012 510 5089 Deus
533 5041 599 5087 suo
621 5018 732 5089 verbo
755 5016 910 5090 instituit
944 5032 978 5088 et
1004 5018 1109 5088 nobis
1132 5016 1291 5096 tradidit,

308 5131 338 5188 et
355 5114 425 5187 hoc
438 5119 555 5211 ipsnco
576 5120 778 5211 exemplum
804 5116 913 5192 huius
937 5116 1109 5191 historiae
1132 5119 1293 5189 testimo-

307 5220 406 5289 ninm
422 5236 489 5303 est,
515 5224 733 5293 ceremonias
753 5221 863 5294 allen
882 5223 1081 5304 institutas,
1106 5237 1202 5293 certo
1216 5220 1292 5291 elli·

308 5344 404 5391 cacea
419 5346 506 5408 esse,
529 5325 624 5397 sicut
637 5340 810 5397 sanantur
823 5328 919 5397 oculi
934 5326 1026 5397 illita
1048 5347 1179 5409 masaa,
1202 5324 1291 5393 facta

308 5446 348 5489 ex
362 5438 465 5513 sputo
479 5440 512 5498 et
525 5440 619 5497 terra
642 5423 841 5512 aChristo,
869 5429 920 5499 sic
942 5442 1079 5499 certum
1100 5440 1151 5497 eat
1173 5421 1292 5496 homi-

308 5546 389 5593 nem
414 5526 622 5619 baptizaturo
646 5526 761 5599 allen
784 5529 912 5621 recipi,
948 5545 982 5601 et
1004 5528 1131 5601 donari
1155 5526 1292 5620 Spiritu

309 5640 441 5701 sancto.
487 5628 627 5703 Poterat
643 5652 769 5703 sanare
788 5627 885 5704 bunc
904 5627 1069 5705 Christus
1086 5630 1194 5703 etiam
1216 5629 1293 5699 aine

309 5722 375 5797 hac
392 5752 518 5822 masta,
551 5734 628 5805 solo
651 5736 783 5821 verbo,
815 5752 855 5806 ut
877 5734 1001 5805 multis
1023 5734 1219 5828 opitulatus
1231 5744 1294 5817 est,

311 5830 371 5899 sed
387 5832 522 5907 addidit
534 5836 791 5922 ceremoniam,
815 5850 856 5909 ut
870 5850 1059 5909 testaretur
1076 5834 1295 5907 ceremonias

313 5955 386 6001 ase
401 5931 570 6011 institutas
594 5938 751 6011 ellicaces
774 5962 859 6009 esse.

364 6035 535 6109 illusam
563 6044 667 6111 Oen.
695 6042 777 6109 Ver..
796 6045 876 6114 XV.

1341 2041 1535 2140 israelitas,
1559 2060 1743 2139 postquam
1761 2045 1881 2118 Moses
1896 2051 2059 2141 promisit
2073 2041 2334 2144 liberaliorem,

1340 2169 1406 2216 nec
1420 2148 1539 2218 statim
1556 2150 1675 2218 eduxit
1690 2150 1863 2242 populum
1881 2171 1923 2220 ex
1937 2151 2118 2248 Aegypto,
2150 2156 2224 2226 imo
2248 2158 2333 2228 irri-

1340 2249 1653 2344 tavittyrannum,
1677 2265 1718 2322 ut
1731 2252 1938 2324 servitutem
1950 2270 2181 2346 exasperaret.
2234 2255 2332 2334 Haec
2358 2295 2362 2310 ι

1340 2353 1498 2443 exempla
1525 2353 1736 2424 confirment
1762 2377 1847 2440 nos,
1886 2377 1932 2425 ne
1956 2358 2163 2450 frangamur
2188 2362 2330 2456 animis,

1339 2478 1404 2524 nec
1430 2455 1638 2525 abiiciamus
1668 2480 1766 2548 spem
1794 2457 1937 2540 araxilii,
1987 2461 2123 2532 etiamsi
2154 2463 2331 2542 differtur.

1340 2556 1436 2624 ldem
1455 2571 1578 2627 monet
1592 2558 1725 2628 dictum
1743 2554 1895 2646 Christi,
1922 2575 1956 2633 et
1970 2561 2188 2646 similitudo,
2212 2565 2331 2639 Lucae
2448 2557 2458 2576 ⁴

1342 2659 1416 2731 te:
1444 2655 1599 2752 Oportet
1615 2683 1752 2752 semper
1765 2685 1888 2748 orare,
1914 2677 1948 2735 et
1964 2687 2038 2736 non
2054 2666 2270 2758 langueiieri.

1465 2839 1569 2914 Abc'a‘l
1586 2865 1691 2939 crgo,
1718 2852 1750 2914 el
1766 2839 1880 2933 lucil,
1908 2855 1940 2920 el
1957 2842 2066 2918 rediit
2084 2843 2221 2927 videns.

1439 2993 1537 3066 Haec
1554 2997 1691 3068 sanatio
1713 2995 1828 3088 imago
1856 3012 1909 3071 est
1937 3000 2116 3092 baptismi.
2168 2999 2254 3076 ldeo
2276 3019 2331 3104 ty-

1340 3121 1405 3189 pus
1421 3099 1604 3188 congruit,
1630 3099 1728 3170 lavat
1753 3123 1789 3170 se
1805 3100 1842 3170 in
1859 3101 1994 3192 piscina
2011 3126 2152 3191 caecus,
2178 3111 2238 3177 sed
2256 3109 2331 3180 ius-

1338 3224 1397 3269 sus
1429 3224 1516 3270 voce
1544 3194 1689 3274 Christi.
1755 3200 1815 3273 Sic
1836 3200 2033 3293 baptismus
2060 3206 2154 3276 valet
2185 3224 2331 3303 propter

1338 3303 1546 3373 mandatum
1576 3317 1611 3374 et
1634 3301 1904 3395 promissionem
1937 3299 2090 3388 Christi,
2137 3321 2172 3379 et
2200 3311 2332 3384 dicitur

1339 3418 1501 3495 stagnum
1525 3403 1681 3487 Siloam,
1719 3403 1757 3472 id
1786 3418 1855 3493 est,
1894 3405 2013 3495 missi,
2053 3420 2093 3480 ut
2115 3410 2332 3501 significetur

1338 3520 1502 3598 stagnum
1517 3508 1608 3578 illud
1623 3508 1829 3579 adeundum
1846 3531 1919 3580 esse
1935 3510 1974 3581 in
1983 3504 2153 3599 Ecclesia,
2178 3518 2223 3587 ad
2235 3520 2333 3612 quod

1339 3615 1448 3681 verbo
1464 3608 1530 3681 Dei
1546 3609 1732 3682 mittimur.

1440 3743 1582 3817 Deinde
1614 3748 1652 3820 in
1678 3748 1902 3819 enarratione
1930 3749 2128 3823 recitantur
2154 3738 2334 3825 sermones

1341 3850 1434 3921 varii
1447 3851 1492 3920 de
1510 3845 1576 3919 hac
1595 3850 1799 3938 sanatione,
1824 3864 1858 3923 et
1874 3852 2141 3939 contentiones,
2166 3877 2256 3947 quae
2277 3879 2334 3927 se-

1342 3967 1441 4023 cutae
1460 3966 1562 4037 sunt,
1587 3966 1627 4023 ut
1651 3952 1861 4024 miraculum
1883 3950 1984 4025 lieret
2005 3955 2144 4041 notius,
2169 3970 2204 4027 et
2222 3958 2334 4049 magis
2397 4012 2400 4021 .

1342 4057 1591 4141 celebraretur,
1617 4070 1651 4127 et
1663 4070 1703 4128 ut
1720 4056 1835 4126 sanati
1851 4057 2023 4128 confessio
2034 4057 2132 4133 lieret
2149 4058 2334 4147 illustrior,

1343 4173 1377 4230 et
1391 4160 1479 4228 fides
1498 4172 1679 4233 cresceret.
1731 4155 1781 4255 Et
1803 4153 1889 4229 haec
1912 4160 2103 4231 certamina
2118 4174 2202 4232 sunt
2216 4162 2332 4254 imago

1344 4262 1583 4354 periculorum
1615 4256 1804 4331 Ecclesiae.
1869 4260 1929 4333 Sic
1959 4262 2128 4333 omnihus
2158 4266 2334 4337 aetatibus

1343 4364 1512 4435 usitatum
1536 4363 1605 4434 fuit
1629 4378 1663 4435 et
1684 4363 1752 4434 erit
1772 4362 1967 4449 Ecclesiae,
2007 4364 2145 4460 quoties
2170 4366 2333 4437 doctrina

1343 4468 1452 4559 impia
1474 4480 1630 4547 taxatur,
1666 4479 1701 4535 et
1725 4491 1805 4535 vcra
1830 4466 2067 4552 instauratur,
2105 4468 2237 4535 exoriri
2259 4467 2333 4537 dis-

1342 4570 1524 4639 sensiones
1555 4581 1590 4638 et
1623 4563 1836 4651 schismata,
1898 4568 1989 4638 sicut
2023 4568 2143 4660 inquit
2171 4563 2334 4641 Christus

1344 4666 1475 4743 Matth.
1493 4664 1566 4745 lO.:
1593 4668 1729 4741 Tradet
1750 4670 1861 4739 irater
1879 4669 2044 4754 fratrem,
2068 4681 2134 4740 etc.
2185 4664 2236 4742 Ec
2259 4672 2333 4742 vir-

1345 4789 1401 4845 tus
1416 4771 1610 4843 necessaria
1634 4788 1687 4843 cst
1708 4771 1832 4855 nobis,
1866 4794 1942 4843 nnn
1968 4769 2120 4840 abiicere
2142 4772 2334 4863 professio·

1345 4900 1426 4945 nem
1444 4899 1548 4943 verae
1562 4886 1596 4944 et
1613 4872 1778 4944 salutaris
1794 4872 1988 4959 doctrinae,
2014 4884 2111 4944 metu
2126 4874 2334 4961 discordiae,

1344 4991 1404 5049 aut
1428 4978 1593 5047 odiorum
1626 4970 1886 5059 humanorum,
1928 4987 1969 5046 ut
1989 4972 2070 5045 Esa.
2093 4972 2156 5049 51.
2187 4978 2333 5049 dicitur:

1344 5080 1398 5151 Ne
1414 5078 1569 5152 timeatis
1585 5076 1777 5170 opprobria
1801 5070 2010 5163 hominum,
2042 5090 2076 5148 et
2098 5074 2335 5171 blasphemias

1345 5208 1468 5254 eorum
1497 5206 1543 5251 ne
1572 5180 1781 5251 formidetis.
1846 5174 2010 5249 Haecin
2040 5202 2177 5251 summa
2201 5184 2245 5253 de
2265 5176 2335 5251 hoc

1346 5286 1505 5378 exemplo
1530 5284 1658 5355 dixisse
1671 5282 1755 5353 satis
1771 5280 1828 5356 sit.
1887 5277 2020 5353 lterum
2046 5298 2223 5375 quaerunt
2244 5283 2335 5353 ieiu-

1345 5412 1427 5458 narn
1444 5386 1659 5459 calumniam
1676 5386 1721 5453 de
1734 5381 1927 5454 violatione
1942 5384 2099 5471 sabbati,
2124 5380 2216 5459 hanc
2231 5408 2336 5481 supra

1345 5489 1585 5583 copiosissime
1601 5486 1768 5557 refutavit
1786 5480 1962 5560 Christus.

1562 5668 1646 5746 Nos
1662 5666 1776 5743 Mori
1789 5664 1969 5767 discipuli
1985 5646 2127 5742 sumus.

1450 5829 1514 5903 Eat
1536 5843 1571 5903 ct
1592 5824 1679 5899 haec
1703 5826 1906 5916 arrogantia
1928 5844 2035 5917 supra
2058 5820 2230 5904 refutata,
2261 5840 2336 5911 cap.

1345 5932 1399 6010 ὄις
1432 5931 1473 6006 si
1496 5930 1820 6106 Mosilgrederetis,
1853 5920 1945 5997 mihi
1968 5946 2111 6019 qunque
2140 5919 2340 6008 moderetis,
