<?xml version="1.0" encoding="UTF-8"?>
<!DOCTYPE html PUBLIC "-//W3C//DTD XHTML 1.0 Transitional//EN"
    "http://www.w3.org/TR/xhtml1/DTD/xhtml1-transitional.dtd">
<html xmlns="http://www.w3.org/1999/xhtml" xml:lang="en" lang="en">
 <head>
  <title>
</title>
<meta http-equiv="Content-Type" content="text/html;charset=utf-8" />
  <meta name='ocr-system' content='tesseract 3.04.00' />
  <meta name='ocr-capabilities' content='ocr_page ocr_carea ocr_par ocr_line ocrx_word'/>
</head>
<body>
  <div class='ocr_page' id='page_1' title='image "./philippimelanth08bindgoog_0230.png"; bbox 0 0 5825 6950; ppageno 0'>
   <div class='ocr_carea' id='block_1_1' title="bbox 313 704 2368 809">
    <p class='ocr_par' dir='ltr' id='par_1_1' title="bbox 313 704 2368 809">
     <span class='ocr_line' id='line_1_1' title="bbox 313 704 2368 809; baseline -0.001 -27"><span class='ocrx_word' id='word_1_1' title='bbox 313 708 402 782; x_wconf 77' lang='lat'>437</span> <span class='ocrx_word' id='word_1_2' title='bbox 725 708 806 787; x_wconf 79' lang='lat' dir='ltr'>xll.</span> <span class='ocrx_word' id='word_1_3' title='bbox 857 704 1157 785; x_wconf 74' lang='lat' dir='ltr'>nnanattto</span> <span class='ocrx_word' id='word_1_4' title='bbox 1182 708 1236 785; x_wconf 76' lang='lat' dir='ltr'>tn</span> <span class='ocrx_word' id='word_1_5' title='bbox 1258 706 1447 787; x_wconf 77' lang='lat' dir='ltr'><strong>EVANG.</strong></span> <span class='ocrx_word' id='word_1_6' title='bbox 1474 706 1686 787; x_wconf 75' lang='lat' dir='ltr'>toannts.</span> <span class='ocrx_word' id='word_1_7' title='bbox 1742 706 1848 784; x_wconf 77' lang='lat' dir='ltr'><strong>CAP.</strong></span> <span class='ocrx_word' id='word_1_8' title='bbox 1873 706 1973 783; x_wconf 82' lang='lat' dir='ltr'>xxt.</span> <span class='ocrx_word' id='word_1_9' title='bbox 2292 724 2368 809; x_wconf 71' lang='lat'>453</span> 
     </span>
    </p>
   </div>
   <div class='ocr_carea' id='block_1_2' title="bbox 313 880 2449 5981">
    <p class='ocr_par' dir='ltr' id='par_1_2' title="bbox 313 880 2449 5981">
     <span class='ocr_line' id='line_1_2' title="bbox 316 880 2361 987; baseline 0.005 -37"><span class='ocrx_word' id='word_1_10' title='bbox 316 905 418 977; x_wconf 84' lang='lat' dir='ltr'>quae</span> <span class='ocrx_word' id='word_1_11' title='bbox 442 880 517 953; x_wconf 89' lang='lat' dir='ltr'>siut</span> <span class='ocrx_word' id='word_1_12' title='bbox 530 882 740 955; x_wconf 84' lang='lat' dir='ltr'>coniunctae</span> <span class='ocrx_word' id='word_1_13' title='bbox 756 896 886 974; x_wconf 89' lang='lat' dir='ltr'>pestes,</span> <span class='ocrx_word' id='word_1_14' title='bbox 910 897 954 957; x_wconf 90' lang='grc' dir='ltr'>ιιι</span> <span class='ocrx_word' id='word_1_15' title='bbox 973 884 1106 962; x_wconf 80' lang='lat' dir='ltr'>maiore</span> <span class='ocrx_word' id='word_1_16' title='bbox 1128 884 1318 976; x_wconf 80' lang='lat' dir='ltr'>prudentia</span> <span class='ocrx_word' id='word_1_17' title='bbox 1372 885 1483 959; x_wconf 86' lang='lat' dir='ltr'>tione.</span> <span class='ocrx_word' id='word_1_18' title='bbox 1551 882 1675 957; x_wconf 89' lang='lat' dir='ltr'>ludaei</span> <span class='ocrx_word' id='word_1_19' title='bbox 1706 892 1905 957; x_wconf 83' lang='lat' dir='ltr'>mactarunt</span> <span class='ocrx_word' id='word_1_20' title='bbox 1935 882 2028 961; x_wconf 82' lang='lat' dir='ltr'>filios</span> <span class='ocrx_word' id='word_1_21' title='bbox 2061 884 2162 959; x_wconf 87' lang='lat' dir='ltr'>abusi</span> <span class='ocrx_word' id='word_1_22' title='bbox 2201 896 2361 987; x_wconf 77' lang='lat' dir='ltr'>exempto</span> 
     </span>
     <span class='ocr_line' id='line_1_3' title="bbox 317 981 2361 1083; baseline 0.006 -27"><span class='ocrx_word' id='word_1_23' title='bbox 317 1008 567 1076; x_wconf 72' lang='lat' dir='ltr'>repugnemus</span> <span class='ocrx_word' id='word_1_24' title='bbox 581 986 749 1056; x_wconf 83' lang='lat' dir='ltr'>omuibus</span> <span class='ocrx_word' id='word_1_25' title='bbox 765 981 823 1055; x_wconf 80' lang='lat' dir='ltr'>lais</span> <span class='ocrx_word' id='word_1_26' title='bbox 837 987 984 1061; x_wconf 87' lang='lat' dir='ltr'>morbis.</span> <span class='ocrx_word' id='word_1_27' title='bbox 1043 986 1172 1059; x_wconf 74' lang='lat' dir='ltr'>&amp;meo</span> <span class='ocrx_word' id='word_1_28' title='bbox 1192 1002 1245 1059; x_wconf 89' lang='lat' dir='ltr'>est</span> <span class='ocrx_word' id='word_1_29' title='bbox 1259 1012 1319 1059; x_wconf 87' lang='lat' dir='ltr'>su·</span> <span class='ocrx_word' id='word_1_30' title='bbox 1372 984 1556 1070; x_wconf 77' lang='lat' dir='ltr'>Abrabae,</span> <span class='ocrx_word' id='word_1_31' title='bbox 1577 985 1681 1059; x_wconf 90' lang='lat' dir='ltr'>multi</span> <span class='ocrx_word' id='word_1_32' title='bbox 1699 987 1932 1061; x_wconf 76' lang='lat' dir='ltr'>deseruerunt</span> <span class='ocrx_word' id='word_1_33' title='bbox 1947 986 2115 1078; x_wconf 85' lang='lat' dir='ltr'>coniuges</span> <span class='ocrx_word' id='word_1_34' title='bbox 2129 1004 2164 1061; x_wconf 91' lang='lat' dir='ltr'>et</span> <span class='ocrx_word' id='word_1_35' title='bbox 2179 996 2361 1083; x_wconf 84' lang='lat' dir='ltr'>magistra-</span> 
     </span>
     <span class='ocr_line' id='line_1_4' title="bbox 318 1083 2449 1185; baseline 0.007 -29"><span class='ocrx_word' id='word_1_36' title='bbox 318 1088 473 1180; x_wconf 84' lang='lat' dir='ltr'>perbia‚</span> <span class='ocrx_word' id='word_1_37' title='bbox 498 1101 540 1156; x_wconf 93' lang='lat' dir='ltr'>ut</span> <span class='ocrx_word' id='word_1_38' title='bbox 558 1086 596 1155; x_wconf 91' lang='lat' dir='ltr'>in</span> <span class='ocrx_word' id='word_1_39' title='bbox 617 1086 745 1175; x_wconf 85' lang='lat' dir='ltr'>Saule,</span> <span class='ocrx_word' id='word_1_40' title='bbox 771 1086 959 1181; x_wconf 87' lang='lat' dir='ltr'>Pompeio,</span> <span class='ocrx_word' id='word_1_41' title='bbox 984 1103 1020 1161; x_wconf 91' lang='lat' dir='ltr'>et</span> <span class='ocrx_word' id='word_1_42' title='bbox 1034 1090 1231 1176; x_wconf 89' lang='lat' dir='ltr'>similibus,</span> <span class='ocrx_word' id='word_1_43' title='bbox 1257 1091 1317 1185; x_wconf 88' lang='lat' dir='ltr'>qoi</span> <span class='ocrx_word' id='word_1_44' title='bbox 1371 1106 1446 1177; x_wconf 88' lang='lat' dir='ltr'>tus,</span> <span class='ocrx_word' id='word_1_45' title='bbox 1472 1105 1506 1163; x_wconf 95' lang='grc' dir='ltr'>ιι</span> <span class='ocrx_word' id='word_1_46' title='bbox 1524 1100 1770 1161; x_wconf 83' lang='lat' dir='ltr'>concesserunt</span> <span class='ocrx_word' id='word_1_47' title='bbox 1793 1086 1832 1157; x_wconf 93' lang='lat' dir='ltr'>in</span> <span class='ocrx_word' id='word_1_48' title='bbox 1856 1109 1994 1157; x_wconf 75' lang='lat' dir='ltr'>ammos</span> <span class='ocrx_word' id='word_1_49' title='bbox 2018 1112 2124 1179; x_wconf 86' lang='lat' dir='ltr'>prava</span> <span class='ocrx_word' id='word_1_50' title='bbox 2150 1083 2360 1175; x_wconf 78' lang='lat' dir='ltr'>imitatione.</span> <span class='ocrx_word' id='word_1_51' title='bbox 2440 1131 2449 1147; x_wconf 89' lang='lat'><strong>·</strong></span> 
     </span>
     <span class='ocr_line' id='line_1_5' title="bbox 316 1189 2359 1285; baseline 0.004 -26"><span class='ocrx_word' id='word_1_52' title='bbox 316 1189 454 1259; x_wconf 80' lang='lat' dir='ltr'>volunt</span> <span class='ocrx_word' id='word_1_53' title='bbox 467 1190 679 1259; x_wconf 82' lang='lat' dir='ltr'>antecellere</span> <span class='ocrx_word' id='word_1_54' title='bbox 700 1192 878 1263; x_wconf 87' lang='lat' dir='ltr'>omnibus.</span> <span class='ocrx_word' id='word_1_55' title='bbox 926 1189 1067 1262; x_wconf 80' lang='lat' dir='ltr'>Deinde</span> <span class='ocrx_word' id='word_1_56' title='bbox 1085 1194 1247 1285; x_wconf 85' lang='lat' dir='ltr'>seqnitur</span> <span class='ocrx_word' id='word_1_57' title='bbox 1261 1195 1317 1261; x_wconf 90' lang='lat' dir='ltr'>iu·</span> <span class='ocrx_word' id='word_1_58' title='bbox 1370 1192 1430 1265; x_wconf 87' lang='lat' dir='ltr'>Sic</span> <span class='ocrx_word' id='word_1_59' title='bbox 1446 1216 1553 1283; x_wconf 82' lang='lat' dir='ltr'>prava</span> <span class='ocrx_word' id='word_1_60' title='bbox 1569 1191 1769 1262; x_wconf 70' lang='lat' dir='ltr'>imitatione</span> <span class='ocrx_word' id='word_1_61' title='bbox 1782 1202 1971 1261; x_wconf 82' lang='lat' dir='ltr'>eraverunt</span> <span class='ocrx_word' id='word_1_62' title='bbox 1986 1192 2116 1273; x_wconf 84' lang='lat' dir='ltr'>abusus</span> <span class='ocrx_word' id='word_1_63' title='bbox 2140 1219 2269 1267; x_wconf 87' lang='lat' dir='ltr'>coenae</span> <span class='ocrx_word' id='word_1_64' title='bbox 2284 1196 2359 1269; x_wconf 89' lang='lat' dir='ltr'>Du-</span> 
     </span>
     <span class='ocr_line' id='line_1_6' title="bbox 318 1289 2357 1385; baseline 0.006 -24"><span class='ocrx_word' id='word_1_65' title='bbox 318 1292 509 1375; x_wconf 83' lang='lat' dir='ltr'>ridentia,</span> <span class='ocrx_word' id='word_1_66' title='bbox 537 1315 627 1385; x_wconf 82' lang='lat' dir='ltr'>quae</span> <span class='ocrx_word' id='word_1_67' title='bbox 650 1316 831 1364; x_wconf 77' lang='lat' dir='ltr'>semovere</span> <span class='ocrx_word' id='word_1_68' title='bbox 850 1316 991 1385; x_wconf 89' lang='lat' dir='ltr'>parem,</span> <span class='ocrx_word' id='word_1_69' title='bbox 1005 1302 1078 1365; x_wconf 80' lang='lat' dir='ltr'>&#39;aut</span> <span class='ocrx_word' id='word_1_70' title='bbox 1103 1308 1316 1365; x_wconf 70' lang='lat' dir='ltr'>crescentem</span> <span class='ocrx_word' id='word_1_71' title='bbox 1369 1296 1481 1385; x_wconf 90' lang='lat' dir='ltr'>mini,</span> <span class='ocrx_word' id='word_1_72' title='bbox 1507 1294 1705 1367; x_wconf 74' lang='lat' dir='ltr'>cumulatae</span> <span class='ocrx_word' id='word_1_73' title='bbox 1726 1306 1812 1368; x_wconf 87' lang='lat' dir='ltr'>sont</span> <span class='ocrx_word' id='word_1_74' title='bbox 1834 1289 1986 1374; x_wconf 83' lang='lat' dir='ltr'>Missae,</span> <span class='ocrx_word' id='word_1_75' title='bbox 2013 1309 2048 1367; x_wconf 91' lang='lat' dir='ltr'>et</span> <span class='ocrx_word' id='word_1_76' title='bbox 2068 1310 2206 1369; x_wconf 89' lang='lat' dir='ltr'>secutae</span> <span class='ocrx_word' id='word_1_77' title='bbox 2231 1306 2357 1375; x_wconf 85' lang='lat' dir='ltr'>vendi·</span> 
     </span>
     <span class='ocr_line' id='line_1_7' title="bbox 317 1393 2354 1488; baseline 0.005 -23"><span class='ocrx_word' id='word_1_78' title='bbox 317 1408 499 1465; x_wconf 85' lang='lat' dir='ltr'>conatur:</span> <span class='ocrx_word' id='word_1_79' title='bbox 538 1394 669 1464; x_wconf 88' lang='lat' dir='ltr'>deinde</span> <span class='ocrx_word' id='word_1_80' title='bbox 695 1407 736 1466; x_wconf 94' lang='lat' dir='ltr'>ut</span> <span class='ocrx_word' id='word_1_81' title='bbox 761 1398 982 1486; x_wconf 82' lang='lat' dir='ltr'>antagonista</span> <span class='ocrx_word' id='word_1_82' title='bbox 1013 1398 1090 1467; x_wconf 89' lang='lat' dir='ltr'>loco</span> <span class='ocrx_word' id='word_1_83' title='bbox 1120 1412 1316 1483; x_wconf 84' lang='lat' dir='ltr'>moveatur,</span> <span class='ocrx_word' id='word_1_84' title='bbox 1369 1398 1484 1468; x_wconf 89' lang='lat' dir='ltr'>tiones</span> <span class='ocrx_word' id='word_1_85' title='bbox 1507 1420 1642 1469; x_wconf 86' lang='lat' dir='ltr'>aarum.</span> <span class='ocrx_word' id='word_1_86' title='bbox 1715 1393 1879 1488; x_wconf 84' lang='lat' dir='ltr'>Denique</span> <span class='ocrx_word' id='word_1_87' title='bbox 1908 1408 1947 1467; x_wconf 94' lang='lat' dir='ltr'>ut</span> <span class='ocrx_word' id='word_1_88' title='bbox 1980 1395 2018 1465; x_wconf 91' lang='lat' dir='ltr'>in</span> <span class='ocrx_word' id='word_1_89' title='bbox 2051 1397 2217 1473; x_wconf 90' lang='lat' dir='ltr'>omnibns</span> <span class='ocrx_word' id='word_1_90' title='bbox 2248 1404 2354 1477; x_wconf 86' lang='lat' dir='ltr'>rebus</span> 
     </span>
     <span class='ocr_line' id='line_1_8' title="bbox 318 1496 2355 1592; baseline 0.005 -27"><span class='ocrx_word' id='word_1_91' title='bbox 318 1497 513 1591; x_wconf 87' lang='lat' dir='ltr'>quaeritur</span> <span class='ocrx_word' id='word_1_92' title='bbox 527 1496 664 1567; x_wconf 80' lang='lat' dir='ltr'>occasio</span> <span class='ocrx_word' id='word_1_93' title='bbox 682 1496 758 1567; x_wconf 90' lang='lat' dir='ltr'>eius</span> <span class='ocrx_word' id='word_1_94' title='bbox 772 1500 979 1589; x_wconf 89' lang='lat' dir='ltr'>premendi,</span> <span class='ocrx_word' id='word_1_95' title='bbox 1004 1522 1069 1570; x_wconf 89' lang='lat' dir='ltr'>seu</span> <span class='ocrx_word' id='word_1_96' title='bbox 1082 1499 1242 1570; x_wconf 86' lang='lat' dir='ltr'>confictis</span> <span class='ocrx_word' id='word_1_97' title='bbox 1257 1524 1316 1569; x_wconf 89' lang='lat' dir='ltr'>ca·</span> <span class='ocrx_word' id='word_1_98' title='bbox 1369 1525 1476 1592; x_wconf 84' lang='lat' dir='ltr'>prava</span> <span class='ocrx_word' id='word_1_99' title='bbox 1498 1498 1651 1571; x_wconf 77' lang='lat' dir='ltr'>imitatio</span> <span class='ocrx_word' id='word_1_100' title='bbox 1666 1496 1884 1590; x_wconf 78' lang='lat' dir='ltr'>periculosa,</span> <span class='ocrx_word' id='word_1_101' title='bbox 1911 1510 1944 1565; x_wconf 87' lang='lat' dir='ltr'>et</span> <span class='ocrx_word' id='word_1_102' title='bbox 1960 1520 2062 1589; x_wconf 88' lang='lat' dir='ltr'>saepe</span> <span class='ocrx_word' id='word_1_103' title='bbox 2079 1504 2275 1590; x_wconf 83' lang='lat' dir='ltr'>perniciosa</span> <span class='ocrx_word' id='word_1_104' title='bbox 2293 1522 2355 1589; x_wconf 84' lang='lat' dir='ltr'>cst,</span> 
     </span>
     <span class='ocr_line' id='line_1_9' title="bbox 322 1598 2356 1690; baseline 0.005 -21"><span class='ocrx_word' id='word_1_105' title='bbox 322 1598 498 1677; x_wconf 84' lang='lat' dir='ltr'>lomariis,</span> <span class='ocrx_word' id='word_1_106' title='bbox 539 1610 580 1669; x_wconf 89' lang='grc' dir='ltr'>ιιι</span> <span class='ocrx_word' id='word_1_107' title='bbox 614 1600 716 1690; x_wconf 84' lang='lat' dir='ltr'>frngit</span> <span class='ocrx_word' id='word_1_108' title='bbox 742 1598 829 1672; x_wconf 81' lang='lat' dir='ltr'>Saul</span> <span class='ocrx_word' id='word_1_109' title='bbox 852 1598 1026 1672; x_wconf 88' lang='lat' dir='ltr'>Davidem</span> <span class='ocrx_word' id='word_1_110' title='bbox 1059 1603 1229 1671; x_wconf 88' lang='lat' dir='ltr'>invadere</span> <span class='ocrx_word' id='word_1_111' title='bbox 1259 1625 1315 1673; x_wconf 89' lang='lat' dir='ltr'>re-</span> <span class='ocrx_word' id='word_1_112' title='bbox 1367 1603 1416 1675; x_wconf 88' lang='lat' dir='ltr'>ita</span> <span class='ocrx_word' id='word_1_113' title='bbox 1437 1602 1590 1687; x_wconf 80' lang='lat' dir='ltr'>maxime</span> <span class='ocrx_word' id='word_1_114' title='bbox 1616 1601 1654 1671; x_wconf 93' lang='lat' dir='ltr'>io</span> <span class='ocrx_word' id='word_1_115' title='bbox 1683 1600 1839 1673; x_wconf 86' lang='lat' dir='ltr'>cultibus</span> <span class='ocrx_word' id='word_1_116' title='bbox 1858 1600 2054 1671; x_wconf 82' lang='lat' dir='ltr'>cavendum</span> <span class='ocrx_word' id='word_1_117' title='bbox 2078 1616 2146 1689; x_wconf 89' lang='lat' dir='ltr'>est,</span> <span class='ocrx_word' id='word_1_118' title='bbox 2179 1626 2225 1675; x_wconf 90' lang='lat' dir='ltr'>ue</span> <span class='ocrx_word' id='word_1_119' title='bbox 2247 1607 2356 1681; x_wconf 86' lang='lat' dir='ltr'>stulta</span> 
     </span>
     <span class='ocr_line' id='line_1_10' title="bbox 329 1700 2121 1795; baseline 0.001 -24"><span class='ocrx_word' id='word_1_120' title='bbox 329 1724 454 1791; x_wconf 55' lang='lat' dir='ltr'>ganum</span> <span class='ocrx_word' id='word_1_121' title='bbox 492 1724 531 1771; x_wconf 93' lang='lat' dir='ltr'>se</span> <span class='ocrx_word' id='word_1_122' title='bbox 555 1700 672 1793; x_wconf 88' lang='lat' dir='ltr'>palam</span> <span class='ocrx_word' id='word_1_123' title='bbox 701 1726 801 1773; x_wconf 84' lang='lat' dir='ltr'>anna</span> <span class='ocrx_word' id='word_1_124' title='bbox 831 1703 1031 1795; x_wconf 75' lang='lat' dir='ltr'>capiuntur.</span> <span class='ocrx_word' id='word_1_125' title='bbox 1102 1700 1200 1775; x_wconf 88' lang='lat' dir='ltr'>Haec</span> <span class='ocrx_word' id='word_1_126' title='bbox 1230 1704 1314 1775; x_wconf 84' lang='lat' dir='ltr'>vitis</span> <span class='ocrx_word' id='word_1_127' title='bbox 1366 1705 1520 1778; x_wconf 86' lang='lat' dir='ltr'>imitatio</span> <span class='ocrx_word' id='word_1_128' title='bbox 1535 1704 1673 1794; x_wconf 86' lang='lat' dir='ltr'>gignat,</span> <span class='ocrx_word' id='word_1_129' title='bbox 1700 1718 1761 1775; x_wconf 88' lang='grc' dir='ltr'>ιιιι</span> <span class='ocrx_word' id='word_1_130' title='bbox 1776 1701 1961 1775; x_wconf 79' lang='lat' dir='ltr'>confirmet</span> <span class='ocrx_word' id='word_1_131' title='bbox 1974 1724 2121 1777; x_wconf 85' lang='lat' dir='ltr'>errores.</span> 
     </span>
     <span class='ocr_line' id='line_1_11' title="bbox 328 1803 2351 1899; baseline 0.002 -24"><span class='ocrx_word' id='word_1_132' title='bbox 328 1804 444 1875; x_wconf 86' lang='lat' dir='ltr'>omnia</span> <span class='ocrx_word' id='word_1_133' title='bbox 469 1803 636 1874; x_wconf 85' lang='lat' dir='ltr'>damnata</span> <span class='ocrx_word' id='word_1_134' title='bbox 663 1819 747 1876; x_wconf 88' lang='lat' dir='ltr'>sont</span> <span class='ocrx_word' id='word_1_135' title='bbox 769 1829 790 1874; x_wconf 88' lang='grc' dir='ltr'>ι</span> <span class='ocrx_word' id='word_1_136' title='bbox 811 1805 910 1890; x_wconf 90' lang='lat' dir='ltr'>Deo,</span> <span class='ocrx_word' id='word_1_137' title='bbox 935 1806 1121 1899; x_wconf 90' lang='lat' dir='ltr'>snperbia,</span> <span class='ocrx_word' id='word_1_138' title='bbox 1147 1805 1315 1877; x_wconf 81' lang='lat' dir='ltr'>inriden-</span> <span class='ocrx_word' id='word_1_139' title='bbox 1468 1805 1581 1897; x_wconf 86' lang='lat' dir='ltr'>Saepe</span> <span class='ocrx_word' id='word_1_140' title='bbox 1604 1805 1708 1877; x_wconf 89' lang='lat' dir='ltr'>etiam</span> <span class='ocrx_word' id='word_1_141' title='bbox 1727 1803 1963 1877; x_wconf 78' lang='lat' dir='ltr'>aemulatione</span> <span class='ocrx_word' id='word_1_142' title='bbox 1985 1805 2179 1879; x_wconf 87' lang='lat' dir='ltr'>ministeria</span> <span class='ocrx_word' id='word_1_143' title='bbox 2199 1812 2351 1881; x_wconf 75' lang='lat' dir='ltr'>conlun-</span> 
     </span>
     <span class='ocr_line' id='line_1_12' title="bbox 329 1903 2351 1999; baseline 0.003 -23"><span class='ocrx_word' id='word_1_144' title='bbox 329 1904 557 1987; x_wconf 86' lang='lat' dir='ltr'>tia,ininria.</span> <span class='ocrx_word' id='word_1_145' title='bbox 594 1903 1074 1983; x_wconf 81' lang='lat' dir='ltr'>Difficiieestaotemecrib.</span> <span class='ocrx_word' id='word_1_146' title='bbox 1093 1909 1313 1980; x_wconf 85' lang='lat' dir='ltr'>naturisfre·</span> <span class='ocrx_word' id='word_1_147' title='bbox 1365 1910 1522 1993; x_wconf 91' lang='lat' dir='ltr'>duntur,</span> <span class='ocrx_word' id='word_1_148' title='bbox 1561 1906 1729 1999; x_wconf 82' lang='lat' dir='ltr'>Episcopi</span> <span class='ocrx_word' id='word_1_149' title='bbox 1758 1907 1888 1981; x_wconf 83' lang='lat' dir='ltr'>omisso</span> <span class='ocrx_word' id='word_1_150' title='bbox 1924 1930 2070 1979; x_wconf 88' lang='lat' dir='ltr'>monera</span> <span class='ocrx_word' id='word_1_151' title='bbox 2108 1909 2351 1999; x_wconf 87' lang='lat' dir='ltr'>ecclesiastico,</span> 
     </span>
     <span class='ocr_line' id='line_1_13' title="bbox 323 2000 2354 2103; baseline 0.004 -26"><span class='ocrx_word' id='word_1_152' title='bbox 323 2032 409 2077; x_wconf 86' lang='lat' dir='ltr'>nare</span> <span class='ocrx_word' id='word_1_153' title='bbox 424 2000 497 2077; x_wconf 87' lang='lat' dir='ltr'>bos</span> <span class='ocrx_word' id='word_1_154' title='bbox 512 2008 684 2097; x_wconf 84' lang='lat' dir='ltr'>impetus,</span> <span class='ocrx_word' id='word_1_155' title='bbox 708 2011 769 2080; x_wconf 88' lang='lat' dir='ltr'>sad</span> <span class='ocrx_word' id='word_1_156' title='bbox 789 2010 989 2101; x_wconf 76' lang='lat' dir='ltr'>exemplum</span> <span class='ocrx_word' id='word_1_157' title='bbox 1005 2010 1136 2081; x_wconf 73' lang='lat' dir='ltr'>illustri</span> <span class='ocrx_word' id='word_1_158' title='bbox 1160 2011 1313 2081; x_wconf 85' lang='lat' dir='ltr'>alienia</span> <span class='ocrx_word' id='word_1_159' title='bbox 1364 2012 1558 2083; x_wconf 82' lang='lat' dir='ltr'>voluerunt</span> <span class='ocrx_word' id='word_1_160' title='bbox 1580 2034 1680 2103; x_wconf 85' lang='lat' dir='ltr'>pares</span> <span class='ocrx_word' id='word_1_161' title='bbox 1702 2032 1776 2081; x_wconf 87' lang='lat' dir='ltr'>esse</span> <span class='ocrx_word' id='word_1_162' title='bbox 1800 2007 2041 2098; x_wconf 90' lang='lat' dir='ltr'>principibus,</span> <span class='ocrx_word' id='word_1_163' title='bbox 2081 2025 2115 2081; x_wconf 89' lang='lat' dir='ltr'>et</span> <span class='ocrx_word' id='word_1_164' title='bbox 2140 2034 2243 2103; x_wconf 87' lang='lat' dir='ltr'>saepe</span> <span class='ocrx_word' id='word_1_165' title='bbox 2266 2006 2354 2085; x_wconf 69' lang='lat' dir='ltr'>coti-</span> 
     </span>
     <span class='ocr_line' id='line_1_14' title="bbox 322 2106 2352 2203; baseline 0 -21"><span class='ocrx_word' id='word_1_166' title='bbox 322 2110 493 2203; x_wconf 84' lang='lat' dir='ltr'>superbie</span> <span class='ocrx_word' id='word_1_167' title='bbox 515 2123 552 2180; x_wconf 95' lang='grc' dir='ltr'>ιι</span> <span class='ocrx_word' id='word_1_168' title='bbox 573 2109 769 2181; x_wconf 79' lang='lat' dir='ltr'>invidentia</span> <span class='ocrx_word' id='word_1_169' title='bbox 792 2125 844 2183; x_wconf 95' lang='grc' dir='ltr'>ιιι</span> <span class='ocrx_word' id='word_1_170' title='bbox 867 2106 1062 2196; x_wconf 86' lang='lat' dir='ltr'>lonatban,</span> <span class='ocrx_word' id='word_1_171' title='bbox 1090 2110 1185 2183; x_wconf 88' lang='lat' dir='ltr'>hunc</span> <span class='ocrx_word' id='word_1_172' title='bbox 1207 2112 1313 2183; x_wconf 88' lang='lat' dir='ltr'>nobis</span> <span class='ocrx_word' id='word_1_173' title='bbox 1365 2114 1563 2187; x_wconf 87' lang='lat' dir='ltr'>cionatorcs</span> <span class='ocrx_word' id='word_1_174' title='bbox 1580 2112 1706 2185; x_wconf 84' lang='lat' dir='ltr'>volunt</span> <span class='ocrx_word' id='word_1_175' title='bbox 1722 2132 1841 2200; x_wconf 82' lang='lat' dir='ltr'>regere</span> <span class='ocrx_word' id='word_1_176' title='bbox 1855 2111 1999 2201; x_wconf 86' lang='lat' dir='ltr'>politica</span> <span class='ocrx_word' id='word_1_177' title='bbox 2018 2112 2157 2201; x_wconf 84' lang='lat' dir='ltr'>negotia</span> <span class='ocrx_word' id='word_1_178' title='bbox 2179 2116 2352 2203; x_wconf 76' lang='lat' dir='ltr'>atilanum,</span> 
     </span>
     <span class='ocr_line' id='line_1_15' title="bbox 346 2206 2353 2313; baseline 0.003 -30"><span class='ocrx_word' id='word_1_179' title='bbox 346 2233 588 2302; x_wconf 78' lang='lat' dir='ltr'>reponamus,</span> <span class='ocrx_word' id='word_1_180' title='bbox 616 2206 712 2283; x_wconf 89' lang='lat' dir='ltr'>huuc</span> <span class='ocrx_word' id='word_1_181' title='bbox 736 2214 930 2287; x_wconf 68' lang='lat' dir='ltr'>imitemur.</span> <span class='ocrx_word' id='word_1_182' title='bbox 994 2212 1065 2285; x_wconf 82' lang='lat' dir='ltr'>llic</span> <span class='ocrx_word' id='word_1_183' title='bbox 1085 2216 1241 2307; x_wconf 90' lang='lat' dir='ltr'>primum</span> <span class='ocrx_word' id='word_1_184' title='bbox 1260 2228 1313 2286; x_wconf 87' lang='lat' dir='ltr'>est</span> <span class='ocrx_word' id='word_1_185' title='bbox 1363 2231 1426 2288; x_wconf 85' lang='lat' dir='ltr'>aut</span> <span class='ocrx_word' id='word_1_186' title='bbox 1441 2217 1643 2300; x_wconf 83' lang='lat' dir='ltr'>civitatum,</span> <span class='ocrx_word' id='word_1_187' title='bbox 1667 2227 1701 2287; x_wconf 85' lang='grc' dir='ltr'>ιι</span> <span class='ocrx_word' id='word_1_188' title='bbox 1719 2217 1880 2286; x_wconf 89' lang='lat' dir='ltr'>doctores</span> <span class='ocrx_word' id='word_1_189' title='bbox 1902 2213 2103 2297; x_wconf 80' lang='lat' dir='ltr'>literarum,</span> <span class='ocrx_word' id='word_1_190' title='bbox 2126 2238 2207 2313; x_wconf 74' lang='lat' dir='ltr'>pum</span> <span class='ocrx_word' id='word_1_191' title='bbox 2230 2218 2353 2301; x_wconf 71' lang='lat' dir='ltr'>pidem</span> 
     </span>
     <span class='ocr_line' id='line_1_16' title="bbox 318 2238 2353 2413; baseline 0.002 -27"><span class='ocrx_word' id='word_1_192' title='bbox 318 2238 494 2397; x_wconf 76' lang='lat' dir='ltr'>bomilia,</span> <span class='ocrx_word' id='word_1_193' title='bbox 520 2314 604 2407; x_wconf 89' lang='lat' dir='ltr'>quia</span> <span class='ocrx_word' id='word_1_194' title='bbox 624 2314 753 2385; x_wconf 90' lang='lat' dir='ltr'>timore</span> <span class='ocrx_word' id='word_1_195' title='bbox 767 2312 837 2385; x_wconf 84' lang='lat' dir='ltr'>Dei</span> <span class='ocrx_word' id='word_1_196' title='bbox 859 2317 1017 2406; x_wconf 85' lang='lat' dir='ltr'>agnoscit</span> <span class='ocrx_word' id='word_1_197' title='bbox 1041 2340 1140 2387; x_wconf 90' lang='lat' dir='ltr'>snam</span> <span class='ocrx_word' id='word_1_198' title='bbox 1159 2317 1312 2387; x_wconf 80' lang='lat' dir='ltr'>infirmi·</span> <span class='ocrx_word' id='word_1_199' title='bbox 1363 2318 1622 2411; x_wconf 83' lang='lat' dir='ltr'>disputationes</span> <span class='ocrx_word' id='word_1_200' title='bbox 1662 2318 1707 2387; x_wconf 88' lang='lat' dir='ltr'>de</span> <span class='ocrx_word' id='word_1_201' title='bbox 1746 2314 1918 2405; x_wconf 88' lang='lat' dir='ltr'>religione</span> <span class='ocrx_word' id='word_1_202' title='bbox 1958 2315 2221 2413; x_wconf 86' lang='lat' dir='ltr'>plausibiliores</span> <span class='ocrx_word' id='word_1_203' title='bbox 2262 2342 2353 2407; x_wconf 85' lang='lat' dir='ltr'>esse,</span> 
     </span>
     <span class='ocr_line' id='line_1_17' title="bbox 326 2415 2349 2513; baseline 0.002 -24"><span class='ocrx_word' id='word_1_204' title='bbox 326 2431 450 2497; x_wconf 85' lang='lat' dir='ltr'>tatem,</span> <span class='ocrx_word' id='word_1_205' title='bbox 484 2439 553 2485; x_wconf 92' lang='lat' dir='ltr'>nec</span> <span class='ocrx_word' id='word_1_206' title='bbox 571 2417 704 2506; x_wconf 84' lang='lat' dir='ltr'>appetit</span> <span class='ocrx_word' id='word_1_207' title='bbox 727 2440 897 2508; x_wconf 86' lang='lat' dir='ltr'>regnum,</span> <span class='ocrx_word' id='word_1_208' title='bbox 930 2418 1004 2489; x_wconf 90' lang='lat' dir='ltr'>imo</span> <span class='ocrx_word' id='word_1_209' title='bbox 1026 2418 1093 2491; x_wconf 86' lang='lat' dir='ltr'>scit</span> <span class='ocrx_word' id='word_1_210' title='bbox 1114 2415 1210 2489; x_wconf 90' lang='lat' dir='ltr'>nibil</span> <span class='ocrx_word' id='word_1_211' title='bbox 1238 2442 1311 2491; x_wconf 74' lang='lat' dir='ltr'>msc</span> <span class='ocrx_word' id='word_1_212' title='bbox 1364 2444 1470 2513; x_wconf 82' lang='lat' dir='ltr'>quatu</span> <span class='ocrx_word' id='word_1_213' title='bbox 1494 2420 1693 2493; x_wconf 84' lang='lat' dir='ltr'>doctrinam</span> <span class='ocrx_word' id='word_1_214' title='bbox 1717 2418 1926 2489; x_wconf 75' lang='lat' dir='ltr'>inferiorum</span> <span class='ocrx_word' id='word_1_215' title='bbox 1950 2418 2098 2497; x_wconf 83' lang='lat' dir='ltr'>artium,</span> <span class='ocrx_word' id='word_1_216' title='bbox 2125 2418 2349 2505; x_wconf 81' lang='lat' dir='ltr'>liuntsubito</span> 
     </span>
     <span class='ocr_line' id='line_1_18' title="bbox 334 2507 2350 2614; baseline 0.002 -25"><span class='ocrx_word' id='word_1_217' title='bbox 334 2519 440 2589; x_wconf 87' lang='lat' dir='ltr'>maios</span> <span class='ocrx_word' id='word_1_218' title='bbox 467 2518 510 2587; x_wconf 91' lang='lat' dir='ltr'>in</span> <span class='ocrx_word' id='word_1_219' title='bbox 532 2512 721 2590; x_wconf 87' lang='lat' dir='ltr'>hominnm</span> <span class='ocrx_word' id='word_1_220' title='bbox 745 2522 841 2604; x_wconf 85' lang='lat' dir='ltr'>vita,</span> <span class='ocrx_word' id='word_1_221' title='bbox 880 2544 988 2614; x_wconf 87' lang='lat' dir='ltr'>qnam</span> <span class='ocrx_word' id='word_1_222' title='bbox 1017 2521 1311 2611; x_wconf 87' lang='lat' dir='ltr'>gubernationem</span> <span class='ocrx_word' id='word_1_223' title='bbox 1363 2520 1550 2613; x_wconf 78' lang='lat' dir='ltr'>Theologi.</span> <span class='ocrx_word' id='word_1_224' title='bbox 1600 2518 1698 2593; x_wconf 85' lang='lat' dir='ltr'>llaec</span> <span class='ocrx_word' id='word_1_225' title='bbox 1710 2518 1860 2604; x_wconf 84' lang='lat' dir='ltr'>ambitio</span> <span class='ocrx_word' id='word_1_226' title='bbox 1875 2518 1977 2589; x_wconf 87' lang='lat' dir='ltr'>valde</span> <span class='ocrx_word' id='word_1_227' title='bbox 1993 2507 2188 2612; x_wconf 83' lang='lat' dir='ltr'>perniciosa</span> <span class='ocrx_word' id='word_1_228' title='bbox 2212 2536 2264 2595; x_wconf 89' lang='grc' dir='ltr'>ιιι</span> <span class='ocrx_word' id='word_1_229' title='bbox 2279 2519 2350 2595; x_wconf 83' lang='lat' dir='ltr'>Ec·</span> 
     </span>
     <span class='ocr_line' id='line_1_19' title="bbox 329 2615 2346 2715; baseline 0.001 -22"><span class='ocrx_word' id='word_1_230' title='bbox 329 2621 533 2714; x_wconf 76' lang='lat' dir='ltr'>pracsertim</span> <span class='ocrx_word' id='word_1_231' title='bbox 550 2619 767 2711; x_wconf 81' lang='lat' dir='ltr'>popoliDei.</span> <span class='ocrx_word' id='word_1_232' title='bbox 818 2620 1015 2695; x_wconf 69' lang='lat' dir='ltr'>sairanem</span> <span class='ocrx_word' id='word_1_233' title='bbox 1032 2619 1229 2715; x_wconf 83' lang='lat' dir='ltr'>hocipsom</span> <span class='ocrx_word' id='word_1_234' title='bbox 1254 2648 1311 2694; x_wconf 91' lang='lat' dir='ltr'>re-</span> <span class='ocrx_word' id='word_1_235' title='bbox 1362 2625 1489 2698; x_wconf 84' lang='lat' dir='ltr'>cleaiac</span> <span class='ocrx_word' id='word_1_236' title='bbox 1521 2638 1558 2695; x_wconf 91' lang='lat' dir='ltr'>et</span> <span class='ocrx_word' id='word_1_237' title='bbox 1587 2625 1773 2697; x_wconf 80' lang='lat' dir='ltr'>universae</span> <span class='ocrx_word' id='word_1_238' title='bbox 1799 2622 1894 2703; x_wconf 81' lang='lat' dir='ltr'>vitae</span> <span class='ocrx_word' id='word_1_239' title='bbox 1923 2615 2117 2707; x_wconf 87' lang='lat' dir='ltr'>humanae,</span> <span class='ocrx_word' id='word_1_240' title='bbox 2151 2622 2242 2695; x_wconf 83' lang='lat' dir='ltr'>¹ideo</span> <span class='ocrx_word' id='word_1_241' title='bbox 2275 2626 2346 2697; x_wconf 84' lang='lat' dir='ltr'>fce-</span> 
     </span>
     <span class='ocr_line' id='line_1_20' title="bbox 325 2721 2347 2818; baseline 0.002 -25"><span class='ocrx_word' id='word_1_242' title='bbox 325 2746 431 2815; x_wconf 84' lang='lat' dir='ltr'>gnum</span> <span class='ocrx_word' id='word_1_243' title='bbox 448 2721 521 2793; x_wconf 87' lang='lat' dir='ltr'>Dei</span> <span class='ocrx_word' id='word_1_244' title='bbox 542 2724 678 2797; x_wconf 85' lang='lat' dir='ltr'>donum</span> <span class='ocrx_word' id='word_1_245' title='bbox 703 2746 798 2805; x_wconf 82' lang='lat' dir='ltr'>esse,</span> <span class='ocrx_word' id='word_1_246' title='bbox 822 2746 889 2795; x_wconf 89' lang='lat' dir='ltr'>nec</span> <span class='ocrx_word' id='word_1_247' title='bbox 910 2724 1153 2797; x_wconf 84' lang='lat' dir='ltr'>invadendum</span> <span class='ocrx_word' id='word_1_248' title='bbox 1168 2747 1245 2797; x_wconf 88' lang='lat' dir='ltr'>esse</span> <span class='ocrx_word' id='word_1_249' title='bbox 1266 2728 1312 2799; x_wconf 88' lang='lat' dir='ltr'>ab</span> <span class='ocrx_word' id='word_1_250' title='bbox 1363 2729 1482 2801; x_wconf 83' lang='lat' dir='ltr'>nanda</span> <span class='ocrx_word' id='word_1_251' title='bbox 1503 2740 1574 2809; x_wconf 87' lang='lat' dir='ltr'>est,</span> <span class='ocrx_word' id='word_1_252' title='bbox 1605 2740 1640 2805; x_wconf 86' lang='lat' dir='ltr'>et</span> <span class='ocrx_word' id='word_1_253' title='bbox 1661 2744 1799 2818; x_wconf 80' lang='lat' dir='ltr'>semper</span> <span class='ocrx_word' id='word_1_254' title='bbox 1830 2725 1981 2800; x_wconf 82' lang='lat' dir='ltr'>tenenda</span> <span class='ocrx_word' id='word_1_255' title='bbox 2004 2727 2142 2813; x_wconf 82' lang='lat' dir='ltr'>regula:</span> <span class='ocrx_word' id='word_1_256' title='bbox 2183 2724 2223 2797; x_wconf 81' lang='lat' dir='ltr'>si</span> <span class='ocrx_word' id='word_1_257' title='bbox 2244 2728 2347 2800; x_wconf 89' lang='lat' dir='ltr'>illum</span> 
     </span>
     <span class='ocr_line' id='line_1_21' title="bbox 324 2820 2347 2925; baseline 0.002 -28"><span class='ocrx_word' id='word_1_258' title='bbox 324 2820 580 2910; x_wconf 88' lang='lat' dir='ltr'>ullobomine‚</span> <span class='ocrx_word' id='word_1_259' title='bbox 605 2827 667 2895; x_wconf 89' lang='lat' dir='ltr'>sed</span> <span class='ocrx_word' id='word_1_260' title='bbox 690 2820 787 2896; x_wconf 89' lang='lat' dir='ltr'>hunc</span> <span class='ocrx_word' id='word_1_261' title='bbox 804 2820 1009 2899; x_wconf 88' lang='lat' dir='ltr'>habiturum</span> <span class='ocrx_word' id='word_1_262' title='bbox 1024 2850 1117 2910; x_wconf 89' lang='lat' dir='ltr'>esse,</span> <span class='ocrx_word' id='word_1_263' title='bbox 1142 2828 1198 2899; x_wconf 91' lang='lat' dir='ltr'>cui</span> <span class='ocrx_word' id='word_1_264' title='bbox 1214 2826 1311 2905; x_wconf 85' lang='lat' dir='ltr'>Deos</span> <span class='ocrx_word' id='word_1_265' title='bbox 1362 2830 1445 2901; x_wconf 82' lang='lat' dir='ltr'>volo</span> <span class='ocrx_word' id='word_1_266' title='bbox 1469 2830 1640 2903; x_wconf 84' lang='lat' dir='ltr'>maiorem</span> <span class='ocrx_word' id='word_1_267' title='bbox 1660 2844 1759 2911; x_wconf 74' lang='lat' dir='ltr'>esse,</span> <span class='ocrx_word' id='word_1_268' title='bbox 1791 2828 1879 2919; x_wconf 84' lang='lat' dir='ltr'>quid</span> <span class='ocrx_word' id='word_1_269' title='bbox 1907 2850 1927 2897; x_wconf 87' lang='lat' dir='ltr'>a</span> <span class='ocrx_word' id='word_1_270' title='bbox 1953 2841 2004 2909; x_wconf 85' lang='lat' dir='ltr'>te,</span> <span class='ocrx_word' id='word_1_271' title='bbox 2025 2841 2078 2908; x_wconf 79' lang='lat' dir='ltr'>&#39;tu</span> <span class='ocrx_word' id='word_1_272' title='bbox 2105 2850 2161 2912; x_wconf 86' lang='lat' dir='ltr'>cpe</span> <span class='ocrx_word' id='word_1_273' title='bbox 2191 2852 2347 2925; x_wconf 76' lang='lat' dir='ltr'>sequere</span> 
     </span>
     <span class='ocr_line' id='line_1_22' title="bbox 322 2926 2349 3028; baseline -0.003 -30"><span class='ocrx_word' id='word_1_274' title='bbox 322 2952 383 2999; x_wconf 88' lang='lat' dir='ltr'>sno</span> <span class='ocrx_word' id='word_1_275' title='bbox 398 2926 556 2997; x_wconf 89' lang='lat' dir='ltr'>consilio</span> <span class='ocrx_word' id='word_1_276' title='bbox 577 2928 773 2998; x_wconf 87' lang='lat' dir='ltr'>tradituros</span> <span class='ocrx_word' id='word_1_277' title='bbox 787 2942 893 3014; x_wconf 80' lang='lat' dir='ltr'>esset,</span> <span class='ocrx_word' id='word_1_278' title='bbox 918 2930 1008 3002; x_wconf 88' lang='lat' dir='ltr'>sicut</span> <span class='ocrx_word' id='word_1_279' title='bbox 1021 2931 1114 3022; x_wconf 88' lang='lat' dir='ltr'>patri</span> <span class='ocrx_word' id='word_1_280' title='bbox 1134 2929 1222 3004; x_wconf 89' lang='lat' dir='ltr'>Saul</span> <span class='ocrx_word' id='word_1_281' title='bbox 1237 2944 1310 3001; x_wconf 89' lang='lat' dir='ltr'>tra·</span> <span class='ocrx_word' id='word_1_282' title='bbox 1361 2930 1472 3007; x_wconf 87' lang='lat' dir='ltr'>Suam</span> <span class='ocrx_word' id='word_1_283' title='bbox 1485 2932 1645 3028; x_wconf 69' lang='lat' dir='ltr'>,quisque</span> <span class='ocrx_word' id='word_1_284' title='bbox 1667 2927 1885 3004; x_wconf 82' lang='lat' dir='ltr'>vocationem</span> <span class='ocrx_word' id='word_1_285' title='bbox 1906 2928 2129 3019; x_wconf 80' lang='lat' dir='ltr'>intelligeret</span> <span class='ocrx_word' id='word_1_286' title='bbox 2152 2931 2190 3000; x_wconf 90' lang='lat' dir='ltr'>in</span> <span class='ocrx_word' id='word_1_287' title='bbox 2213 2954 2253 3003; x_wconf 89' lang='lat' dir='ltr'>ea</span> <span class='ocrx_word' id='word_1_288' title='bbox 2275 2955 2349 3003; x_wconf 91' lang='lat' dir='ltr'>ser.</span> 
     </span>
     <span class='ocr_line' id='line_1_23' title="bbox 321 3025 2349 3127; baseline 0.001 -28"><span class='ocrx_word' id='word_1_289' title='bbox 321 3032 478 3101; x_wconf 86' lang='lat' dir='ltr'>diderat:</span> <span class='ocrx_word' id='word_1_290' title='bbox 504 3029 636 3101; x_wconf 87' lang='lat' dir='ltr'>deinde</span> <span class='ocrx_word' id='word_1_291' title='bbox 650 3054 723 3099; x_wconf 92' lang='lat' dir='ltr'>non</span> <span class='ocrx_word' id='word_1_292' title='bbox 740 3043 792 3101; x_wconf 90' lang='grc' dir='ltr'>ιιι</span> <span class='ocrx_word' id='word_1_293' title='bbox 812 3030 976 3118; x_wconf 87' lang='lat' dir='ltr'>invidos,</span> <span class='ocrx_word' id='word_1_294' title='bbox 1003 3045 1188 3127; x_wconf 83' lang='lat' dir='ltr'>postquam</span> <span class='ocrx_word' id='word_1_295' title='bbox 1213 3033 1311 3104; x_wconf 86' lang='lat' dir='ltr'>videt</span> <span class='ocrx_word' id='word_1_296' title='bbox 1363 3034 1455 3121; x_wconf 86' lang='lat' dir='ltr'>viat,</span> <span class='ocrx_word' id='word_1_297' title='bbox 1488 3025 1636 3120; x_wconf 82' lang='lat' dir='ltr'>eamque</span> <span class='ocrx_word' id='word_1_298' title='bbox 1668 3044 1791 3116; x_wconf 86' lang='lat' dir='ltr'>ornet,</span> <span class='ocrx_word' id='word_1_299' title='bbox 1829 3031 1903 3101; x_wconf 85' lang='lat' dir='ltr'>sive</span> <span class='ocrx_word' id='word_1_300' title='bbox 1925 3030 1970 3101; x_wconf 91' lang='lat' dir='ltr'>sit</span> <span class='ocrx_word' id='word_1_301' title='bbox 1993 3026 2161 3115; x_wconf 87' lang='lat' dir='ltr'>humilis,</span> <span class='ocrx_word' id='word_1_302' title='bbox 2194 3034 2268 3102; x_wconf 87' lang='lat' dir='ltr'>sive</span> <span class='ocrx_word' id='word_1_303' title='bbox 2291 3059 2349 3103; x_wconf 86' lang='lat' dir='ltr'>ar-</span> 
     </span>
     <span class='ocr_line' id='line_1_24' title="bbox 320 3127 2350 3224; baseline 0 -21"><span class='ocrx_word' id='word_1_304' title='bbox 320 3130 501 3203; x_wconf 81' lang='lat' dir='ltr'>Davidcm</span> <span class='ocrx_word' id='word_1_305' title='bbox 521 3128 633 3203; x_wconf 80' lang='lat' dir='ltr'>allec</span> <span class='ocrx_word' id='word_1_306' title='bbox 649 3135 694 3201; x_wconf 87' lang='lat' dir='ltr'>ad</span> <span class='ocrx_word' id='word_1_307' title='bbox 713 3127 805 3203; x_wconf 91' lang='lat' dir='ltr'>banc</span> <span class='ocrx_word' id='word_1_308' title='bbox 827 3134 1122 3224; x_wconf 77' lang='lat' dir='ltr'>gubernationem</span> <span class='ocrx_word' id='word_1_309' title='bbox 1145 3148 1308 3205; x_wconf 84' lang='lat' dir='ltr'>roratum</span> <span class='ocrx_word' id='word_1_310' title='bbox 1362 3138 1453 3222; x_wconf 78' lang='lat' dir='ltr'>dara,</span> <span class='ocrx_word' id='word_1_311' title='bbox 1477 3136 1567 3207; x_wconf 91' lang='lat' dir='ltr'>sicut</span> <span class='ocrx_word' id='word_1_312' title='bbox 1580 3135 1707 3205; x_wconf 91' lang='lat' dir='ltr'>usitate</span> <span class='ocrx_word' id='word_1_313' title='bbox 1723 3134 1857 3204; x_wconf 90' lang='lat' dir='ltr'>dictum</span> <span class='ocrx_word' id='word_1_314' title='bbox 1874 3145 1940 3204; x_wconf 89' lang='lat' dir='ltr'>est:</span> <span class='ocrx_word' id='word_1_315' title='bbox 1967 3130 2130 3223; x_wconf 85' lang='lat' dir='ltr'>Spartam</span> <span class='ocrx_word' id='word_1_316' title='bbox 2156 3149 2280 3206; x_wconf 86' lang='lat' dir='ltr'>nactus</span> <span class='ocrx_word' id='word_1_317' title='bbox 2303 3158 2350 3221; x_wconf 90' lang='lat' dir='ltr'>es,</span> 
     </span>
     <span class='ocr_line' id='line_1_25' title="bbox 318 3231 2348 3321; baseline 0 -16"><span class='ocrx_word' id='word_1_318' title='bbox 318 3259 409 3319; x_wconf 86' lang='lat' dir='ltr'>esse,</span> <span class='ocrx_word' id='word_1_319' title='bbox 438 3257 515 3303; x_wconf 91' lang='lat' dir='ltr'>non</span> <span class='ocrx_word' id='word_1_320' title='bbox 537 3236 655 3306; x_wconf 83' lang='lat' dir='ltr'>studet</span> <span class='ocrx_word' id='word_1_321' title='bbox 675 3258 756 3305; x_wconf 92' lang='lat' dir='ltr'>eum</span> <span class='ocrx_word' id='word_1_322' title='bbox 781 3236 860 3305; x_wconf 94' lang='lat' dir='ltr'>loco</span> <span class='ocrx_word' id='word_1_323' title='bbox 882 3260 1043 3321; x_wconf 85' lang='lat' dir='ltr'>movere,</span> <span class='ocrx_word' id='word_1_324' title='bbox 1065 3239 1126 3306; x_wconf 87' lang='lat' dir='ltr'>scd</span> <span class='ocrx_word' id='word_1_325' title='bbox 1148 3237 1243 3306; x_wconf 84' lang='lat' dir='ltr'>cedit</span> <span class='ocrx_word' id='word_1_326' title='bbox 1265 3237 1311 3321; x_wconf 89' lang='lat' dir='ltr'>ei,</span> <span class='ocrx_word' id='word_1_327' title='bbox 1363 3233 1455 3307; x_wconf 89' lang='lat' dir='ltr'>hanc</span> <span class='ocrx_word' id='word_1_328' title='bbox 1478 3261 1577 3308; x_wconf 86' lang='lat' dir='ltr'>orna.</span> <span class='ocrx_word' id='word_1_329' title='bbox 1652 3234 1755 3307; x_wconf 88' lang='lat' dir='ltr'>Hanc</span> <span class='ocrx_word' id='word_1_330' title='bbox 1784 3249 1913 3306; x_wconf 86' lang='lat' dir='ltr'>metam</span> <span class='ocrx_word' id='word_1_331' title='bbox 1936 3256 2009 3305; x_wconf 91' lang='lat' dir='ltr'>non</span> <span class='ocrx_word' id='word_1_332' title='bbox 2033 3247 2169 3305; x_wconf 89' lang='lat' dir='ltr'>tantum</span> <span class='ocrx_word' id='word_1_333' title='bbox 2193 3231 2348 3306; x_wconf 89' lang='lat' dir='ltr'>bumana</span> 
     </span>
     <span class='ocr_line' id='line_1_26' title="bbox 319 3334 2350 3431; baseline 0 -25"><span class='ocrx_word' id='word_1_334' title='bbox 319 3352 350 3406; x_wconf 87' lang='grc' dir='ltr'>ιι</span> <span class='ocrx_word' id='word_1_335' title='bbox 365 3358 446 3407; x_wconf 83' lang='grc' dir='ltr'>ιιιι</span> <span class='ocrx_word' id='word_1_336' title='bbox 461 3336 496 3406; x_wconf 85' lang='lat' dir='ltr'>ei</span> <span class='ocrx_word' id='word_1_337' title='bbox 511 3335 669 3419; x_wconf 89' lang='lat' dir='ltr'>subiicit,</span> <span class='ocrx_word' id='word_1_338' title='bbox 693 3349 726 3407; x_wconf 91' lang='lat' dir='ltr'>et</span> <span class='ocrx_word' id='word_1_339' title='bbox 743 3338 873 3426; x_wconf 85' lang='lat' dir='ltr'>gaudet</span> <span class='ocrx_word' id='word_1_340' title='bbox 887 3339 997 3409; x_wconf 85' lang='lat' dir='ltr'>alium</span> <span class='ocrx_word' id='word_1_341' title='bbox 1020 3339 1310 3431; x_wconf 84' lang='lat' dir='ltr'>praestantiorem</span> <span class='ocrx_word' id='word_1_342' title='bbox 1364 3341 1556 3431; x_wconf 85' lang='lat' dir='ltr'>sapientia,</span> <span class='ocrx_word' id='word_1_343' title='bbox 1598 3340 1657 3411; x_wconf 86' lang='lat' dir='ltr'>scd</span> <span class='ocrx_word' id='word_1_344' title='bbox 1688 3336 1803 3407; x_wconf 91' lang='lat' dir='ltr'>multo</span> <span class='ocrx_word' id='word_1_345' title='bbox 1841 3334 1952 3425; x_wconf 89' lang='lat' dir='ltr'>magis</span> <span class='ocrx_word' id='word_1_346' title='bbox 1990 3336 2123 3406; x_wconf 86' lang='lat' dir='ltr'>divinis</span> <span class='ocrx_word' id='word_1_347' title='bbox 2157 3338 2350 3428; x_wconf 85' lang='lat' dir='ltr'>praeceptis</span> 
     </span>
     <span class='ocr_line' id='line_1_27' title="bbox 318 3436 2348 3532; baseline 0 -24"><span class='ocrx_word' id='word_1_348' title='bbox 318 3440 471 3510; x_wconf 87' lang='lat' dir='ltr'>electum</span> <span class='ocrx_word' id='word_1_349' title='bbox 495 3460 584 3523; x_wconf 88' lang='lat' dir='ltr'>esse,</span> <span class='ocrx_word' id='word_1_350' title='bbox 609 3437 710 3510; x_wconf 90' lang='lat' dir='ltr'>cuios</span> <span class='ocrx_word' id='word_1_351' title='bbox 732 3438 1025 3529; x_wconf 78' lang='lat' dir='ltr'>gubernationem</span> <span class='ocrx_word' id='word_1_352' title='bbox 1048 3440 1191 3512; x_wconf 85' lang='lat' dir='ltr'>videbat</span> <span class='ocrx_word' id='word_1_353' title='bbox 1212 3440 1310 3513; x_wconf 88' lang='lat' dir='ltr'>loto·</span> <span class='ocrx_word' id='word_1_354' title='bbox 1363 3443 1615 3514; x_wconf 89' lang='lat' dir='ltr'>circumdatam</span> <span class='ocrx_word' id='word_1_355' title='bbox 1640 3440 1742 3511; x_wconf 90' lang='lat' dir='ltr'>nobis</span> <span class='ocrx_word' id='word_1_356' title='bbox 1764 3461 1837 3509; x_wconf 89' lang='lat' dir='ltr'>esse</span> <span class='ocrx_word' id='word_1_357' title='bbox 1852 3438 2022 3520; x_wconf 88' lang='lat' dir='ltr'>sciamus,</span> <span class='ocrx_word' id='word_1_358' title='bbox 2049 3438 2130 3532; x_wconf 91' lang='lat' dir='ltr'>quia</span> <span class='ocrx_word' id='word_1_359' title='bbox 2147 3436 2272 3510; x_wconf 87' lang='lat' dir='ltr'>Petrus</span> <span class='ocrx_word' id='word_1_360' title='bbox 2289 3464 2348 3509; x_wconf 84' lang='lat' dir='ltr'>ex-</span> 
     </span>
     <span class='ocr_line' id='line_1_28' title="bbox 318 3534 2347 3637; baseline 0.001 -26"><span class='ocrx_word' id='word_1_361' title='bbox 318 3567 393 3612; x_wconf 84' lang='lat' dir='ltr'>ram</span> <span class='ocrx_word' id='word_1_362' title='bbox 421 3541 619 3610; x_wconf 78' lang='lat' dir='ltr'>feliciorem</span> <span class='ocrx_word' id='word_1_363' title='bbox 653 3541 911 3630; x_wconf 75' lang='lat' dir='ltr'>gubernatione</span> <span class='ocrx_word' id='word_1_364' title='bbox 944 3543 1096 3636; x_wconf 82' lang='lat' dir='ltr'>proximi</span> <span class='ocrx_word' id='word_1_365' title='bbox 1128 3544 1309 3634; x_wconf 87' lang='lat' dir='ltr'>temporis,</span> <span class='ocrx_word' id='word_1_366' title='bbox 1363 3567 1479 3637; x_wconf 89' lang='lat' dir='ltr'>presse</span> <span class='ocrx_word' id='word_1_367' title='bbox 1498 3545 1686 3636; x_wconf 82' lang='lat' dir='ltr'>praecipit,</span> <span class='ocrx_word' id='word_1_368' title='bbox 1720 3542 1889 3611; x_wconf 78' lang='lat' dir='ltr'>ursimus</span> <span class='ocrx_word' id='word_1_369' title='bbox 1904 3534 2285 3634; x_wconf 78' lang='grc' dir='ltr'>ἀλλοτριοιπίσκοποι,</span> <span class='ocrx_word' id='word_1_370' title='bbox 2312 3556 2347 3614; x_wconf 88' lang='grc' dir='ltr'>ιι</span> 
     </span>
     <span class='ocr_line' id='line_1_29' title="bbox 317 3639 2348 3736; baseline -0 -23"><span class='ocrx_word' id='word_1_371' title='bbox 317 3667 428 3736; x_wconf 89' lang='lat' dir='ltr'>quam</span> <span class='ocrx_word' id='word_1_372' title='bbox 445 3641 533 3713; x_wconf 89' lang='lat' dir='ltr'>Saul</span> <span class='ocrx_word' id='word_1_373' title='bbox 556 3656 590 3713; x_wconf 89' lang='lat' dir='ltr'>et</span> <span class='ocrx_word' id='word_1_374' title='bbox 609 3643 685 3735; x_wconf 85' lang='lat' dir='ltr'>ipse</span> <span class='ocrx_word' id='word_1_375' title='bbox 708 3657 906 3717; x_wconf 87' lang='lat' dir='ltr'>tenuerant.</span> <span class='ocrx_word' id='word_1_376' title='bbox 958 3643 1141 3715; x_wconf 87' lang='lat' dir='ltr'>Postremo</span> <span class='ocrx_word' id='word_1_377' title='bbox 1166 3669 1231 3715; x_wconf 89' lang='lat' dir='ltr'>nec</span> <span class='ocrx_word' id='word_1_378' title='bbox 1253 3646 1310 3715; x_wconf 89' lang='lat' dir='ltr'>iu·</span> <span class='ocrx_word' id='word_1_379' title='bbox 1362 3645 1495 3718; x_wconf 86' lang='lat' dir='ltr'>Paulus</span> <span class='ocrx_word' id='word_1_380' title='bbox 1519 3643 1908 3736; x_wconf 86' lang='lat' dir='ltr'>eruditissimeiuqnit,</span> <span class='ocrx_word' id='word_1_381' title='bbox 1937 3643 1970 3712; x_wconf 92' lang='lat'>1.</span> <span class='ocrx_word' id='word_1_382' title='bbox 1988 3639 2111 3713; x_wconf 86' lang='lat' dir='ltr'>Thess.</span> <span class='ocrx_word' id='word_1_383' title='bbox 2131 3639 2182 3715; x_wconf 83' lang='lat'>4.:</span> <span class='ocrx_word' id='word_1_384' title='bbox 2215 3639 2348 3714; x_wconf 86' lang='lat' dir='ltr'>Horta-</span> 
     </span>
     <span class='ocr_line' id='line_1_30' title="bbox 316 3741 2350 3840; baseline 0 -26"><span class='ocrx_word' id='word_1_385' title='bbox 316 3746 423 3816; x_wconf 89' lang='lat' dir='ltr'>iuriis</span> <span class='ocrx_word' id='word_1_386' title='bbox 447 3743 556 3816; x_wconf 87' lang='lat' dir='ltr'>allicit</span> <span class='ocrx_word' id='word_1_387' title='bbox 579 3741 771 3826; x_wconf 82' lang='lat' dir='ltr'>Davidem,</span> <span class='ocrx_word' id='word_1_388' title='bbox 802 3748 863 3816; x_wconf 89' lang='lat' dir='ltr'>sed</span> <span class='ocrx_word' id='word_1_389' title='bbox 886 3770 967 3817; x_wconf 89' lang='lat' dir='ltr'>enm</span> <span class='ocrx_word' id='word_1_390' title='bbox 990 3770 1072 3817; x_wconf 85' lang='lat' dir='ltr'>vace</span> <span class='ocrx_word' id='word_1_391' title='bbox 1088 3747 1223 3840; x_wconf 81' lang='lat' dir='ltr'>diligit,</span> <span class='ocrx_word' id='word_1_392' title='bbox 1252 3771 1309 3816; x_wconf 88' lang='lat' dir='ltr'>ve·</span> <span class='ocrx_word' id='word_1_393' title='bbox 1363 3773 1445 3820; x_wconf 89' lang='lat' dir='ltr'>mur</span> <span class='ocrx_word' id='word_1_394' title='bbox 1461 3773 1523 3819; x_wconf 79' lang='lat' dir='ltr'>vos</span> <span class='ocrx_word' id='word_1_395' title='bbox 1536 3751 1660 3819; x_wconf 86' lang='lat' dir='ltr'>lratccs</span> <span class='ocrx_word' id='word_1_396' title='bbox 1675 3746 1881 3815; x_wconf 86' lang='lat' dir='ltr'>antecellere</span> <span class='ocrx_word' id='word_1_397' title='bbox 1891 3745 2000 3834; x_wconf 88' lang='lat' dir='ltr'>magis</span> <span class='ocrx_word' id='word_1_398' title='bbox 2022 3758 2054 3814; x_wconf 90' lang='lat' dir='ltr'>et</span> <span class='ocrx_word' id='word_1_399' title='bbox 2079 3743 2250 3833; x_wconf 87' lang='lat' dir='ltr'>singulari</span> <span class='ocrx_word' id='word_1_400' title='bbox 2275 3758 2350 3814; x_wconf 91' lang='lat' dir='ltr'>stu-</span> 
     </span>
     <span class='ocr_line' id='line_1_31' title="bbox 318 3843 2349 3948; baseline -0.002 -31"><span class='ocrx_word' id='word_1_401' title='bbox 318 3860 491 3932; x_wconf 77' lang='lat' dir='ltr'>noratur,</span> <span class='ocrx_word' id='word_1_402' title='bbox 528 3860 563 3917; x_wconf 91' lang='lat' dir='ltr'>et</span> <span class='ocrx_word' id='word_1_403' title='bbox 593 3847 754 3918; x_wconf 85' lang='lat' dir='ltr'>defendit</span> <span class='ocrx_word' id='word_1_404' title='bbox 781 3850 951 3919; x_wconf 87' lang='lat' dir='ltr'>adversus</span> <span class='ocrx_word' id='word_1_405' title='bbox 977 3863 1124 3948; x_wconf 90' lang='lat' dir='ltr'>patrem.</span> <span class='ocrx_word' id='word_1_406' title='bbox 1200 3848 1312 3943; x_wconf 91' lang='lat' dir='ltr'>ldqoe</span> <span class='ocrx_word' id='word_1_407' title='bbox 1362 3852 1423 3922; x_wconf 89' lang='lat' dir='ltr'>dio</span> <span class='ocrx_word' id='word_1_408' title='bbox 1445 3874 1569 3921; x_wconf 89' lang='lat' dir='ltr'>curare</span> <span class='ocrx_word' id='word_1_409' title='bbox 1592 3847 1843 3942; x_wconf 73' lang='lat' dir='ltr'>etquenam</span> <span class='ocrx_word' id='word_1_410' title='bbox 1866 3859 1900 3916; x_wconf 89' lang='lat' dir='ltr'>et</span> <span class='ocrx_word' id='word_1_411' title='bbox 1922 3845 2031 3936; x_wconf 91' lang='lat' dir='ltr'>agatis</span> <span class='ocrx_word' id='word_1_412' title='bbox 2047 3847 2201 3937; x_wconf 84' lang='lat' dir='ltr'>propria.</span> <span class='ocrx_word' id='word_1_413' title='bbox 2236 3843 2349 3916; x_wconf 89' lang='lat' dir='ltr'>Valde</span> 
     </span>
     <span class='ocr_line' id='line_1_32' title="bbox 317 3941 2351 4044; baseline -0.002 -26"><span class='ocrx_word' id='word_1_414' title='bbox 317 3963 471 4042; x_wconf 87' lang='lat' dir='ltr'>propter</span> <span class='ocrx_word' id='word_1_415' title='bbox 485 3949 614 4018; x_wconf 90' lang='lat' dir='ltr'>multas</span> <span class='ocrx_word' id='word_1_416' title='bbox 630 3973 750 4020; x_wconf 86' lang='grc' dir='ltr'>ιιιιιιι</span> <span class='ocrx_word' id='word_1_417' title='bbox 766 3949 867 4034; x_wconf 81' lang='lat' dir='ltr'>satit,</span> <span class='ocrx_word' id='word_1_418' title='bbox 893 3951 958 4020; x_wconf 87' lang='lat' dir='ltr'>scit</span> <span class='ocrx_word' id='word_1_419' title='bbox 978 3975 1014 4021; x_wconf 89' lang='grc' dir='ltr'>ιι</span> <span class='ocrx_word' id='word_1_420' title='bbox 1033 3954 1162 4022; x_wconf 86' lang='lat' dir='ltr'>debere</span> <span class='ocrx_word' id='word_1_421' title='bbox 1178 3949 1310 4022; x_wconf 89' lang='lat' dir='ltr'>Davidi</span> <span class='ocrx_word' id='word_1_422' title='bbox 1361 3953 1642 4044; x_wconf 84' lang='lat' dir='ltr'>significantibus</span> <span class='ocrx_word' id='word_1_423' title='bbox 1665 3949 1781 4020; x_wconf 86' lang='lat' dir='ltr'>verbis</span> <span class='ocrx_word' id='word_1_424' title='bbox 1801 3969 1886 4018; x_wconf 88' lang='lat' dir='ltr'>usus</span> <span class='ocrx_word' id='word_1_425' title='bbox 1910 3961 1971 4020; x_wconf 90' lang='grc' dir='ltr'>ιιι.</span> <span class='ocrx_word' id='word_1_426' title='bbox 2035 3943 2209 4016; x_wconf 85' lang='lat' dir='ltr'>Prolanos</span> <span class='ocrx_word' id='word_1_427' title='bbox 2233 3941 2351 4018; x_wconf 90' lang='lat' dir='ltr'>bomi-</span> 
     </span>
     <span class='ocr_line' id='line_1_33' title="bbox 316 4049 2352 4143; baseline -0.001 -23"><span class='ocrx_word' id='word_1_428' title='bbox 316 4051 569 4136; x_wconf 87' lang='lat' dir='ltr'>dilectionem,</span> <span class='ocrx_word' id='word_1_429' title='bbox 603 4051 667 4122; x_wconf 86' lang='lat' dir='ltr'>scit</span> <span class='ocrx_word' id='word_1_430' title='bbox 688 4075 726 4122; x_wconf 89' lang='lat' dir='ltr'>se</span> <span class='ocrx_word' id='word_1_431' title='bbox 747 4051 781 4122; x_wconf 89' lang='lat' dir='ltr'>ei</span> <span class='ocrx_word' id='word_1_432' title='bbox 803 4075 901 4122; x_wconf 87' lang='lat' dir='ltr'>nunc</span> <span class='ocrx_word' id='word_1_433' title='bbox 921 4053 1120 4125; x_wconf 89' lang='lat' dir='ltr'>subiectum</span> <span class='ocrx_word' id='word_1_434' title='bbox 1144 4075 1240 4143; x_wconf 89' lang='lat' dir='ltr'>esse,</span> <span class='ocrx_word' id='word_1_435' title='bbox 1270 4066 1309 4123; x_wconf 90' lang='grc' dir='ltr'>ιιι</span> <span class='ocrx_word' id='word_1_436' title='bbox 1361 4078 1424 4125; x_wconf 89' lang='lat' dir='ltr'>nes</span> <span class='ocrx_word' id='word_1_437' title='bbox 1438 4054 1586 4125; x_wconf 87' lang='lat' dir='ltr'>ambitio</span> <span class='ocrx_word' id='word_1_438' title='bbox 1603 4051 1741 4132; x_wconf 88' lang='lat' dir='ltr'>invitat,</span> <span class='ocrx_word' id='word_1_439' title='bbox 1767 4063 1807 4121; x_wconf 91' lang='lat' dir='ltr'>ut</span> <span class='ocrx_word' id='word_1_440' title='bbox 1820 4065 1915 4121; x_wconf 80' lang='lat' dir='ltr'>astra</span> <span class='ocrx_word' id='word_1_441' title='bbox 1938 4049 2138 4120; x_wconf 87' lang='lat' dir='ltr'>vocationes</span> <span class='ocrx_word' id='word_1_442' title='bbox 2153 4066 2352 4141; x_wconf 87' lang='lat' dir='ltr'>erumpant,</span> 
     </span>
     <span class='ocr_line' id='line_1_34' title="bbox 315 4151 2348 4246; baseline -0.002 -23"><span class='ocrx_word' id='word_1_443' title='bbox 315 4154 414 4243; x_wconf 88' lang='lat' dir='ltr'>regi,</span> <span class='ocrx_word' id='word_1_444' title='bbox 443 4153 510 4222; x_wconf 88' lang='lat' dir='ltr'>scit</span> <span class='ocrx_word' id='word_1_445' title='bbox 532 4154 637 4223; x_wconf 89' lang='lat' dir='ltr'>etiarn</span> <span class='ocrx_word' id='word_1_446' title='bbox 659 4165 804 4245; x_wconf 81' lang='lat' dir='ltr'>propter</span> <span class='ocrx_word' id='word_1_447' title='bbox 824 4155 1003 4246; x_wconf 85' lang='lat' dir='ltr'>publicam</span> <span class='ocrx_word' id='word_1_448' title='bbox 1019 4156 1208 4227; x_wconf 85' lang='lat' dir='ltr'>utilitatem</span> <span class='ocrx_word' id='word_1_449' title='bbox 1224 4179 1309 4226; x_wconf 88' lang='lat' dir='ltr'>con·</span> <span class='ocrx_word' id='word_1_450' title='bbox 1362 4172 1402 4229; x_wconf 88' lang='grc' dir='ltr'>ιιι</span> <span class='ocrx_word' id='word_1_451' title='bbox 1424 4157 1608 4226; x_wconf 81' lang='lat' dir='ltr'>Antonius</span> <span class='ocrx_word' id='word_1_452' title='bbox 1632 4177 1705 4225; x_wconf 93' lang='lat' dir='ltr'>non</span> <span class='ocrx_word' id='word_1_453' title='bbox 1730 4167 1916 4224; x_wconf 88' lang='lat' dir='ltr'>contentus</span> <span class='ocrx_word' id='word_1_454' title='bbox 1931 4165 1982 4224; x_wconf 88' lang='grc' dir='ltr'>ιιι</span> <span class='ocrx_word' id='word_1_455' title='bbox 2010 4152 2176 4222; x_wconf 86' lang='grc' dir='ltr'>ιοιίιιιιι</span> <span class='ocrx_word' id='word_1_456' title='bbox 2207 4151 2348 4242; x_wconf 87' lang='lat' dir='ltr'>imperii</span> 
     </span>
     <span class='ocr_line' id='line_1_35' title="bbox 316 4255 2351 4352; baseline -0.002 -26"><span class='ocrx_word' id='word_1_457' title='bbox 316 4256 482 4326; x_wconf 89' lang='lat' dir='ltr'>cordiam</span> <span class='ocrx_word' id='word_1_458' title='bbox 503 4257 672 4326; x_wconf 88' lang='lat' dir='ltr'>tuendam</span> <span class='ocrx_word' id='word_1_459' title='bbox 693 4280 786 4341; x_wconf 87' lang='lat' dir='ltr'>esse,</span> <span class='ocrx_word' id='word_1_460' title='bbox 819 4270 855 4328; x_wconf 89' lang='lat' dir='ltr'>et</span> <span class='ocrx_word' id='word_1_461' title='bbox 876 4281 957 4327; x_wconf 88' lang='lat' dir='ltr'>eum</span> <span class='ocrx_word' id='word_1_462' title='bbox 981 4280 1097 4347; x_wconf 86' lang='lat' dir='ltr'>regem</span> <span class='ocrx_word' id='word_1_463' title='bbox 1117 4258 1180 4352; x_wconf 89' lang='lat' dir='ltr'>qui</span> <span class='ocrx_word' id='word_1_464' title='bbox 1197 4282 1217 4328; x_wconf 91' lang='grc' dir='ltr'>ι</span> <span class='ocrx_word' id='word_1_465' title='bbox 1234 4255 1310 4327; x_wconf 86' lang='lat' dir='ltr'>Deo</span> <span class='ocrx_word' id='word_1_466' title='bbox 1362 4283 1444 4330; x_wconf 87' lang='lat' dir='ltr'>com</span> <span class='ocrx_word' id='word_1_467' title='bbox 1461 4255 1630 4342; x_wconf 87' lang='lat' dir='ltr'>Octavio,</span> <span class='ocrx_word' id='word_1_468' title='bbox 1655 4260 1715 4327; x_wconf 89' lang='lat' dir='ltr'>scd</span> <span class='ocrx_word' id='word_1_469' title='bbox 1732 4255 1829 4325; x_wconf 93' lang='lat' dir='ltr'>solus</span> <span class='ocrx_word' id='word_1_470' title='bbox 1843 4255 1918 4325; x_wconf 86' lang='lat' dir='ltr'>vult</span> <span class='ocrx_word' id='word_1_471' title='bbox 1933 4277 2080 4344; x_wconf 88' lang='lat' dir='ltr'>regnare</span> <span class='ocrx_word' id='word_1_472' title='bbox 2102 4275 2271 4344; x_wconf 87' lang='lat' dir='ltr'>oppresso</span> <span class='ocrx_word' id='word_1_473' title='bbox 2293 4275 2351 4322; x_wconf 90' lang='lat' dir='ltr'>so-</span> 
     </span>
     <span class='ocr_line' id='line_1_36' title="bbox 314 4355 2349 4446; baseline -0.002 -22"><span class='ocrx_word' id='word_1_474' title='bbox 314 4371 552 4442; x_wconf 83' lang='lat' dir='ltr'>rocatusest,</span> <span class='ocrx_word' id='word_1_475' title='bbox 577 4357 821 4430; x_wconf 85' lang='lat' dir='ltr'>adiuvandum</span> <span class='ocrx_word' id='word_1_476' title='bbox 836 4381 921 4433; x_wconf 89' lang='lat' dir='ltr'>esse.</span> <span class='ocrx_word' id='word_1_477' title='bbox 960 4355 1311 4446; x_wconf 76' lang='lat' dir='ltr'>Haslonatbaeyic-</span> <span class='ocrx_word' id='word_1_478' title='bbox 1363 4361 1436 4430; x_wconf 85' lang='lat' dir='ltr'>cio:</span> <span class='ocrx_word' id='word_1_479' title='bbox 1461 4373 1522 4431; x_wconf 84' lang='lat' dir='ltr'>aot</span> <span class='ocrx_word' id='word_1_480' title='bbox 1546 4372 1712 4429; x_wconf 87' lang='lat' dir='ltr'>moveant</span> <span class='ocrx_word' id='word_1_481' title='bbox 1732 4381 1807 4427; x_wconf 94' lang='lat' dir='ltr'>uon</span> <span class='ocrx_word' id='word_1_482' title='bbox 1837 4357 2051 4442; x_wconf 84' lang='lat' dir='ltr'>necessaria,</span> <span class='ocrx_word' id='word_1_483' title='bbox 2084 4355 2220 4426; x_wconf 88' lang='lat' dir='ltr'>etiamsi</span> <span class='ocrx_word' id='word_1_484' title='bbox 2243 4376 2349 4443; x_wconf 86' lang='lat' dir='ltr'>supe·</span> 
     </span>
     <span class='ocr_line' id='line_1_37' title="bbox 313 4458 2351 4552; baseline -0.003 -21"><span class='ocrx_word' id='word_1_485' title='bbox 313 4473 414 4532; x_wconf 84' lang='lat' dir='ltr'>tutes</span> <span class='ocrx_word' id='word_1_486' title='bbox 430 4459 621 4548; x_wconf 86' lang='lat' dir='ltr'>diligenter</span> <span class='ocrx_word' id='word_1_487' title='bbox 634 4461 919 4542; x_wconf 83' lang='lat' dir='ltr'>consideremus,</span> <span class='ocrx_word' id='word_1_488' title='bbox 947 4475 1136 4532; x_wconf 88' lang='lat' dir='ltr'>etnostros</span> <span class='ocrx_word' id='word_1_489' title='bbox 1150 4463 1312 4552; x_wconf 86' lang='lat' dir='ltr'>impetus,</span> <span class='ocrx_word' id='word_1_490' title='bbox 1363 4462 1475 4532; x_wconf 83' lang='lat' dir='ltr'>riores</span> <span class='ocrx_word' id='word_1_491' title='bbox 1515 4463 1718 4530; x_wconf 85' lang='lat' dir='ltr'>vocationes</span> <span class='ocrx_word' id='word_1_492' title='bbox 1750 4481 1825 4528; x_wconf 92' lang='lat' dir='ltr'>uon</span> <span class='ocrx_word' id='word_1_493' title='bbox 1868 4458 2035 4526; x_wconf 87' lang='lat' dir='ltr'>videntur</span> <span class='ocrx_word' id='word_1_494' title='bbox 2076 4471 2271 4547; x_wconf 83' lang='lat' dir='ltr'>appetere,</span> <span class='ocrx_word' id='word_1_495' title='bbox 2310 4465 2351 4524; x_wconf 92' lang='grc' dir='ltr'>ιιι</span> 
     </span>
     <span class='ocr_line' id='line_1_38' title="bbox 314 4555 2345 4655; baseline -0.004 -23"><span class='ocrx_word' id='word_1_496' title='bbox 314 4563 347 4632; x_wconf 86' lang='grc' dir='ltr'>ιί</span> <span class='ocrx_word' id='word_1_497' title='bbox 372 4563 523 4655; x_wconf 87' lang='lat' dir='ltr'>quando</span> <span class='ocrx_word' id='word_1_498' title='bbox 547 4561 827 4632; x_wconf 87' lang='lat' dir='ltr'>aemulationum</span> <span class='ocrx_word' id='word_1_499' title='bbox 854 4562 988 4633; x_wconf 84' lang='lat' dir='ltr'>semine</span> <span class='ocrx_word' id='word_1_500' title='bbox 1021 4564 1109 4634; x_wconf 91' lang='lat' dir='ltr'>oriri</span> <span class='ocrx_word' id='word_1_501' title='bbox 1138 4564 1312 4645; x_wconf 80' lang='lat' dir='ltr'>videmus,</span> <span class='ocrx_word' id='word_1_502' title='bbox 1363 4562 1404 4636; x_wconf 85' lang='lat' dir='ltr'>C.</span> <span class='ocrx_word' id='word_1_503' title='bbox 1429 4557 1757 4633; x_wconf 86' lang='lat' dir='ltr'>Gracchus&#39;multis</span> <span class='ocrx_word' id='word_1_504' title='bbox 1790 4560 1893 4630; x_wconf 88' lang='lat' dir='ltr'>novis</span> <span class='ocrx_word' id='word_1_505' title='bbox 1914 4559 2049 4647; x_wconf 87' lang='lat' dir='ltr'>legibus</span> <span class='ocrx_word' id='word_1_506' title='bbox 2076 4557 2156 4627; x_wconf 91' lang='lat' dir='ltr'>latis</span> <span class='ocrx_word' id='word_1_507' title='bbox 2179 4555 2345 4625; x_wconf 88' lang='lat' dir='ltr'>turbabat</span> 
     </span>
     <span class='ocr_line' id='line_1_39' title="bbox 313 4655 2349 4758; baseline -0.004 -25"><span class='ocrx_word' id='word_1_508' title='bbox 313 4663 454 4734; x_wconf 84' lang='lat' dir='ltr'>timore</span> <span class='ocrx_word' id='word_1_509' title='bbox 470 4677 505 4737; x_wconf 87' lang='lat' dir='ltr'>et</span> <span class='ocrx_word' id='word_1_510' title='bbox 519 4663 745 4735; x_wconf 84' lang='lat' dir='ltr'>invocatione</span> <span class='ocrx_word' id='word_1_511' title='bbox 757 4661 826 4735; x_wconf 90' lang='lat' dir='ltr'>Dei</span> <span class='ocrx_word' id='word_1_512' title='bbox 840 4664 1087 4758; x_wconf 83' lang='lat' dir='ltr'>reprimamus.</span> <span class='ocrx_word' id='word_1_513' title='bbox 1137 4663 1189 4736; x_wconf 89' lang='lat' dir='ltr'>lta</span> <span class='ocrx_word' id='word_1_514' title='bbox 1205 4658 1311 4735; x_wconf 89' lang='lat' dir='ltr'>Chri·</span> <span class='ocrx_word' id='word_1_515' title='bbox 1363 4664 1556 4756; x_wconf 87' lang='lat' dir='ltr'>Rempubl.</span> <span class='ocrx_word' id='word_1_516' title='bbox 1577 4661 1741 4753; x_wconf 85' lang='lat' dir='ltr'>Agraria,</span> <span class='ocrx_word' id='word_1_517' title='bbox 1766 4661 1944 4740; x_wconf 88' lang='lat' dir='ltr'>iudiciali,</span> <span class='ocrx_word' id='word_1_518' title='bbox 1971 4674 2005 4730; x_wconf 93' lang='grc' dir='ltr'>ιι</span> <span class='ocrx_word' id='word_1_519' title='bbox 2025 4657 2115 4727; x_wconf 87' lang='lat' dir='ltr'>aliis.</span> <span class='ocrx_word' id='word_1_520' title='bbox 2164 4655 2227 4726; x_wconf 88' lang='lat' dir='ltr'>Est</span> <span class='ocrx_word' id='word_1_521' title='bbox 2252 4656 2349 4726; x_wconf 88' lang='lat' dir='ltr'>enim</span> 
     </span>
     <span class='ocr_line' id='line_1_40' title="bbox 317 4761 2349 4859; baseline -0.003 -26"><span class='ocrx_word' id='word_1_522' title='bbox 317 4777 396 4834; x_wconf 90' lang='lat' dir='ltr'>stus</span> <span class='ocrx_word' id='word_1_523' title='bbox 412 4778 556 4836; x_wconf 81' lang='lat' dir='ltr'>revocat</span> <span class='ocrx_word' id='word_1_524' title='bbox 571 4764 717 4838; x_wconf 84' lang='lat' dir='ltr'>Petrum</span> <span class='ocrx_word' id='word_1_525' title='bbox 739 4768 785 4837; x_wconf 88' lang='lat' dir='ltr'>ed</span> <span class='ocrx_word' id='word_1_526' title='bbox 806 4767 1125 4840; x_wconf 85' lang='lat' dir='ltr'>considerationem</span> <span class='ocrx_word' id='word_1_527' title='bbox 1147 4765 1313 4859; x_wconf 86' lang='lat' dir='ltr'>propriae</span> <span class='ocrx_word' id='word_1_528' title='bbox 1364 4768 1491 4839; x_wconf 85' lang='lat' dir='ltr'>vitiosa</span> <span class='ocrx_word' id='word_1_529' title='bbox 1514 4765 1679 4850; x_wconf 87' lang='lat' dir='ltr'>ambitio,</span> <span class='ocrx_word' id='word_1_530' title='bbox 1709 4763 1883 4852; x_wconf 89' lang='lat' dir='ltr'>cupiditas</span> <span class='ocrx_word' id='word_1_531' title='bbox 1906 4761 2058 4851; x_wconf 88' lang='lat' dir='ltr'>gloriae,</span> <span class='ocrx_word' id='word_1_532' title='bbox 2084 4779 2174 4852; x_wconf 90' lang='lat' dir='ltr'>quse</span> <span class='ocrx_word' id='word_1_533' title='bbox 2197 4781 2270 4826; x_wconf 92' lang='lat' dir='ltr'>non</span> <span class='ocrx_word' id='word_1_534' title='bbox 2286 4781 2349 4848; x_wconf 91' lang='lat' dir='ltr'>ap-</span> 
     </span>
     <span class='ocr_line' id='line_1_41' title="bbox 320 4859 2351 4962; baseline -0.001 -30"><span class='ocrx_word' id='word_1_535' title='bbox 320 4867 537 4938; x_wconf 77' lang='lat' dir='ltr'>aocationis:</span> <span class='ocrx_word' id='word_1_536' title='bbox 565 4865 625 4939; x_wconf 89' lang='lat' dir='ltr'>To</span> <span class='ocrx_word' id='word_1_537' title='bbox 639 4893 695 4938; x_wconf 88' lang='lat' dir='ltr'>me</span> <span class='ocrx_word' id='word_1_538' title='bbox 709 4892 856 4962; x_wconf 87' lang='lat' dir='ltr'>sequere</span> <span class='ocrx_word' id='word_1_539' title='bbox 871 4882 1075 4956; x_wconf 84' lang='lat' dir='ltr'>vocantem,</span> <span class='ocrx_word' id='word_1_540' title='bbox 1099 4881 1312 4939; x_wconf 82' lang='lat' dir='ltr'>neccarum</span> <span class='ocrx_word' id='word_1_541' title='bbox 1364 4870 1498 4962; x_wconf 87' lang='lat' dir='ltr'>petitur</span> <span class='ocrx_word' id='word_1_542' title='bbox 1517 4869 1663 4952; x_wconf 90' lang='lat' dir='ltr'>ordine,</span> <span class='ocrx_word' id='word_1_543' title='bbox 1695 4889 1777 4935; x_wconf 91' lang='lat' dir='ltr'>cum</span> <span class='ocrx_word' id='word_1_544' title='bbox 1806 4863 1969 4933; x_wconf 87' lang='lat' dir='ltr'>videlicet</span> <span class='ocrx_word' id='word_1_545' title='bbox 1997 4861 2181 4952; x_wconf 85' lang='lat' dir='ltr'>quaeritur</span> <span class='ocrx_word' id='word_1_546' title='bbox 2203 4859 2351 4950; x_wconf 89' lang='lat' dir='ltr'>applan-</span> 
     </span>
     <span class='ocr_line' id='line_1_42' title="bbox 321 4958 2350 5066; baseline -0.004 -29"><span class='ocrx_word' id='word_1_547' title='bbox 321 4969 563 5040; x_wconf 85' lang='lat' dir='ltr'>aemulatione</span> <span class='ocrx_word' id='word_1_548' title='bbox 589 4984 651 5041; x_wconf 90' lang='lat' dir='ltr'>aut</span> <span class='ocrx_word' id='word_1_549' title='bbox 681 4971 795 5042; x_wconf 76' lang='lat' dir='ltr'>livore</span> <span class='ocrx_word' id='word_1_550' title='bbox 829 4993 910 5042; x_wconf 87' lang='lat' dir='ltr'>curn</span> <span class='ocrx_word' id='word_1_551' title='bbox 939 4970 1029 5062; x_wconf 89' lang='lat' dir='ltr'>alio,</span> <span class='ocrx_word' id='word_1_552' title='bbox 1061 4971 1093 5042; x_wconf 89' lang='lat' dir='ltr'>si</span> <span class='ocrx_word' id='word_1_553' title='bbox 1116 4993 1222 5066; x_wconf 89' lang='lat' dir='ltr'>quem</span> <span class='ocrx_word' id='word_1_554' title='bbox 1246 4970 1312 5042; x_wconf 90' lang='lat' dir='ltr'>tibi</span> <span class='ocrx_word' id='word_1_555' title='bbox 1364 4995 1424 5043; x_wconf 89' lang='lat' dir='ltr'>sos</span> <span class='ocrx_word' id='word_1_556' title='bbox 1446 4971 1770 5063; x_wconf 87' lang='lat' dir='ltr'>qualiumcunque,</span> <span class='ocrx_word' id='word_1_557' title='bbox 1795 4965 1938 5034; x_wconf 84' lang='lat' dir='ltr'>tentatis</span> <span class='ocrx_word' id='word_1_558' title='bbox 1954 4963 2153 5034; x_wconf 87' lang='lat' dir='ltr'>actionibus</span> <span class='ocrx_word' id='word_1_559' title='bbox 2168 4985 2273 5052; x_wconf 86' lang='lat' dir='ltr'>supra</span> <span class='ocrx_word' id='word_1_560' title='bbox 2297 4958 2350 5028; x_wconf 88' lang='lat' dir='ltr'>vi-</span> 
     </span>
     <span class='ocr_line' id='line_1_43' title="bbox 320 5062 2353 5162; baseline -0.006 -21"><span class='ocrx_word' id='word_1_561' title='bbox 320 5093 553 5162; x_wconf 84' lang='lat' dir='ltr'>pcaecurrere</span> <span class='ocrx_word' id='word_1_562' title='bbox 577 5073 773 5159; x_wconf 80' lang='lat' dir='ltr'>existimas,</span> <span class='ocrx_word' id='word_1_563' title='bbox 798 5085 863 5144; x_wconf 86' lang='grc' dir='ltr'>ιιι.</span> <span class='ocrx_word' id='word_1_564' title='bbox 923 5070 1089 5144; x_wconf 80' lang='grc' dir='ltr'>Τιιιίιιιιι</span> <span class='ocrx_word' id='word_1_565' title='bbox 1113 5075 1313 5142; x_wconf 89' lang='lat' dir='ltr'>membrum</span> <span class='ocrx_word' id='word_1_566' title='bbox 1363 5096 1419 5143; x_wconf 86' lang='lat' dir='ltr'>res</span> <span class='ocrx_word' id='word_1_567' title='bbox 1434 5085 1496 5143; x_wconf 87' lang='lat' dir='ltr'>aot</span> <span class='ocrx_word' id='word_1_568' title='bbox 1510 5085 1606 5143; x_wconf 83' lang='lat' dir='ltr'>extra</span> <span class='ocrx_word' id='word_1_569' title='bbox 1622 5067 1862 5151; x_wconf 86' lang='lat' dir='ltr'>vocationem,</span> <span class='ocrx_word' id='word_1_570' title='bbox 1885 5065 2011 5136; x_wconf 86' lang='lat' dir='ltr'>fiducia</span> <span class='ocrx_word' id='word_1_571' title='bbox 2032 5062 2196 5158; x_wconf 88' lang='lat' dir='ltr'>propriae</span> <span class='ocrx_word' id='word_1_572' title='bbox 2212 5062 2353 5155; x_wconf 56' lang='lat' dir='ltr'>sapien,-</span> 
     </span>
     <span class='ocr_line' id='line_1_44' title="bbox 316 5161 2350 5269; baseline -0.007 -25"><span class='ocrx_word' id='word_1_573' title='bbox 316 5187 375 5244; x_wconf 80' lang='lat' dir='ltr'>est</span> <span class='ocrx_word' id='word_1_574' title='bbox 392 5173 440 5242; x_wconf 90' lang='lat' dir='ltr'>de</span> <span class='ocrx_word' id='word_1_575' title='bbox 455 5197 565 5266; x_wconf 87' lang='lat' dir='ltr'>prava</span> <span class='ocrx_word' id='word_1_576' title='bbox 585 5173 804 5260; x_wconf 89' lang='lat' dir='ltr'>imitatione,</span> <span class='ocrx_word' id='word_1_577' title='bbox 827 5169 1030 5269; x_wconf 74' lang='grc' dir='ltr'><strong><em>κακοζηλίᾳ</em></strong></span> <span class='ocrx_word' id='word_1_578' title='bbox 1049 5187 1084 5245; x_wconf 88' lang='grc' dir='ltr'>ιι</span> <span class='ocrx_word' id='word_1_579' title='bbox 1104 5173 1313 5245; x_wconf 78' lang='lat' dir='ltr'>confusione</span> <span class='ocrx_word' id='word_1_580' title='bbox 1367 5176 1463 5259; x_wconf 88' lang='lat' dir='ltr'>tiae,</span> <span class='ocrx_word' id='word_1_581' title='bbox 1489 5186 1550 5244; x_wconf 91' lang='lat' dir='ltr'>aut</span> <span class='ocrx_word' id='word_1_582' title='bbox 1571 5195 1714 5243; x_wconf 90' lang='lat' dir='ltr'>suarum</span> <span class='ocrx_word' id='word_1_583' title='bbox 1737 5169 1879 5238; x_wconf 90' lang='lat' dir='ltr'>virium.</span> <span class='ocrx_word' id='word_1_584' title='bbox 1933 5163 2036 5236; x_wconf 89' lang='lat' dir='ltr'>Hanc</span> <span class='ocrx_word' id='word_1_585' title='bbox 2054 5166 2214 5269; x_wconf 81' lang='lat' dir='ltr'>vitiosam</span> <span class='ocrx_word' id='word_1_586' title='bbox 2235 5161 2350 5232; x_wconf 89' lang='lat' dir='ltr'>ambi-</span> 
     </span>
     <span class='ocr_line' id='line_1_45' title="bbox 317 5263 2351 5369; baseline -0.005 -26"><span class='ocrx_word' id='word_1_587' title='bbox 317 5273 592 5361; x_wconf 83' lang='lat' dir='ltr'>rninistrornnt,</span> <span class='ocrx_word' id='word_1_588' title='bbox 617 5277 786 5348; x_wconf 86' lang='lat' dir='ltr'>viderunt</span> <span class='ocrx_word' id='word_1_589' title='bbox 805 5277 911 5348; x_wconf 89' lang='lat' dir='ltr'>multi</span> <span class='ocrx_word' id='word_1_590' title='bbox 934 5276 1091 5369; x_wconf 82' lang='lat' dir='ltr'>exempla</span> <span class='ocrx_word' id='word_1_591' title='bbox 1113 5270 1313 5366; x_wconf 87' lang='lat' dir='ltr'>Propheta·</span> <span class='ocrx_word' id='word_1_592' title='bbox 1366 5276 1500 5347; x_wconf 86' lang='lat' dir='ltr'>tionem</span> <span class='ocrx_word' id='word_1_593' title='bbox 1530 5297 1633 5365; x_wconf 88' lang='lat' dir='ltr'>saepe</span> <span class='ocrx_word' id='word_1_594' title='bbox 1673 5273 1818 5342; x_wconf 86' lang='lat' dir='ltr'>damnat</span> <span class='ocrx_word' id='word_1_595' title='bbox 1846 5267 2003 5362; x_wconf 86' lang='lat' dir='ltr'>Spiritus</span> <span class='ocrx_word' id='word_1_596' title='bbox 2036 5278 2195 5352; x_wconf 86' lang='lat' dir='ltr'>sanctus,</span> <span class='ocrx_word' id='word_1_597' title='bbox 2234 5276 2275 5335; x_wconf 88' lang='lat' dir='ltr'>ut</span> <span class='ocrx_word' id='word_1_598' title='bbox 2305 5263 2351 5332; x_wconf 87' lang='lat' dir='ltr'>ad</span> 
     </span>
     <span class='ocr_line' id='line_1_46' title="bbox 326 5359 2351 5471; baseline -0.007 -23"><span class='ocrx_word' id='word_1_599' title='bbox 326 5399 430 5458; x_wconf 82' lang='lat' dir='ltr'>rom,</span> <span class='ocrx_word' id='word_1_600' title='bbox 455 5378 518 5471; x_wconf 91' lang='lat' dir='ltr'>qui</span> <span class='ocrx_word' id='word_1_601' title='bbox 537 5379 687 5448; x_wconf 89' lang='lat' dir='ltr'>diversis</span> <span class='ocrx_word' id='word_1_602' title='bbox 707 5378 796 5450; x_wconf 90' lang='lat' dir='ltr'>locis</span> <span class='ocrx_word' id='word_1_603' title='bbox 819 5379 1117 5450; x_wconf 83' lang='lat' dir='ltr'>sacrificaverunt.</span> <span class='ocrx_word' id='word_1_604' title='bbox 1169 5374 1210 5446; x_wconf 89' lang='lat' dir='ltr'>ld</span> <span class='ocrx_word' id='word_1_605' title='bbox 1233 5377 1312 5446; x_wconf 91' lang='lat' dir='ltr'>imi·</span> <span class='ocrx_word' id='word_1_606' title='bbox 1366 5375 1473 5451; x_wconf 87' lang='lat' dir='ltr'>Rom.</span> <span class='ocrx_word' id='word_1_607' title='bbox 1492 5379 1567 5449; x_wconf 68' lang='lat'>122:</span> <span class='ocrx_word' id='word_1_608' title='bbox 1608 5374 1923 5464; x_wconf 88' lang='lat' dir='ltr'>Dicoantcmpec</span> <span class='ocrx_word' id='word_1_609' title='bbox 1947 5370 2116 5461; x_wconf 85' lang='lat' dir='ltr'>gratiam,</span> <span class='ocrx_word' id='word_1_610' title='bbox 2149 5359 2351 5462; x_wconf 87' lang='lat' dir='ltr'>quaemihi</span> 
     </span>
     <span class='ocr_line' id='line_1_47' title="bbox 327 5471 2351 5576; baseline -0.005 -30"><span class='ocrx_word' id='word_1_611' title='bbox 327 5477 390 5550; x_wconf 85' lang='lat' dir='ltr'>tati</span> <span class='ocrx_word' id='word_1_612' title='bbox 410 5495 497 5550; x_wconf 88' lang='lat' dir='ltr'>suot</span> <span class='ocrx_word' id='word_1_613' title='bbox 517 5494 639 5550; x_wconf 88' lang='lat' dir='ltr'>contra</span> <span class='ocrx_word' id='word_1_614' title='bbox 662 5481 846 5576; x_wconf 81' lang='lat' dir='ltr'>regulam,</span> <span class='ocrx_word' id='word_1_615' title='bbox 872 5494 908 5551; x_wconf 90' lang='grc' dir='ltr'>ιι</span> <span class='ocrx_word' id='word_1_616' title='bbox 930 5481 1103 5572; x_wconf 89' lang='lat' dir='ltr'>potabant</span> <span class='ocrx_word' id='word_1_617' title='bbox 1125 5500 1161 5548; x_wconf 92' lang='lat' dir='ltr'>se</span> <span class='ocrx_word' id='word_1_618' title='bbox 1177 5480 1314 5550; x_wconf 89' lang='lat' dir='ltr'>cultum</span> <span class='ocrx_word' id='word_1_619' title='bbox 1367 5481 1449 5548; x_wconf 88' lang='lat' dir='ltr'>data</span> <span class='ocrx_word' id='word_1_620' title='bbox 1474 5491 1545 5559; x_wconf 89' lang='grc' dir='ltr'>ιιι,</span> <span class='ocrx_word' id='word_1_621' title='bbox 1571 5475 1758 5560; x_wconf 88' lang='lat' dir='ltr'>omuibus,</span> <span class='ocrx_word' id='word_1_622' title='bbox 1785 5471 1847 5567; x_wconf 88' lang='lat' dir='ltr'>qui</span> <span class='ocrx_word' id='word_1_623' title='bbox 1872 5484 1955 5544; x_wconf 91' lang='lat' dir='ltr'>sunt</span> <span class='ocrx_word' id='word_1_624' title='bbox 1976 5471 2172 5555; x_wconf 87' lang='lat' dir='ltr'>intervos,</span> <span class='ocrx_word' id='word_1_625' title='bbox 2205 5491 2250 5538; x_wconf 90' lang='lat' dir='ltr'>ne</span> <span class='ocrx_word' id='word_1_626' title='bbox 2270 5489 2351 5536; x_wconf 87' lang='lat' dir='ltr'>sen·</span> 
     </span>
     <span class='ocr_line' id='line_1_48' title="bbox 327 5567 2353 5676; baseline -0.007 -27"><span class='ocrx_word' id='word_1_627' title='bbox 327 5573 403 5650; x_wconf 83' lang='lat' dir='ltr'>Deo</span> <span class='ocrx_word' id='word_1_628' title='bbox 419 5580 633 5670; x_wconf 80' lang='lat' dir='ltr'>singularem</span> <span class='ocrx_word' id='word_1_629' title='bbox 650 5595 843 5674; x_wconf 82' lang='lat' dir='ltr'>praestare,</span> <span class='ocrx_word' id='word_1_630' title='bbox 868 5581 952 5676; x_wconf 88' lang='lat' dir='ltr'>quia</span> <span class='ocrx_word' id='word_1_631' title='bbox 968 5577 1167 5672; x_wconf 84' lang='lat' dir='ltr'>Prophetae</span> <span class='ocrx_word' id='word_1_632' title='bbox 1189 5580 1238 5650; x_wconf 89' lang='lat' dir='ltr'>ita</span> <span class='ocrx_word' id='word_1_633' title='bbox 1260 5601 1315 5650; x_wconf 87' lang='lat' dir='ltr'>sa·</span> <span class='ocrx_word' id='word_1_634' title='bbox 1367 5581 1458 5652; x_wconf 82' lang='lat' dir='ltr'>tiam</span> <span class='ocrx_word' id='word_1_635' title='bbox 1477 5580 1521 5648; x_wconf 88' lang='lat' dir='ltr'>de</span> <span class='ocrx_word' id='word_1_636' title='bbox 1541 5602 1577 5649; x_wconf 89' lang='grc' dir='ltr'>ιι</span> <span class='ocrx_word' id='word_1_637' title='bbox 1598 5600 1704 5669; x_wconf 86' lang='lat' dir='ltr'>supra</span> <span class='ocrx_word' id='word_1_638' title='bbox 1729 5599 1835 5670; x_wconf 89' lang='lat' dir='ltr'>quam</span> <span class='ocrx_word' id='word_1_639' title='bbox 1861 5588 2020 5667; x_wconf 88' lang='lat' dir='ltr'>oportet,</span> <span class='ocrx_word' id='word_1_640' title='bbox 2050 5573 2110 5642; x_wconf 87' lang='lat' dir='ltr'>sed</span> <span class='ocrx_word' id='word_1_641' title='bbox 2136 5570 2288 5642; x_wconf 84' lang='lat' dir='ltr'>sentiant</span> <span class='ocrx_word' id='word_1_642' title='bbox 2307 5567 2353 5636; x_wconf 92' lang='lat' dir='ltr'>de</span> 
     </span>
     <span class='ocr_line' id='line_1_49' title="bbox 329 5671 2353 5771; baseline -0.007 -20"><span class='ocrx_word' id='word_1_643' title='bbox 329 5681 587 5769; x_wconf 79' lang='lat' dir='ltr'>uibcaverant,</span> <span class='ocrx_word' id='word_1_644' title='bbox 616 5687 679 5756; x_wconf 87' lang='lat' dir='ltr'>sed</span> <span class='ocrx_word' id='word_1_645' title='bbox 701 5684 856 5757; x_wconf 87' lang='lat' dir='ltr'>imitatio</span> <span class='ocrx_word' id='word_1_646' title='bbox 878 5695 953 5754; x_wconf 88' lang='lat' dir='ltr'>erat</span> <span class='ocrx_word' id='word_1_647' title='bbox 971 5685 1120 5754; x_wconf 87' lang='lat' dir='ltr'>umbrae</span> <span class='ocrx_word' id='word_1_648' title='bbox 1141 5695 1319 5766; x_wconf 79' lang='lat' dir='ltr'>externae,</span> <span class='ocrx_word' id='word_1_649' title='bbox 1367 5705 1405 5751; x_wconf 86' lang='lat' dir='ltr'>se</span> <span class='ocrx_word' id='word_1_650' title='bbox 1421 5680 1600 5765; x_wconf 86' lang='lat' dir='ltr'>modeste,</span> <span class='ocrx_word' id='word_1_651' title='bbox 1625 5693 1664 5750; x_wconf 92' lang='lat' dir='ltr'>ut</span> <span class='ocrx_word' id='word_1_652' title='bbox 1686 5679 1812 5771; x_wconf 88' lang='lat' dir='ltr'>cuique</span> <span class='ocrx_word' id='word_1_653' title='bbox 1832 5675 2015 5748; x_wconf 87' lang='lat' dir='ltr'>distribuit</span> <span class='ocrx_word' id='word_1_654' title='bbox 2029 5671 2126 5746; x_wconf 86' lang='lat' dir='ltr'>Deus</span> <span class='ocrx_word' id='word_1_655' title='bbox 2150 5691 2353 5742; x_wconf 84' lang='lat' dir='ltr'>mansuram</span> 
     </span>
     <span class='ocr_line' id='line_1_50' title="bbox 329 5767 2353 5879; baseline -0.005 -30"><span class='ocrx_word' id='word_1_656' title='bbox 329 5795 359 5852; x_wconf 84' lang='grc' dir='ltr'>ιι</span> <span class='ocrx_word' id='word_1_657' title='bbox 373 5805 450 5855; x_wconf 93' lang='lat' dir='ltr'>non</span> <span class='ocrx_word' id='word_1_658' title='bbox 466 5780 665 5876; x_wconf 88' lang='lat' dir='ltr'>prophetici</span> <span class='ocrx_word' id='word_1_659' title='bbox 678 5786 836 5879; x_wconf 83' lang='lat' dir='ltr'>spiritus.</span> <span class='ocrx_word' id='word_1_660' title='bbox 887 5783 941 5856; x_wconf 90' lang='lat' dir='ltr'>lta</span> <span class='ocrx_word' id='word_1_661' title='bbox 954 5783 1124 5856; x_wconf 84' lang='lat' dir='ltr'>omuibus</span> <span class='ocrx_word' id='word_1_662' title='bbox 1146 5784 1318 5877; x_wconf 88' lang='lat' dir='ltr'>tempori·</span> <span class='ocrx_word' id='word_1_663' title='bbox 1368 5781 1462 5853; x_wconf 82' lang='lat' dir='ltr'>fidei.</span> <span class='ocrx_word' id='word_1_664' title='bbox 1512 5777 1562 5851; x_wconf 85' lang='lat' dir='ltr'>Et</span> <span class='ocrx_word' id='word_1_665' title='bbox 1575 5783 1618 5852; x_wconf 92' lang='lat' dir='ltr'>ad</span> <span class='ocrx_word' id='word_1_666' title='bbox 1638 5777 1754 5852; x_wconf 85' lang='lat' dir='ltr'>Galat.</span> <span class='ocrx_word' id='word_1_667' title='bbox 1772 5778 1824 5849; x_wconf 86' lang='lat'>6.:</span> <span class='ocrx_word' id='word_1_668' title='bbox 1858 5776 1897 5849; x_wconf 81' lang='lat' dir='ltr'>st</span> <span class='ocrx_word' id='word_1_669' title='bbox 1922 5776 2002 5870; x_wconf 88' lang='lat' dir='ltr'>quis</span> <span class='ocrx_word' id='word_1_670' title='bbox 2017 5789 2134 5867; x_wconf 90' lang='lat' dir='ltr'>putat,</span> <span class='ocrx_word' id='word_1_671' title='bbox 2157 5794 2194 5844; x_wconf 88' lang='grc' dir='ltr'>ιι</span> <span class='ocrx_word' id='word_1_672' title='bbox 2217 5767 2353 5864; x_wconf 88' lang='lat' dir='ltr'>aliquid</span> 
     </span>
     <span class='ocr_line' id='line_1_51' title="bbox 330 5877 2100 5981; baseline -0.002 -29"><span class='ocrx_word' id='word_1_673' title='bbox 330 5879 394 5954; x_wconf 85' lang='lat' dir='ltr'>bns</span> <span class='ocrx_word' id='word_1_674' title='bbox 426 5885 534 5957; x_wconf 85' lang='lat' dir='ltr'>multi</span> <span class='ocrx_word' id='word_1_675' title='bbox 561 5902 752 5980; x_wconf 83' lang='lat' dir='ltr'>peccarunt</span> <span class='ocrx_word' id='word_1_676' title='bbox 782 5887 822 5958; x_wconf 91' lang='lat' dir='ltr'>in</span> <span class='ocrx_word' id='word_1_677' title='bbox 843 5885 1021 5970; x_wconf 83' lang='lat' dir='ltr'>Ecclesia,</span> <span class='ocrx_word' id='word_1_678' title='bbox 1061 5909 1172 5981; x_wconf 84' lang='lat' dir='ltr'>prave</span> <span class='ocrx_word' id='word_1_679' title='bbox 1199 5885 1318 5958; x_wconf 90' lang='lat' dir='ltr'>imita·</span> <span class='ocrx_word' id='word_1_680' title='bbox 1371 5905 1464 5966; x_wconf 84' lang='lat' dir='ltr'>csse,</span> <span class='ocrx_word' id='word_1_681' title='bbox 1490 5905 1572 5954; x_wconf 84' lang='lat' dir='ltr'>cum</span> <span class='ocrx_word' id='word_1_682' title='bbox 1588 5879 1680 5954; x_wconf 87' lang='lat' dir='ltr'>nibil</span> <span class='ocrx_word' id='word_1_683' title='bbox 1698 5881 1763 5964; x_wconf 87' lang='lat' dir='ltr'>sit,</span> <span class='ocrx_word' id='word_1_684' title='bbox 1789 5879 1942 5970; x_wconf 85' lang='lat' dir='ltr'>seipsum</span> <span class='ocrx_word' id='word_1_685' title='bbox 1960 5877 2100 5968; x_wconf 83' lang='lat' dir='ltr'>decipit.</span> 
     </span>
    </p>
   </div>
   <div class='ocr_carea' id='block_1_3' title="bbox 1760 5977 1844 6058">
    <p class='ocr_par' dir='ltr' id='par_1_3' title="bbox 1760 5977 1844 6058">
     <span class='ocr_line' id='line_1_52' title="bbox 1760 5977 1844 6058; baseline -0.048 0"><span class='ocrx_word' id='word_1_686' title='bbox 1760 5977 1844 6058; x_wconf 67' lang='lat'>28·</span> 
     </span>
    </p>
   </div>
   <div class='ocr_carea' id='block_1_4' title="bbox 0 0 2918 6950">
    <p class='ocr_par' dir='ltr' id='par_1_4' title="bbox 0 0 2918 6950">
     <span class='ocr_line' id='line_1_53' title="bbox 0 0 2918 6950; baseline 0 7"><span class='ocrx_word' id='word_1_687' title='bbox 0 0 2918 6950; x_wconf 95' lang='lat' dir='ltr'> </span> 
     </span>
    </p>
   </div>
  </div>
 </body>
</html>
