5825 6950
335 688 399 763 tta
604 684 704 761 lilll.
750 688 787 765 8.
818 685 1118 767 ENARRATlO
1144 686 1300 767 EPIST.
1324 678 1474 760 PAULI
1499 681 1572 757 AD
1594 680 1858 766 ROMANOS.
1907 691 2014 773 CAP.
2041 699 2105 775 Xl.

2292 714 2370 794 994

387 858 549 933 Primum
575 876 693 935 antem
716 856 775 931 bie
800 886 938 936 necesse
960 876 1011 933 est
1026 864 1218 953 diligenter
1235 886 1322 935 con·
1375 871 1436 942 out
1457 882 1503 927 επ
1526 859 1582 927 illi
1601 858 1719 948 potius
1736 857 1812 934 Deo
1836 866 2018 959 placeant,
2045 878 2110 970 qui
2125 884 2278 959 maxime
2293 891 2364 962 sso-

336 967 483 1033 rialerare
516 966 705 1037 discrimen
741 966 834 1035 inter
867 967 1027 1055 politiam
1059 966 1254 1037 Mosaicam
1289 982 1322 1042 et
1375 976 1455 1031 rent
1473 963 1629 1051 potentia
1647 978 1680 1033 et
1695 968 1913 1042 antecellunt
1930 978 2087 1053 caeteris,

335 1066 581 1157 promissiones
604 1070 647 1137 cle
665 1065 816 1151 Messio,
841 1070 973 1162 quilurs
995 1081 1135 1139 aeterna
1160 1067 1320 1139 Ecclesia
1476 1063 1608 1133 Contra
1626 1060 1710 1133 llaec
1725 1072 1920 1157 spectatula
1943 1098 2147 1166 praemonet
2168 1110 2234 1159 nos
2251 1086 2347 1165 Deua

333 1169 519 1257 colligam,
1373 1178 1406 1233 et
1423 1164 1580 1236 affirmat
1594 1163 1788 1237 Ecclesiam
1809 1174 1970 1261 exiguam
1992 1203 2085 1267 esse,
2119 1202 2154 1257 et
2175 1213 2252 1263 eam
2277 1148 2359 1265 tan:

427 1268 563 1339 Causae
586 1270 691 1339 etiam
719 1269 1009 1357 considerentur,
1050 1298 1114 1344 cur
1137 1274 1250 1345 deleta
1274 1274 1320 1345 sit
1374 1282 1448 1337 tum
1468 1291 1560 1353 esse,
1586 1292 1676 1361 quae
1693 1271 1932 1363 incorruptam
1956 1282 2155 1357 doctrinam
2170 1286 2359 1385 Evangelii

331 1372 451 1463 politia
487 1368 640 1444 ludaira.
1373 1370 1618 1460 amplectitur,
1642 1372 1780 1441 etiamsi
1796 1375 1864 1443 alia
1880 1403 1961 1466 pars
1976 1388 2116 1471 generis
2130 1377 2278 1465 humani
2291 1423 2357 1468 an-

426 1472 565 1558 Prima,
607 1487 646 1545 ut
671 1468 768 1543 Deus
798 1474 1120 1545 ostenderet-iram
1150 1478 1318 1549 adversus
1372 1472 2045 1563 tecellitpotentiaetmultitudineetc.
2093 1488 2181 1562 Vult
2199 1518 2265 1573 nos
2281 1525 2356 1571 non

330 1572 446 1648 hospes
471 1571 620 1648 christi,
1370 1574 1550 1643 discedere
1566 1599 1585 1645 a
1603 1576 1712 1673 verbo
1729 1572 1796 1645 llei
1814 1595 1929 1651 asotos
1952 1608 2014 1655 seu
2036 1591 2268 1667 multitudine
2292 1625 2357 1673 seu

428 1676 603 1759 Secunda,
619 1689 659 1747 ut
675 1676 875 1767 ostenderet
897 1677 1148 1763 promissiones
1163 1678 1317 1751 Messias
1371 1678 1530 1761 potentia
1556 1677 1730 1749 allorum:
1776 1680 1855 1751 ideo
1883 1680 1989 1757 Esaia
2020 1692 2054 1763 1.
2083 1694 2232 1769 dicitur:
2274 1700 2356 1775 Nisi

327 1779 574 1869 intelligendas
590 1802 673 1849 ,esse
689 1780 733 1845 cle
749 1778 863 1854 bouis¹
879 1780 1043 1851 aeternis.
1368 1775 1544 1847 Dominus
1566 1779 1765 1873 reliquisset
1791 1785 1896 1854 nobis
1918 1811 2061 1877 semen,
2086 1794 2176 1873 sicut
2196 1798 2354 1877 Sodoma

428 1880 573 1963 Tertia,
613 1894 652 1951 ut
676 1881 878 1951 ostenderet
903 1904 1010 1970 opera
1034 1881 1119 1972 legis
1143 1906 1216 1953 non
1241 1908 1315 1955 esse
1367 1878 1449 1949 laeli
1471 1906 1635 1952 essemus·

328 1982 511 2055 afflictam,
1468 1980 1593 2053 Esaiae
1618 1981 1695 2055 34.;
1739 1983 1787 2059 Ut
1810 2012 1890 2057 cum
1923 2015 2052 2081 paneae
2076 2023 2167 2071 uvae
2195 1976 2371 2101 reliquae·

422 2082 578 2174 Quarta,
622 2096 661 2155 ut
687 2084 928 2175 praerogativa
953 2086 1067 2175 gentis
1101 2084 1314 2159 lsraettcicae
1367 2096 1449 2153 sunt
1470 2086 1506 2153 iu
1529 2087 1783 2177 racenaatioue,
1811 2092 1862 2159 sic
1886 2110 1991 2167 erunt
2014 2098 2054 2167 in
2078 2116 2170 2175 terra
2192 2106 2352 2184 levantes

325 2187 519 2259 poneretur,
1369 2210 1491 2255 vocem
1510 2203 1543 2256 et
1569 2186 1751 2259 laudantes
1771 2189 1977 2271 Dominum.

424 2286 581 2377 Quinta,
614 2298 655 2357 ut
676 2287 805 2381 deletio
823 2286 908 2369 eius¹
925 2288 1070 2379 politiae
1088 2304 1235 2362 testetur
1250 2314 1312 2380 ap-
1465 2284 1592 2357 Esaiae
1612 2284 1691 2363 65.:
1725 2290 1771 2361 Ut
1794 2294 1832 2361 iu
1853 2299 1964 2366 sterili
1981 2298 2181 2392 vindemia,
2207 2311 2270 2381 ubi
2294 2313 2351 2385 iu-

325 2392 482 2483 paruisse
501 2384 688 2471 Messiam',
715 2389 796 2483 quia
821 2413 981 2479 expressa
1007 2394 1227 2482 praedictum
1245 2394 1313 2464 fuit
1366 2404 1470 2461 venta
1491 2392 1596 2460 luerit
1613 2417 1698 2471 uva,
1726 2395 1879 2479 dicetur,
1904 2396 2115 2476 Benedictio
2130 2405 2292 2487 Domini.

325 2492 492 2563 Messi-am
518 2490 556 2559 in
580 2492 735 2559 secundo
758 2490 889 2581 templo
916 2494 1207 2563 concionaturum
1229 2518 1312 2580 esse,
1465 2488 1683 2566 EtClrcistus
1698 2494 1830 2587 inquit:
1848 2496 1957 2569 Multi
1974 2509 2102 2589 vocati,
2118 2513 2222 2601 pauci
2237 2516 2351 2592 electi.

329 2608 566 2665 etveuturum
582 2605 696 2661 stante
719 2593 779 2661 illa
797 2593 932 2683 politia.
1364 2588 1410 2664 Et
1438 2607 1556 2665 tamen
1582 2589 1620 2662 lai
1653 2599 1754 2687 pauci
1785 2600 1887 2669 multi
1914 2619 2017 2689 sunt,
2055 2611 2148 2681 sicut
2172 2608 2241 2685 hoc
2271 2620 2350 2689 loco

423 2694 603 2765 Discernit
629 2695 736 2779 igitur
759 2693 890 2764 Paulus
913 2692 980 2765 hoc
1007 2694 1086 2766 loco
1109 2696 1310 2787 politiama
1364 2696 1581 2785 significatur
1611 2722 1652 2765 ex
1684 2699 1780 2767 dicto
1809 2706 1852 2769 ad
1884 2700 2023 2777 Etiam:
2073 2709 2222 2807 Reliqui
2259 2715 2351 2788 mihi

326 2798 534 2865 collectione
563 2792 760 2877 Ecclesiae,
797 2810 830 2866 et
853 2798 1016 2868 adfirmat
1039 2799 1310 2887 promissionem
1362 2812 1496 2888 septem
1513 2799 1758 2893 millia,qnae
1777 2826 1851 2872 non
1867 2807 2105 2883 adoraverunt
2121 2812 2220 2890 Baal.
2253 2816 2351 2893 Haec
2413 2824 2417 2828 ’

325 2898 519 2968 cleMessia
545 2892 661 2967 adhuc
684 2898 861 2985 pertinere
883 2904 925 2967 ad
951 2898 1145 2981 lsraelitas,
1173 2902 1309 2971 etiamsi
1362 2903 1555 2970 necessaria
1593 2904 1755 2972 doctrina
1791 2904 1828 2972 in
1863 2908 2041 2999 principio
2079 2910 2186 2987 liuius
2225 2922 2350 3014 capitis

323 3024 474 3091 regnum
498 2998 653 3069 deletum
678 3013 738 3072 est.
793 2996 862 3067 llic
878 3001 988 3091 igitur
1005 3002 1100 3072 inter
1117 3002 1238 3071 ruinas
1253 3027 1308 3072 re·
1362 3004 1617 3084 continentur,
1655 3006 1786 3074 scilicet
1807 3008 1853 3075 de
1874 3010 2081 3083 discrimine
2107 3020 2271 3108 politiae,
2300 3039 2351 3097 ,ει

321 3127 474 3192 gnorum
499 3122 638 3169 necesse
662 3114 716 3170 est
739 3100 847 3184 scire,
882 3116 1000 3171 tamen
1024 3100 1218 3173 Ecclesiam
1243 3103 1309 3173 Dei
1361 3105 1607 3195 promissionis
1638 3108 1811 3177 debonis
1839 3114 2014 3205 aeternis,
2056 3130 2090 3187 et
2113 3123 2158 3189 de
2180 3118 2350 3213 Ecclesia,

320 3226 526 3273 mansuram
545 3225 636 3283 esse,
663 3204 751 3271 sicut
768 3200 947 3273 Dominus
965 3206 1039 3295 ipse
1061 3205 1197 3297 inquit,
1223 3230 1310 3275 ven·
1361 3230 1451 3301 qnae
1475 3222 1510 3277 ει
1533 3209 1649 3301 qualis
1673 3210 1730 3280 sit.

322 3324 421 3379 turas
446 3328 519 3375 esse
549 3327 738 3395 regnorum
769 3306 1045 3385 destructiones,
1087 3310 1145 3375 sed
1175 3309 1307 3378 interea

321 3434 357 3480 εε
369 3404 562 3480 Ecclesiam
580 3419 799 3477 servaturum
814 3430 907 3488 esse,
934 3409 1021 3478 sicut
1039 3408 1172 3500 iuquit:

425 3509 513 3580 Ecce
537 3533 600 3598 ego
626 3511 807 3580 vobiscum
831 3533 908 3580 sum
938 3535 1049 3604 usque
1073 3515 1117 3582 ad
1141 3533 1308 3583 consum-

323 3614 518 3684 mationem
541 3613 660 3684 seculi.

425 3711 529 3784 ltem:
557 3712 618 3782 lsti
640 3712 715 3782 dies
740 3713 1045 3785 abbreviabuntur
1069 3727 1216 3808 propter
1236 3715 1308 3786 ele-

321 3832 406 3890 ctos.

420 3915 527 3988 ltem:
554 3913 632 3986 Erit
648 3916 739 3985 sicut
756 3916 791 3984 iu
811 3916 935 3998 diebus
950 3915 1067 4002 Noae,
1099 3943 1193 3990 unus
1208 3941 1308 3990 assu·

319 4035 453 4100 metur,
479 4033 510 4088 et
531 4018 618 4087 alter
634 4019 853 4110 relinquetur
871 4031 936 4092 etc.

421 4119 469 4192 Et
508 4116 632 4192 Esaiae
654 4119 715 4194 59.
750 4120 904 4190 affirmat
933 4144 1072 4214 semper
1105 4145 1307 4192 mansuram

324 4247 393 4296 esse
419 4221 629 4293 Ecclesiam:
671 4218 749 4295 Hoc
771 4235 822 4292 est
846 4223 971 4291 loedus
994 4248 1111 4292 meum
1135 4247 1216 4294 cum
1248 4225 1308 4304 eis,

323 4327 407 4398 dicit
432 4323 629 4406 Dominus,
655 4321 808 4412 Spiritus
826 4348 941 4410 meus,
973 4327 1033 4418 qui
1057 4338 1107 4392 est
1131 4326 1169 4394 in
1192 4340 1248 4406 te,
1275 4338 1309 4395 et

323 4431 430 4500 verba
456 4450 551 4510 mea,
580 4427 783 4518 quaeposni
804 4426 918 4494 inore
936 4439 1017 4512 tero,
1046 4451 1118 4496 non
1143 4430 1308 4498 recedent

321 4535 365 4602 ab
389 4553 452 4598 ore
476 4541 557 4618 tuo,
585 4543 615 4596 et
643 4530 686 4596 de
702 4551 763 4596 ore
780 4527 924 4596 seminis
941 4531 990 4598 tui
1013 4529 1182 4620 deinceps
1198 4545 1230 4600 et
1248 4551 1305 4602 ut·

319 4655 389 4728 que
410 4631 449 4701 in
470 4629 738 4721 sempiternum.

423 4733 529 4802 ltern:
559 4731 635 4800 Hoc
651 4731 754 4800 facite
771 4733 883 4802 donec
902 4732 1053 4802 veniam.

369 4837 560 4914 Secundo,
592 4856 730 4902 necesse
756 4847 809 4903 est
835 4835 938 4904 etiam
965 4834 1119 4922 cogitare
1145 4833 1306 4923 quaesit

318 4958 351 5012 et
369 4939 433 5010 ubi
456 4937 502 5004 sit
517 4930 693 5012 Ecclesia,
721 4934 904 5018 videlicet,
931 4929 1018 5004 haec
1041 4935 1233 5006 multitudo
1256 4949 1307 5004 est

315 5037 496 5121 Ecclesia,
545 5035 683 5105 etiamsi
711 5049 762 5106 εει
794 5037 832 5104 iu
863 5036 1098 5105 dissimilibus
1130 5036 1306 5126 imperiis,

316 5167 407 5236 quae
433 5137 660 5229 amplectitur
688 5135 930 5228 incorruptam
959 5138 1157 5208 doctrinam
1185 5133 1305 5206 Evan-

315 5245 420 5334 gelii,
447 5241 542 5308 iraxta
559 5240 711 5308 dictum:
733 5235 832 5310 Oves
847 5261 945 5308 meae
961 5263 1081 5308 vocem
1106 5261 1218 5306 meam
1242 5263 1302 5308 au·

317 5349 437 5418 diunt.
473 5341 576 5410 ltem:
602 5338 708 5409 Pater
724 5341 900 5412 sanctifica
917 5365 976 5412 eos
993 5341 1030 5410 iu
1047 5340 1215 5426 veritate,
1231 5362 1304 5408 ser-

315 5473 376 5520 mo
400 5460 484 5518 tuus
506 5457 557 5514 εει
578 5441 716 5512 veritas.

371 5546 520 5628 Tertio,
561 5546 712 5614 tenenda
741 5555 793 5612 est
823 5543 929 5612 ctiam
957 5543 1164 5616 consolatio.
1213 5541 1303 5612 Cum

316 5651 416 5722 enim
438 5645 627 5738 aspicimus
643 5667 750 5734 regua
769 5643 877 5733 impia
895 5645 1089 5734 potentiam
1106 5668 1146 5712 ac
1163 5665 1307 5732 magnas

315 5751 487 5826 victorias
501 5771 641 5830 eorum,
666 5758 700 5815 et
714 5745 980 5817 multitudinem
996 5745 1204 5836 impiorum,
1230 5759 1306 5814 tur-

315 5855 454 5924 bantur
469 5849 599 5934 animi,
623 5862 663 5920 ut
679 5846 878 5936 disputent,
908 5871 954 5918 an
976 5869 1059 5918 casu
1074 5843 1196 5919 omnia
1210 5845 1307 5932 liant,

370 5951 559 6026 Macares.
576 5953 682 6022 Ocra.
708 5945 796 6020 Ver..
813 5951 893 6026 XV.

1484 3368 1661 3446 Numito
1680 3372 1927 3474 impegerunt,
1960 3388 2001 3450 ut
2023 3380 2219 3459 caderent?

1463 3505 1665 3599 Propositio
1682 3534 1788 3601 supra
1808 3511 1969 3586 instituta
1985 3522 2173 3609 repetitur:
2198 3525 2280 3598 Non
2299 3532 2349 3604 sic

1362 3607 1587 3700 impegerunt
1605 3610 1745 3692 ludaei,
1770 3625 1810 3682 ut
1827 3615 1863 3682 in
1880 3630 1953 3686 tota
1969 3635 2073 3706 geute
2089 3646 2194 3697 uerno
2210 3630 2258 3701 sit
2278 3635 2348 3703 sal·
2429 3632 2433 3637 ’

1363 3714 1511 3786 raudus.
1544 3710 1652 3784 Ratio
1669 3729 1790 3806 argute
1808 3718 1956 3805 cogitata
1972 3733 2035 3803 est,
2045 3747 2109 3794 nec
2128 3744 2180 3800 εει
2196 3733 2348 3806 obscura

1361 3816 1547 3898 sententia,
1563 3830 1717 3884 sumtum
1738 3831 1790 3886 est
1804 3818 1900 3886 enim
1917 3841 2167 3908 argrrmeutum
2186 3856 2225 3901 ex
2243 3859 2347 3908 causa

1361 3915 1478 4000 finali,
1504 3911 1571 3985 hoc
1596 3919 1720 3986 modo:
1748 3915 1884 3988 Gentes
1907 3939 2067 4016 receptae
2092 3946 2195 4018 scant,
2222 3949 2263 4006 ut
2287 3937 2347 4011 lu-

1361 4018 1438 4086 daei
1466 4031 1704 4106 provocentur
1726 4021 1769 4089 ad
1796 4024 2034 4112 credendum,
2070 4053 2149 4100 cum
2172 4037 2348 4113 videbunt

1359 4117 1597 4209 Evangelium
1631 4121 1668 4188 in
1701 4119 1881 4192 Gentibus
1904 4125 2026 4197 efficax
2060 4154 2151 4213 esee,
2190 4139 2279 4211 sicut
2307 4143 2345 4213 in

1360 4220 1463 4290 Mose
1479 4223 1650 4314 scriptum
1673 4236 1743 4292 est:
1771 4219 1979 4298 Provocabo
2000 4254 2063 4300 vos
2081 4257 2153 4303 oon
2172 4239 2208 4306 in
2230 4259 2346 4329 gente.

1364 4321 1475 4412 lgitur
1497 4348 1637 4394 necesse
1660 4338 1711 4394 est
1733 4325 1874 4420 aliquos
1895 4351 1968 4400 esse
1988 4333 2146 4426 reliquos
2167 4341 2261 4410 inter
2282 4343 2346 4415 lu·

1360 4428 1485 4509 daeos,
1517 4427 1579 4520 qui
1608 4425 1778 4498 credituri
1801 4440 1901 4500 sunt:
1944 4456 2114 4524 quorsum
2137 4441 2231 4508 enim
2254 4469 2345 4534 opus

1360 4550 1433 4594 esse
1455 4527 1639 4618 provocari
1657 4527 1822 4613 ludaeos,
1845 4533 1875 4600 si
1899 4533 1990 4602 nulli
2015 4540 2183 4608 credituri
2206 4549 2345 4619 essent?

1360 4627 1588 4722 Consequens
1604 4629 1653 4701 sic
1670 4630 1809 4702 attexit:
1840 4629 1962 4702 Ruina
1979 4649 2091 4707 veura
2110 4644 2239 4730 proluit
2257 4670 2344 4736 gen-

1359 4731 1474 4810 tibus,
1506 4734 1564 4798 sed
1588 4754 1662 4799 non
1687 4729 1896 4819 simpliciter
1918 4735 2042 4821 ruina,
2072 4737 2203 4812 Verum
2229 4752 2343 4822 multo

1358 4832 1470 4918 magis
1496 4833 1681 4921 plenitudo
1707 4846 1839 4913 vestra,
1879 4835 1914 4902 id
1939 4851 2009 4918 est,
2048 4863 2129 4928 pars
2153 4846 2343 4922 incolumis

1359 4937 1556 5016 creditura,
1588 4957 1678 5025 quae
1703 4937 1927 5024 provocanda
1951 4939 2020 5009 tuit
2041 4945 2198 5029 gentium
2223 4975 2342 5024 exem-

1359 5037 1438 5124 plo:
1463 5049 1547 5106 sunt
1563 5058 1645 5123 ergo
1662 5035 1793 5126 reliqui
1811 5036 1906 5106 inter
1929 5035 2076 5110 ludaeos
2098 5059 2340 5128 convertendi.

1358 5135 1462 5206 Hanc
1476 5137 1648 5229 reliquam
1665 5149 1801 5227 partem
1818 5139 1978 5210 nominat
1991 5139 2275 5239 l‘leuitudr'nem,
2304 5160 2341 5228 id

1358 5251 1428 5322 est,
1472 5241 1770 5329 complementum
1803 5238 1960 5328 integrae
1983 5241 2160 5320 Ecclesiae
2190 5277 2341 5330 conver·

1359 5341 1485 5411 teudae
1507 5365 1549 5420 ex
1571 5341 1706 5406 semine
1728 5335 1906 5414 Abrahae.

1461 5440 1537 5511 Hac
1558 5441 1817 5529 simplicissima
1847 5442 2079 5532 explicatione
2102 5459 2259 5528 contenti
2289 5461 2340 5532 si·

1358 5565 1462 5626 mus,
1501 5559 1535 5616 et
1559 5543 1681 5630 longas
1710 5541 1863 5611 aliorum
1886 5544 2145 5633 disputationes
2167 5548 2235 5626 hoc
2257 5560 2337 5635 loco

1359 5645 1523 5735 relinquo
1548 5643 1824 5714 considerationi
1846 5657 1881 5713 et
1902 5643 2035 5715 iudicio
2059 5654 2251 5728 seniorum.

1459 5743 1521 5818 Sic
1535 5756 1569 5814 et
1583 5759 1702 5836 postea
1725 5743 1953 5836 amplificatio
1976 5750 2139 5824 additur:
2179 5755 2219 5828 Si
2239 5763 2337 5834 abie-

1358 5843 1428 5916 ctio
1444 5843 1655 6018 ludgporum
1671 5845 1825 5940 proluit,
1849 5868 1957 5944 quam
1979 5848 2133 5939 gloriosa
2147 5859 2219 5931 ‘erit
2235 5868 2337 5938 resti.
