5825 6950
540 686 617 762 aas
978 768 982 779 ,
1143 672 1270 749 rara
1297 668 1977 775 umscnreraaxaourrm.
2512 680 2590 755 eoo
2656 706 2658 771 r

551 860 643 929 iram
658 853 751 939 Dei,
771 863 823 935 ,et
844 860 1003 924 meretur
1027 844 1164 920 aboleri
1186 860 1366 938 peccatum
1389 862 1425 923 et
1448 872 1546 921 mor·
1697 846 1768 923 Sed
1800 843 1888 923 haec
1922 848 2089 941 cogitatio
2120 850 2165 923 de
2199 852 2309 925 modo
2351 857 2590 946 cognoscendi
2650 855 2658 959 i

554 978 639 1035 tem.
689 954 745 1031 Ac
769 952 916 1047 insuper
940 973 1004 1041 ego
1028 952 1075 1021 do
1097 949 1274 1024 iusticiam
1296 966 1330 1023 ct
1352 951 1462 1024 vitam
1486 976 1548 1023 ac·
1600 952 1733 1041 Deum,
1758 967 1792 1025 et
1807 948 1894 1025 haec
1910 953 2086 1047 cupiditas
2103 978 2143 1025 ex
2159 956 2317 1027 tenebris
2334 950 2487 1029 humaui
2512 982 2590 1029 cor·
2657 1006 2658 1045 3

556 1079 709 1137 ternam.
1596 1060 1652 1130 dis
1668 1057 1855 1143 oriuntur,
1871 1061 1967 1151 quod
1986 1081 2059 1127 non
2075 1057 2277 1129 vultDeum
2294 1059 2335 1129 in
2351 1062 2460 1131 verbo
2475 1084 2588 1151 agno·
2657 1108 2658 1123 ,

656 1162 708 1237 Et
723 1158 851 1257 repetit
876 1156 1024 1225 eandem
1048 1153 1278 1227 sententiam:
1311 1152 1426 1227 Nemo
1448 1154 1547 1229 venit
1598 1184 1711 1245 scere,
1744 1160 1835 1231 sicut
1859 1181 1896 1229 se
1917 1160 1993 1251 ipse
2014 1160 2199 1249 patefecit,
2231 1162 2292 1231 scd
2316 1163 2455 1254 quaerit
2473 1160 2591 1237 Deum
2652 1212 2658 1258 4

556 1272 600 1343 ad
623 1282 779 1363 patrem,
813 1260 883 1330 nisi
908 1283 970 1350 per
990 1282 1061 1329 me.
1117 1256 1215 1329 Haec
1235 1260 1409 1331 sententia
1432 1284 1547 1350 oppo-
1598 1262 1753 1357 propriis
1769 1261 2106 1351 imaginationibus,
2139 1263 2238 1333 unde
2261 1263 2423 1335 infinitae
2445 1266 2593 1359 opinio-

559 1374 677 1444 uenda
697 1382 749 1441 est
762 1362 933 1436 omnibus
948 1362 1110 1431 omniurn
1128 1362 1286 1451 gentium
1303 1362 1550 1453 religionibus,
1599 1389 1663 1437 nes
1677 1378 1713 1437 et
1726 1363 1858 1435 infiniti
1873 1366 1989 1437 cultus
2003 1365 2043 1435 in
2059 1366 2195 1435 mundo
2210 1388 2348 1460 semper
2363 1368 2477 1440 exorti
2494 1382 2596 1455 sunt,

559 1499 650 1571 quae
668 1484 753 1545 sunt
773 1478 871 1539 extra
892 1460 1146 1554 Evangelium,
1171 1489 1245 1533 non
1259 1460 1444 1551 Eleusini,
1471 1488 1547 1535 non
1600 1492 1665 1539 uec
1694 1466 1899 1559 intelligunt
1928 1462 2105 1539 humanae
2139 1481 2275 1540 mentes
2307 1484 2486 1566 quantum
2521 1466 2594 1543 boc

559 1570 823 1655 Mahometica,
861 1592 937 1638 nou
973 1565 1117 1637 ludaica
1150 1566 1276 1657 religio
1308 1560 1474 1659 perducit
1503 1568 1548 1638 ad
1600 1568 1813 1646 malumsit.
2657 1638 2658 1655 χ

560 1678 692 1750 Deum.
743 1673 823 1744 Imo
847 1696 911 1741 nec
935 1670 973 1739 in
997 1665 1173 1755 Ecclesia,
1205 1694 1294 1763 quac
1317 1670 1368 1739 sic
1393 1684 1551 1754 vocatur,
1704 1671 1775 1745 Sed
1790 1691 1856 1741 nos
1869 1669 1908 1741 in
1925 1665 2084 1742 Ecclesia
2098 1670 2275 1743 admoniti
2295 1670 2485 1759 discamus,
2500 1698 2597 1773 quo·
2657 1666 2658 1679 ¹

559 1779 725 1876 perducit
748 1779 794 1849 ad
819 1773 933 1845 Deum
954 1772 1050 1842 ullus
1073 1771 1189 1842 cultus
1212 1773 1447 1856 monasticus,
1474 1794 1550 1841 non
1602 1776 1709 1845 modo
1742 1774 1827 1844 velit
1855 1773 1979 1868 quaeri
2010 1786 2046 1865 et
2074 1775 2217 1864 agnosci
2238 1772 2354 1861 Dens,
2386 1780 2485 1869 quod
2507 1778 2596 1847 alias

560 1886 634 1961 ulla
666 1876 823 1954 humana
846 1899 974 1969 opera,
1019 1873 1171 1944 extincta
1201 1898 1284 1945 vcra
1310 1875 1491 1964 agnitione
1516 1886 1553 1944 et
1601 1901 1726 1969 saepe,
1758 1877 1818 1945 sed
1839 1876 2025 1965 praecipue
2048 1876 2203 1947 traditur
2224 1878 2263 1946 in
2286 1871 2354 1947 hoc
2377 1877 2455 1970 ipso
2479 1880 2596 1951 dicto:

561 1984 692 2059 fiducia
708 1978 851 2058 Christi.
903 1975 1176 2048 Meminerimus
1199 2000 1281 2065 ergo
1306 1973 1374 2049 hoc
1402 1978 1551 2061 dictum,
1604 1979 1678 2069 Qui
1701 1979 1797 2050 videt
1821 2001 1897 2062 me,
1928 1980 2025 2049 videt
2047 1993 2205 2070 patrem,
2237 1992 2272 2050 et
2298 1980 2332 2051 1.
2354 1976 2524 2052 Corinth.
2547 1985 2597 2055 1.:

563 2107 733 2186 tanquam
774 2078 970 2179 principale
1012 2078 1254 2149 testimonium
1294 2081 1550 2177 opponendum
1604 2081 1795 2176 Postquam
1820 2081 1978 2151 mundus
2000 2103 2074 2151 non
2098 2080 2202 2151 novit
2217 2080 2332 2151 Deum
2358 2082 2397 2151 in
2420 2084 2599 2175 sapientia

562 2192 731 2265 omuibus
746 2182 979 2277 religionibus
996 2195 1091 2250 extra
1106 2176 1363 2273 Evangelium,
1389 2184 1474 2253 item
1495 2204 1553 2250 er·
1604 2182 1671 2255 Dei
1702 2207 1766 2275 per
1787 2181 2018 2273 sapientiam,
2051 2182 2185 2275 placuit
2206 2180 2285 2253 Deo
2314 2206 2377 2273 per
2405 2186 2600 2257 stultitiam

496 2280 500 2289 ¹
564 2294 705 2367 roribus
739 2288 777 2358 in
797 2282 975 2364 Ecclesia,
1007 2281 1068 2375 qssi
1091 2285 1293 2357 docuerunt
1314 2288 1480 2355 accedere
1505 2283 1551 2353 ad
1604 2284 1881 2385 praedicationis
1921 2285 2038 2353 salvos
2076 2285 2193 2353 lacere
2226 2287 2431 2369 credentes,
2472 2302 2509 2359 et
2552 2293 2600 2357 ad
2658 2256 2659 2301 ¹

564 2395 680 2467 Deum
703 2413 766 2485 per
788 2388 905 2459 cultus
930 2386 1164 2471 monasticos,
1204 2412 1268 2477 per
1287 2387 1553 2462 invocationem
1604 2386 1805 2462 Rom'.10.:
1834 2384 1887 2455 Ne
1902 2386 2033 2458 dixeris
2055 2383 2094 2457 in
2110 2388 2216 2455 corde
2242 2398 2322 2458 tuo:
2356 2384 2452 2475 Quis
2473 2412 2599 2461 ascen-

563 2513 809 2581 mortuorum,
846 2511 910 2579 per
934 2484 1063 2557 Missas
1106 2501 1141 2557 et
1163 2489 1234 2559 alia
1254 2514 1381 2584 opera,
1413 2492 1475 2560 sed
1501 2502 1553 2558 te·
1606 2494 1666 2563 det
1687 2488 1894 2561 incoelum:
1927 2491 1990 2559 sed
2005 2512 2115 2581 prope
2136 2501 2188 2560 est
2213 2490 2360 2560 verbum
2383 2489 2420 2559 in
2448 2516 2514 2577 ore
2535 2506 2599 2565 tuo

564 2614 692 2671 ocatur
721 2595 826 2665 etiam
850 2589 1060 2659 affirmativa
1084 2592 1257 2662 sententia
1280 2606 1376 2663 certo
1397 2588 1553 2683 recipia
1605 2607 1640 2664 et
1661 2593 1828 2685 incorde
1850 2603 1924 2663 tuo.
1974 2586 2033 2661 Ad
2057 2589 2164 2664 Rom.
2195 2593 2251 2659 l.:·
2286 2586 2521 2682 Evangelium
2541 2611 2596 2667 est

564 2702 662 2785 Deo,
688 2712 722 2769 et
739 2708 835 2767 certo
851 2690 1012 2761 exaudiri
1036 2694 1240 2764 accedentes
1261 2696 1306 2766 ad
1320 2692 1438 2766 Deum
1460 2694 1553 2761 fidu·
1607 2694 1764 2788 potentia
1792 2692 1861 2763 Dei
1885 2691 1939 2775 ,ad
1970 2691 2118 2763 salutem
2145 2692 2245 2762 omni
2268 2694 2438 2771 credenti.
2490 2694 2598 2767 Haec.

566 2806 620 2874 cia
641 2796 794 2880 Christi,
834 2792 925 2865 sicut
953 2794 997 2861 ad
1022 2790 1206 2867 Romanos
1227 2791 1264 2868 6.
1295 2798 1445 2869 dieitur:
1487 2792 1556 2863 Per
1608 2799 1701 2868 dicta
1718 2809 1752 2868 et
1767 2794 1898 2865 similia
1915 2795 2055 2865 assidue
2080 2794 2293 2883 cogitemus,
2324 2810 2375 2867 est
2399 2797 2493 2867 enim
2518 2798 2601 2869 sin·

567 2903 664 2977 hunc
682 2896 854 2969 habemus
876 2917 1052 2965 accessum
1076 2896 1114 2965 in
1137 2899 1288 2987 gratiam
1310 2894 1414 2969 hanc.
1467 2898 1555 2967 ltem
1609 2899 1741 2991 gularis
1770 2897 1944 2988 sapientia
1968 2890 2165 2980 Ecclesiae,
2197 2919 2272 2967 non
2301 2896 2404 2969 aliter
2426 2924 2600 2992 quaerere

566 3000 763 3079 loan.16.:
797 2996 977 3090 Quicquid
996 2998 1168 3091 petieritis
1187 3013 1325 3092 patrem
1348 3000 1387 3070 in
1409 2998 1556 3071 nomine
1609 3002 1746 3086 Deum,
1771 3000 1841 3069 uisi
1860 3022 1923 3089 per
1938 3000 2086 3069 verbum
2101 3013 2134 3068 et
2150 2999 2350 3071 testimonia
2366 3001 2412 3069 'ab
2428 3001 2510 3095 ipso
2526 3018 2602 3075 tra-

567 3133 669 3187 meo,
695 3101 795 3175 dabit
813 3099 926 3171 vobis.
966 3096 1132 3194 Denique
1149 3125 1287 3195 semper
1302 3104 1341 3174 in
1356 3104 1458 3173 omni
1474 3101 1558 3186 vita,
1609 3106 1702 3189 dita,
1728 3127 1793 3173 nec
1811 3103 1921 3171 alium
1937 3100 2052 3171 Deum
2073 3101 2229 3194 alloqui,
2255 3102 2325 3169 nisi
2348 3095 2445 3173 hunc
2469 3106 2604 3196 ipsum,

568 3215 608 3281 in
624 3206 726 3279 omni
741 3204 898 3288 actione,
931 3214 965 3270 et
985 3201 1025 3269 in
1048 3204 1147 3273 omni
1171 3204 1415 3289 invocatione,
1448 3204 1557 3274 sitin
1610 3208 1671 3303 qui
1689 3205 1847 3287 semisse
1871 3202 1967 3287 filio,
1999 3216 2033 3273 et
2055 3204 2138 3272 dato
2161 3199 2357 3293 Evangelio
2378 3228 2463 3291 suo,
2500 3208 2603 3279 toties

568 3320 758 3400 conspectu
791 3299 878 3374 haec
909 3303 1104 3386 sententia,
1146 3309 1333 3380 continens
1367 3308 1557 3380 salutarem
1609 3307 1711 3383 certis
1728 3304 1940 3380 testimoniis
1956 3305 2129 3397 patefecit.
2156 3304 2263 3379 Hanc
2279 3306 2480 3397 doctrinam
2498 3333 2604 3400 prae-

568 3409 771 3487 doctrinam
796 3420 831 3479 et
850 3404 1147 3480 consolationem:
1174 3408 1288 3484 Nemo
1310 3411 1407 3486 venit
1425 3411 1471 3480 ad
1496 3432 1559 3500 pa·
1610 3413 1712 3504 cipue
1731 3408 1843 3486 tradit
1857 3402 2022 3484 Christus
2036 3407 2075 3484 iu
2091 3404 2284 3482 bordino:
2311 3406 2385 3498 Qui
2409 3412 2510 3486 videt
2535 3438 2606 3502 me,

571 3534 679 3597 trem,
706 3511 936 3601 nisiperme.
988 3507 1061 3584 Nec
1085 3513 1234 3586 obscura
1260 3527 1313 3585 est
1334 3513 1560 3584 mediocriter
1610 3516 1706 3590 videt
1720 3527 1866 3606 patrem.
2531 3585 2541 3600 ,

569 3613 785 3704 intelligenti
801 3610 997 3682 doctrinam
1013 3613 1058 3686 de
1079 3612 1169 3698 lide,
1199 3640 1268 3710 qua
1289 3630 1434 3710 propter
1449 3611 1560 3690 Chri..

1715 3818 1844 3892 Miscet
1857 3820 2141 3910 obiurgationem
2158 3814 2338 3902 Christus,
2368 3843 2438 3915 qua
2455 3815 2530 3894 hoc
2549 3824 2607 3896 in·
2659 3789 2660 3802 ¹

569 3737 664 3794 stum
679 3711 899 3790 reconciliati
912 3727 947 3786 et
960 3711 1043 3788 inssi
1058 3737 1191 3788 sumus.

598 4005 601 4013 μ
1612 3923 2610 4019 genamalumetpeccatumtaxat,quodomuesquae·
2659 3927 2660 3968 ³

670 4019 753 4096 Etsi
766 4018 853 4093 haec
875 4013 1203 4116 quaestio‘videtur
1225 4027 1459 4117 incogitanter
1480 4047 1562 4116 pro·
1614 4027 1726 4094 rimus
1739 4024 1856 4100 Deum
1873 4026 1995 4109 aliter,
2026 4038 2061 4094 et
2084 4025 2278 4116 expetimus
2302 4024 2389 4094 alias
2411 4025 2611 4100 illumina-

570 4125 677 4220 poni,
715 4139 750 4196 et
774 4125 882 4194 nimis
908 4148 1072 4215 magnam
1100 4142 1136 4198 et
1163 4129 1369 4200 inusitatam
1398 4151 1474 4198 rem
1502 4151 1563 4218 pe·
1616 4129 1729 4200 tiones
1761 4141 1796 4197 et
1829 4127 2082 4211 revelationes,
2119 4127 2248 4194 omissa
2281 4149 2366 4196 voce
2400 4122 2612 4220 Evangelii,

570 4249 664 4313 tere,
690 4241 807 4298 tamen
823 4251 944 4296 revera
959 4229 1008 4298 ita
1025 4226 1213 4300 hominum
1230 4232 1430 4322 sapientum
1449 4229 1563 4298 animi
1615 4231 1706 4300 sicut
1723 4225 1888 4314 lesbaici,
1914 4223 2203 4312 ltlahometistae,
2218 4223 2490 4316 Enthusiastae,
2502 4237 2613 4306 Ana-

570 4334 617 4404 ab
630 4331 734 4401 initio
750 4331 875 4398 mundi
897 4335 1072 4422 usquead
1097 4336 1202 4403 linem
1225 4334 1490 4426 expetiverunt,
1523 4344 1558 4403 et
1616 4332 1805 4424 baptistae,
1831 4332 2018 4402 discedunt
2034 4353 2054 4400 a
2071 4332 2180 4401 verbo
2195 4330 2282 4413 Dei,
2313 4343 2347 4400 et
2369 4331 2510 4422 lingunt
2539 4339 2615 4410 sibi

517 4459 536 4470 ·
571 4446 740 4526 expetunt
769 4427 864 4502 hunc
887 4428 954 4501 Dei
983 4449 1221 4524 conspectum.
1280 4431 1419 4506 Omnes
1447 4433 1555 4504 mira·
1615 4435 1803 4528 opiniones
1833 4432 2025 4524 peculiares
2052 4446 2150 4502 extra
2184 4433 2332 4500 verbum
2356 4432 2443 4518 Dei,
2484 4451 2615 4513 etant

571 4561 655 4608 mur
668 4535 754 4628 quid
770 4533 816 4604 sit
830 4531 946 4620 Deus,
973 4536 1088 4628 qualis
1107 4538 1153 4607 sit
1169 4538 1245 4607 eius
1262 4551 1409 4622 natura,
1436 4536 1557 4630 qualia
1617 4539 1856 4620 iaetant,¹aut
1878 4547 2060 4624 expectant
2083 4533 2279 4624 singulares
2307 4533 2615 4618 illuminationes.

572 4638 722 4710 consilia
744 4638 782 4707 in
804 4638 1080 4727 gubernatione,
1112 4663 1177 4710 cur
1202 4654 1336 4712 tantam
1358 4639 1561 4710 multitudi-
1615 4637 1663 4714 Aa
1685 4634 1847 4714 Christus
1873 4631 2022 4708 retrahit
2044 4659 2109 4707 nos
2143 4639 2188 4706 ad
2218 4658 2322 4706 suam
2348 4660 2543 4726 personam
2580 4660 2618 4718 er

572 4767 655 4812 nem
683 4736 870 4812 hominum
903 4741 1018 4832 perire
1049 4743 1162 4825 sinat,
1204 4765 1268 4813 cur
1295 4756 1366 4813 tam
1390 4742 1506 4811 varias
1529 4754 1562 4810 et
1615 4765 1718 4812 suum
1734 4739 1988 4829 Evangelium:
2016 4737 2099 4820 Me,
2125 4738 2263 4832 inquit,
2290 4739 2387 4808 misit
2408 4755 2537 4831 pater,
2572 4763 2617 4820 ut

573 4856 789 4914 monstrosas
810 4842 998 4932 opiniones
1018 4845 1063 4914 de
1087 4842 1155 4912 Dei
1178 4845 1328 4915 essentia
1353 4857 1389 4914 et
1422 4845 1466 4912 de
1500 4868 1561 4913 va·
1615 4847 1658 4913 de
1673 4866 1709 4912 se
1725 4843 1946 4928 testificetur,
1973 4836 2070 4912 hunc
2086 4853 2240 4931 patrem,
2265 4841 2330 4932 qui
2344 4863 2400 4910 mc
2421 4843 2544 4928 misit,
2579 4865 2619 4922 et

572 4947 696 5017 rietate
716 4945 877 5014 cultuum
899 4945 1049 5035 grassari
1070 4946 1185 5030 sinat,
1225 4947 1287 5040 qui
1313 4946 1359 5018 sit
1378 4945 1564 5030 unicuset
1615 4947 1652 5016 in
1671 4959 1809 5027 necess,
1833 4944 1978 5028 invoca,
2003 4945 2097 5013 etde
2113 4967 2170 5012 me
2191 4942 2305 5032 cogita
2329 4938 2542 5018 accessurus
2565 4955 2616 5022 ad

573 5070 678 5118 verus
701 5045 836 5131 cultus,
868 5070 931 5118 cur
943 5046 1099 5118 Ecclesia
1117 5043 1184 5118 Dei
1210 5047 1247 5118 in
1269 5044 1334 5118 hac
1358 5048 1430 5118 vita
1451 5049 1563 5120 tantis
1616 5062 1770 5138 patrem,
1796 5045 2002 5117 sicutantea
2017 5046 2108 5117 disi:
2136 5043 2250 5114 Nemo
2266 5044 2362 5114 venit
2385 5048 2430 5114 ad
2452 5064 2617 5138 patrem,

574 5152 755 5223 aerumnis
770 5150 926 5220 subiecta
943 5149 999 5221 sit.
1051 5147 1216 5244 Denique
1233 5152 1336 5244 quale
1356 5153 1492 5221 bonum
1515 5153 1562 5221 sit
1615 5151 1684 5220 uisi
1703 5174 1764 5239 per
1779 5171 1846 5228 me,
1862 5171 1903 5216 ac
1919 5171 1975 5220 me
1990 5149 2037 5217 ita
2053 5140 2336 5237 apprehendetis,
2353 5147 2384 5216 si
2397 5141 2464 5218 hoc
2481 5173 2617 5224 meum

574 5256 646 5325 vita
668 5267 809 5322 aeterna
830 5266 865 5322 et
891 5254 1111 5324 consuetudo
1132 5277 1212 5322 cum
1233 5251 1322 5326 Deo.
1382 5251 1480 5324 Haec
1504 5276 1560 5322 ar·
1614 5255 1783 5334 verbum,
1808 5251 1903 5341 quod
1920 5249 2052 5319 tradidi
2069 5249 2188 5332 vobis,
2211 5248 2382 5330 audietis,
2409 5253 2618 5346 amplecte.

574 5378 662 5426 cana
676 5353 795 5424 omnia
813 5376 887 5424 uno
912 5354 1073 5426 contuitu
1098 5351 1354 5446 comprehendi
1376 5377 1478 5447 posse
1500 5379 1561 5428 co-
1614 5354 1723 5432 mini,
1754 5352 1923 5434 credetis,
1954 5350 2046 5422 sicut
2061 5352 2154 5420 infra
2168 5349 2317 5421 dieitur:
2351 5349 2391 5421 si
2412 5353 2497 5442 quis
2518 5357 2616 5430 dili.

572 5461 745 5550 gitomus,
777 5455 806 5524 si
824 5454 939 5527 Deum
966 5481 1084 5529 coram
1109 5481 1344 5530 cerneremus.
1404 5455 1508 5529 Certe
1528 5457 1559 5526 si
1612 5457 1662 5545 git
1678 5479 1755 5536 me,
1778 5476 1977 5522 sermonem
1994 5477 2112 5524 meum
2128 5450 2300 5532 servabit,
2332 5463 2368 5522 et
2385 5465 2486 5544 pater
2501 5481 2615 5534 meus

526 5615 529 5620 -
573 5560 765 5633 astitissent
788 5553 858 5628 hoe
880 5560 1112 5651 interroganti
1127 5557 1301 5651 Apostolo
1310 5612 1325 5648 ,
1357 5582 1483 5630 omnes
1503 5582 1560 5628 sa-
1612 5560 1735 5646 diliget
1749 5578 1849 5638 eum,
1875 5557 1966 5626 etad
1985 5580 2064 5626 eum
2082 5554 2282 5632 veniemus,
2316 5565 2352 5622 et
2374 5558 2615 5634 mansionem

571 5664 709 5756 pientes
723 5657 868 5746 mundi,
900 5661 1034 5747 Solon,
1067 5661 1247 5746 Socrates,
1281 5661 1402 5747 Plato,
1435 5664 1559 5731 Xeno·
1612 5663 1704 5751 apud
1724 5682 1803 5728 eum
1822 5657 2001 5730 iaciemus.
2053 5655 2171 5730 Corda
2187 5676 2269 5724 vere
2283 5675 2519 5745 expavescant
2540 5689 2616 5738 au.

572 5765 691 5858 plion,
732 5763 858 5833 etalii
889 5765 1040 5851 similes,
1081 5789 1205 5836 ornnes
1227 5762 1320 5834 hanc
1345 5764 1556 5857 petitionem
1611 5763 1684 5833 dita
1700 5785 1784 5830 voce
1798 5756 1863 5828 Dei
1878 5772 2046 5850 arguente
2059 5771 2260 5851 peccatum,
2291 5768 2326 5826 et
2350 5781 2431 5828 vere
2452 5767 2617 5842 credant

572 5870 796 5950 laudassent,
819 5879 905 5938 etse
922 5867 1016 5939 idem
1034 5879 1153 5961 petere
1169 5867 1350 5938 dixissent.
1611 5887 1646 5934 se
1662 5865 1706 5934 ab
1723 5858 1787 5934 hoc
1805 5862 1881 5954 ipso
1900 5859 1976 5934 Deo
1993 5859 2174 5952 obiurgari
2189 5873 2226 5931 et
2247 5858 2416 5948 iudicari,
2450 5865 2515 5958 qui
2540 5891 2616 5944 m

1800 3675 1838 3753 Τ
1837 3688 1927 3751 antu
1943 3687 2099 3780 tempore
2116 3677 2297 3753 vobiscum
2312 3707 2406 3760 sum.

653 3878 817 3958 Ostende
834 3880 941 3956 nobis
958 3893 1123 3984 patrem,
1159 3893 1191 3959 et
1207 3882 1350 3989 sufficit
1364 3883 1485 3959 nobis.
