5825 6950
358 650 450 733 tots
604 650 707 727 Xlll.
756 654 794 733 3.
826 644 1127 733 Ethtttttto
1152 650 1311 737 Eets’r.
1334 646 1484 729 PAULI
1511 652 1580 727 AD
1605 649 1870 732 ttotndttOS.
1922 653 2028 749 cat,
2054 658 2155 740 XVl.
2294 662 2397 744 105⁰

352 841 384 899 ct
400 818 623 897 Manichaeis
637 820 807 902 historiis.
855 824 947 901 Cum
971 840 1091 921 autem
1109 828 1198 907 tales
1220 843 1339 918 gestus
1395 820 1613 911 hominurn,
1649 840 1692 899 ut
1725 827 1978 903 invocantibus
2011 830 2157 905 Annam
2193 838 2389 929 promissae

353 932 396 1003 tle
412 928 591 1001 industria
607 928 762 1005 simulati
787 944 888 1017 sunt,
913 943 955 1001 ut
973 930 1078 1003 facile
1100 926 1341 1023 deprehendi·
1394 942 1479 1002 sunt
1502 928 1672 1015 divitiae,
1700 924 1896 1021 Georgium
1920 932 2110 1021 victoriae,
2135 950 2170 1010 et
2192 938 2273 1009 aliis
2288 944 2391 1014 attri-

350 1046 407 1107 tur
431 1031 635 1116 simulatio,
660 1032 759 1121 digni
779 1046 863 1108 sunt
884 1033 990 1119 odio,
1016 1033 1100 1126 quia
1122 1048 1206 1105 sunt
1226 1035 1341 1105 mani·
1392 1030 1515 1102 buitur
1531 1029 1685 1102 aliorum
1701 1033 1910 1104 morborum
1928 1036 2077 1112 sanatio.
2127 1034 2223 1133 Papa
2240 1042 2387 1116 damnat

347 1134 434 1203 iesta
452 1128 648 1203 mendacia.
695 1134 790 1207 Cum
805 1158 888 1205 vero
902 1135 1037 1210 diaboli
1052 1136 1103 1205 sic
1119 1135 1212 1206 cient
1229 1158 1341 1207 mem·
1391 1155 1530 1215 omnes,
1548 1133 1853 1225 quiadversantnr
1869 1135 1977 1207 idolis
1994 1151 2029 1209 et
2045 1140 2227 1214 erroribus
2240 1146 2388 1237 pontili-

344 1236 409 1305 bra
429 1234 695 1323 ignorantium,
719 1238 941 1329 quidagant,
973 1236 1180 1328 praestigiae
1196 1252 1230 1311 et
1252 1237 1341 1310 ineis
1395 1234 1477 1303 ciis:
1503 1248 1540 1305 et
1554 1257 1651 1305 nunc
1669 1230 1835 1307 monachi
1850 1236 2049 1310 incendunt
2071 1264 2169 1331 reges
2193 1258 2227 1315 et
2250 1247 2387 1339 prinei·

346 1336 431 1407 diae
448 1336 648 1409 diabolicae
664 1338 915 1429 intelligendae
931 1353 966 1411 et
979 1340 1206 1412 detestandae
1223 1352 1317 1411 sunt.
1391 1358 1452 1427 pes
1474 1350 1599 1405 contra
1626 1336 1809 1407 veritatem
1835 1334 1890 1411 his
1916 1342 2234 1430 promissionibus,
2265 1348 2295 1417 si
2319 1374 2385 1438 op.

448 1436 520 1509 Sed
543 1439 582 1509 in
605 1439 691 1529 ipsis
714 1443 937 1529 dogmatibus
967 1440 1081 1527 multo
1112 1442 1231 1537 plures
1256 1454 1340 1511 sunt
1392 1437 1549 1529 primant
1565 1432 1658 1509 banc
1673 1438 1891 1524 doctrinam,
1917 1465 2007 1536 quae
2029 1457 2131 1514 sonat
2155 1447 2194 1515 iu
2215 1443 2386 1523 Ecclesiis

339 1534 551 1615 κολακείαι.
614 1540 689 1614 Has
719 1542 880 1613 existimo
910 1538 968 1613 hic
990 1542 1134 1635 proprie
1160 1543 1338 1617 nominari
1390 1540 1542 1621 uostris,
1568 1540 1688 1609 Deurn
1710 1543 1879 1611 daturum
1900 1567 1974 1613 esse
1997 1544 2084 1639 ipsis
2100 1545 2259 1639 ingentia
2282 1576 2385 1645 prae·

335 1638 625 1740 χρηστολογίας.
657 1642 750 1717 Sunt
765 1658 881 1717 autem
898 1644 1031 1739 ubique
1047 1646 1151 1715 obvia
1167 1645 1335 1735 exempla
1391 1639 1481 1723 mia,
1509 1640 1678 1714 victorias
1702 1656 1736 1713 et
1750 1666 1844 1713 nova
1858 1666 1967 1735 regna
1982 1661 2016 1719 et
2032 1650 2190 1719 mundos
2205 1651 2305 1724 alios.

338 1743 462 1815 Grata
479 1757 553 1816 erat
569 1747 683 1819 oratio
698 1744 857 1821 Rusticis
871 1758 1029 1836 ternpore
1043 1746 1243 1831 seditionis,
1257 1770 1338 1816 cum
1491 1740 1600 1814 Tales
1633 1744 1888 1833 promissiones
1924 1742 1983 1817 ltic
2023 1750 2205 1822 nominari
2239 1754 2382 1846 proprie

335 1846 545 1917 turbulenti
571 1848 732 1921 doctores
759 1848 996 1924 vociferentur
1021 1845 1263 1920 Christianam
1290 1848 1336 1917 li·
1387 1838 1559 1940 εὐλογίας
1574 1845 1705 1920 iudico.
1756 1842 1834 1916 Hae
1850 1848 1930 1939 plus
1945 1850 2063 1920 valent
2080 1875 2187 1945 quarn
2203 1854 2385 1948 simplices

334 1950 519 2019 bertatem
542 1971 633 2031 esse,
658 1974 731 2024 non
759 1952 913 2042 pendere
937 1948 1093 2041 legitima
1115 1951 1248 2023 tributa
1270 1949 1337 2018 do·
1388 1947 1590 2033 blandtiae,
1616 1948 1698 2041 quia
1727 1949 1873 2020 additur
1897 1952 2116 2023 adseveratio
2140 1954 2186 2024 de
2212 1980 2379 2048 praesen-

335 2048 456 2119 minie
482 2064 516 2118 et
540 2051 814 2141 magistratibus.
865 2050 927 2125 Art
939 2048 1337 2142 Anabaptistasmultos
1386 2048 1435 2119 tia
1451 2042 1539 2135 Dei,
1564 2052 1608 2119 de
1630 2051 1795 2141 praemiis
1818 2064 1851 2121 et
1876 2053 1920 2121 de
1943 2052 2077 2142 poenis.
2129 2052 2205 2127 Hac
2228 2060 2376 2131 adseve-

333 2152 496 2241 ignavos
523 2150 669 2227 attrahit
692 2154 864 2227 blandum
887 2156 1037 2243 dogma,
1077 2178 1157 2225 cum
1184 2153 1336 2223 audiunt
1386 2150 1526 2221 ratione
1546 2152 1652 2221 etiarn
1673 2152 1826 2223 absurda
1850 2153 2015 2242 dogmata
2040 2176 2143 2246 saepe
2162 2161 2377 2231 confirman-

333 2276 375 2323 se
404 2251 458 2323 ibi
481 2254 607 2325 alienis
628 2255 856 2329 facultatibus
879 2256 949 2329 frui
969 2278 1081 2347 posse.
1133 2254 1187 2329 lta
1204 2254 1337 2327 multos
1375 2266 1465 2335 tur,
1498 2276 1589 2343 quae
1620 2276 1695 2324 non
1729 2253 1964 2327 blandiuntur
1986 2256 2144 2342 rationi,
2177 2261 2260 2354 quia
2292 2280 2376 2336 sunt

333 2356 485 2425 culinae
502 2367 722 2431 attraxerunt
739 2357 1021 2431 admonasteris.
1072 2355 1176 2429 Nunc
1192 2378 1336 2449 quoque
1389 2355 1562 2445 quaedam
1577 2367 1776 2428 monstrosa
1794 2354 1956 2447 ingenia,
1985 2383 2075 2452 quae
2094 2359 2246 2451 gignunt
2262 2366 2375 2436 etde-

336 2458 519 2527 blandum
547 2458 674 2547 dogma
697 2472 749 2532 est
773 2460 1076 2544 Antinomorum,
1116 2461 1180 2554 qui
1210 2458 1336 2529 dicunt
1388 2456 1558 2539 leuduut,
1584 2478 1646 2525 seu
1662 2455 1868 2542 ambitione,
1896 2481 1957 2530 seu
1974 2473 2112 2532 tantum
2128 2476 2276 2535 naturae
2292 2488 2374 2557 per-

339 2572 606 2651 perseverantes
638 2560 678 2629 in
719 2561 857 2633 delictis
901 2574 1024 2631 contra
1070 2560 1334 2642 conscientiam,
1387 2556 1549 2627 versitate
1565 2558 1753 2647 opiniones
1777 2573 1974 2649 pugnantes
1991 2584 2071 2632 cum
2086 2562 2247 2635 omnium
2266 2590 2373 2639 sano-

343 2674 459 2732 tsuoen
485 2659 560 2730 Deo
585 2663 743 2755 placere,
768 2662 1109 2754 siintereasrngsnt
1132 2662 1336 2737 accredere
1385 2658 1637 2731 rumiudiciis.
1678 2656 1804 2731 Talem
1819 2662 1904 2730 novi
1921 2657 2282 2753 esseTlrammerurn,
2308 2672 2372 2764 qui

338 2759 554 2851 Evangelio,
1384 2756 1502 2831 adhuc
1519 2761 1648 2851 passim
1663 2776 1827 2855 vagatur,
1851 2763 1914 2858 qui
1930 2766 2167 2837 contendebat
2182 2791 2281 2857 eum,
2307 2772 2371 2866 qui

442 2862 608 2957 Denique
621 2864 690 2935 late
704 2878 798 2956 patet
816 2887 890 2950 res,
914 2863 1059 2940 Placent
1073 2864 1335 2950 assentationes,
1384 2862 1534 2934 iurasset
1546 2885 1582 2931 se
1596 2863 1772 2937 iacturum
1795 2888 1870 2938 esse
1890 2864 2059 2938 iniustam
2082 2869 2244 2957 caedem,
2264 2897 2372 2965 opor-

337 2965 425 3059 quia
440 2988 597 3038 amamus
609 2989 673 3037 nos
687 2964 780 3057 ipsos
791 2982 825 3038 et
841 2968 936 3039 vitiis
948 2969 1331 3055 nostrisfavemus,de.
1385 2976 1457 3036 tere
1475 2988 1552 3033 eam
1567 2965 1709 3035 caedem
1725 2966 1849 3035 iacere·
1898 2962 2026 3039 Postea
2048 2969 2261 3043 tetendebat
2283 2975 2370 3047 stoi-

337 3069 512 3139 lcctamur
527 3088 610 3157 ergo
633 3060 695 3148 iis,
721 3071 784 3162 qui
800 3071 958 3142 adiectus
972 3084 1112 3143 nostros
1128 3073 1333 3154 adsumunt,
1381 3088 1461 3135 cans
1495 3065 1754 3148 necessitatem.
1786 3068 1995 3140 adfirmabat
2020 3070 2144 3141 omnia
2169 3078 2366 3148 necessario

339 3183 373 3241 et
391 3168 634 3245 noslaudant.
667 3168 901 3243 Nccdilficile
918 3185 970 3242 est
982 3172 1226 3259 considerare,
1247 3194 1335 3267 quas
1382 3165 1478 3253 fieri,
1512 3168 1606 3238 bona
1632 3168 1789 3245 etmala.
1822 3164 1970 3241 Etcum
1994 3170 2225 3261 obiiceretur,
2251 3173 2367 3249 Deum

338 3270 540 3363 opiniones,
556 3293 646 3365 quos
661 3266 824 3345 homines
840 3273 894 3343 illi
910 3274 1074 3365 probent,
1089 3275 1219 3367 quibus
1234 3274 1345 3366 quis:
1382 3292 1457 3338 uon
1482 3291 1556 3340 esse
1576 3290 1716 3341 causam
1739 3270 1892 3362 peccati,
1928 3271 1990 3343 ille
2012 3276 2217 3365 respondit,
2252 3278 2366 3351 Deur‘n

337 3397 407 3468 que
423 3373 546 3459 servit,
562 3384 596 3443 et
611 3374 948 3464 easdernopiniones
962 3388 997 3447 et
1012 3376 1151 3448 eosdem
1169 3371 1331 3449 homines
1381 3392 1455 3439 non
1481 3370 1594 3443 tenori
1618 3393 1681 3441 sua
1703 3369 1801 3461 lege,
1828 3375 1890 3443 scd
1912 3373 2011 3444 velut
2032 3388 2225 3469 tyrannum
2252 3380 2366 3453 iacere

337 3497 487 3559 ornare,
512 3476 689 3548 contraria
715 3502 799 3550 vero
821 3479 1033 3569 vituperare.
1081 3474 1131 3549 Et
1152 3492 1258 3550 notus
1278 3491 1330 3549 est
1379 3472 1552 3567 quicquid
1568 3474 1687 3546 vellet.
1734 3468 1952 3548 (inhorresco
1970 3468 2366 3570 hosluroresrecitans,

335 3599 476 3656 versus:
504 3575 638 3668 Nempe
655 3580 911 3654 oocusdomini
929 3581 1035 3656 debet
1050 3573 1327 3671 haberepulam.
1377 3596 1453 3645 non
1477 3576 1587 3666 igitur
1606 3577 1737 3647 eddam
1757 3576 1861 3669 plura
1888 3579 2063 3671 exempla,
2096 3582 2159 3651 sed
2188 3582 2253 3677 qui
2279 3585 2364 3658 talia

334 3677 499 3772 Cumque
514 3701 597 3771 opes
609 3693 646 3754 et
660 3682 856 3771 poterstiam
876 3677 962 3752 haec
978 3678 1159 3754 simulatio
1176 3685 1323 3765 adferat,
1376 3677 1530 3748 absurda
1556 3677 1780 3762 defendunt,
1820 3702 1900 3750 curu
1923 3681 2052 3758 desunt
2073 3679 2124 3752 cis
2143 3699 2362 3772 argumenta,

336 3783 468 3852 usitata
490 3794 541 3852 est
567 3781 605 3851 in
630 3783 721 3856 aulis
739 3796 775 3855 ct
792 3782 1025 3857 inEcclesiis.
1077 3781 1194 3872 Quam
1217 3785 1322 3856 multi
1375 3779 1571 3850 decurrunt
1592 3781 1637 3851 ad
1661 3778 1813 3850 tutmios
1839 3781 2118 3868 execrationum,
2142 3786 2362 3860 maledicunt

331 3897 458 3956 contra
475 3883 728 3959 conscientiam
751 3898 838 3960 tetra
855 3887 951 3960 idola
968 3888 1118 3958 adorant
1140 3900 1175 3960 et
1199 3887 1323 3958 delen·
1374 3881 1604 3953 discentibus.
1670 3880 1742 3952 Sed
1766 3883 1810 3952 de
1834 3883 1966 3954 talibus
1988 3884 2272 3958 execrationibus
2296 3913 2360 3960 seu

330 3987 444 4066 dunt,
472 3997 505 4057 et
518 3985 687 4059 iniustam
703 3987 903 4074 soevitiam,
928 4011 1020 4080 quae
1035 4001 1216 4063 excreetur
1232 4013 1320 4060 con-
1373 3982 1685 4057 maledictionibus
1695 3983 1837 4056 iniustis
1845 3986 2037 4055 tenendum
2055 3988 2249 4059 estdictum
2258 3987 2359 4062 Psal-

330 4101 386 4158 tra
411 4089 638 4172 innocentes,
671 4088 820 4163 laudant
840 4103 875 4162 ct
897 4091 1092 4176 adiuvant,
1118 4104 1159 4168 ut
1178 4087 1321 4164 Princi·
1372 4083 1425 4161 mi
1445 4085 1547 4162 tos:
1580 4083 1796 4158 Malediecnt
1813 4086 1886 4172 illi,
1911 4099 1946 4158 ct
1959 4100 1999 4158 tu
2014 4087 2213 4166 benedices.

330 4211 419 4282 pum
436 4203 497 4262 aut
515 4189 638 4280 populi
652 4191 773 4264 farore
790 4204 957 4263 crescant.
1471 4185 1766 4261 Praemuniamus
1798 4203 1917 4260 autem
1942 4211 2009 4262 nos
2034 4189 2206 4265 adversus
2235 4214 2358 4262 omnes
2450 4221 2455 4227 ·

436 4287 891 4383 sponheimense.
921 4292 1126 4386 gravissime
1152 4317 1320 4368 accusan-
1369 4290 1588 4381 corruptelas
1603 4290 1790 4362 doctrinae
1805 4284 1862 4363 bis
1878 4291 2016 4364 duabus
2032 4293 2148 4365 rebus.
2194 4289 2358 4383 Diligen-

329 4406 390 4464 tur
408 4393 570 4485 utrique,
593 4404 629 4463 et
645 4395 816 4484 populus,
841 4396 995 4490 quinon
1011 4396 1088 4468 vult
1108 4397 1317 4468 audirenisi
1369 4390 1418 4460 tia
1433 4404 1527 4461 recte
1539 4391 1918 4476 discendi,etardenti
1934 4392 2144 4484 precatione.
2169 4389 2225 4464 De
2235 4393 2354 4485 priore
2395 4411 2401 4423 ‘

329 4497 595 4575 adsentatores,
635 4507 670 4566 et
697 4495 763 4587 ipsi
784 4499 945 4568 doctores
969 4497 1032 4589 qui
1063 4499 1319 4590 cupiditatibus
1368 4494 1477 4562 modo
1492 4491 1779 4586 iuquitPaulns:
1807 4489 1962 4565 Attende
1976 4491 2142 4578 lectioni,
2172 4494 2355 4566 doctrinae

326 4595 561 4666 dominorum
584 4595 764 4678 serviunt,
788 4593 998 4692 Loquirnini
1015 4599 1120 4670 nobis
1136 4599 1319 4691 placentia,
1369 4607 1403 4664 et
1417 4595 1665 4666 consolationi.
1706 4589 1756 4665 Et
1768 4596 1815 4664 sd
1832 4593 2081 4667 colossenses:
2107 4592 2234 4667 sermo
2248 4590 2354 4668 cbri-

326 4699 449 4770 vidote
463 4695 568 4767 nobis
582 4719 728 4768 errores.
762 4696 859 4769 Haec
872 4701 1116 4791 malnsemper
1129 4702 1316 4773 inmundo
1368 4695 1411 4766 sti
1433 4689 1569 4767 habitet
1589 4696 1628 4764 in
1655 4695 1757 4765 vobis
1781 4697 1968 4786 opulenter
1990 4695 2148 4767 inomni
2169 4696 2353 4788 sapientis,

325 4800 460 4872 usitata
483 4798 592 4870 inisse
614 4810 650 4870 ct
675 4821 749 4870 esse
772 4823 828 4873 res
850 4802 925 4895 ipss
955 4801 1124 4874 ostendit.
1188 4801 1318 4876 Monet
1366 4808 1400 4868 el
1427 4797 1550 4867 docete
1583 4810 1619 4867 el
1647 4799 1831 4868 emendate
1857 4820 1922 4867 vos
1947 4809 2083 4870 mutuo·
2149 4795 2228 4870 Hae
2257 4801 2350 4870 (luae

324 4901 440 4992 igitur
452 4898 603 4980 Paulus,
628 4913 670 4970 ut
690 4923 894 4992 careamus,
917 4925 964 4974 ne
984 4903 1205 4995 decipiamur
1221 4929 1315 5000 χρη·
1366 4898 1592 4988 gravissimae
1623 4898 1888 4970 admonitiones
1918 4920 2057 4990 semper
2090 4898 2129 4967 in
2161 4912 2352 4993 conspectu

325 4997 556 5102 urotoyr'osc,
580 5015 616 5072 et
636 5002 686 5072 sic
702 5004 863 5078 nominet
878 5003 1083 5077 artificiosas
1098 5007 1315 5079 adsentatio·
1365 4999 1456 5081 rint,
1494 5012 1530 5070 er
1549 5000 1740 5090 diligenter
1761 5001 2039 5072 considerentur.
2099 4997 2261 5071 Primum
2285 5024 2351 5071 no-

322 5127 408 5192 nes,
435 5127 526 5198 quae
540 5103 719 5194 pertinent
735 5105 780 5176 ad
795 5105 923 5177 vilium
938 5129 1197 5200 pugnanscum
1220 5103 1315 5177 veri.
1366 5099 1477 5170 mlndl
1496 5099 1628 5171 Paulus
1654 5102 1861 5186 lecllottem,
1885 5102 1969 5192 qula
1992 5101 2156 5172 (locit'lna
2171 5097 2351 5173 Eccleslde

323 5221 418 5294 tate,
463 5205 626 5278 videlicet
658 5208 703 5278 ad
730 5206 923 5282 blanditias
955 5231 1079 5280 omnes
1113 5207 1315 5303 decipiendi
1369 5203 1552 5272 dissimilis
1580 5197 1920 5294 estpbilosoplsicis
1943 5203 2125 5272 doctrinis.
2201 5203 2350 5275 lnitium

325 5331 434 5380 causa
448 5305 643 5380 simulatas.
1365 5299 1619 5375 Aritbmeticee
1636 5327 1711 5373 nors
1726 5317 1813 5374 esta
1829 5305 1995 5387 lectione,
2021 5306 2081 5373 scd
2098 5326 2118 5375 a
2134 5303 2266 5374 noticia
2282 5329 2350 5376 na·

429 5407 500 5482 Sed
521 5403 686 5509 εὐλογίαι
699 5405 839 5481 Ebrscs
856 5407 976 5501 phrasi
990 5408 1189 5500 significant
1204 5409 1312 5480 beno.
1363 5404 1471 5474 turali
1488 5427 1741 5491 numerorum,
1774 5406 1835 5474 sed
1852 5407 2031 5477 decretum
2050 5407 2095 5474 de
2117 5405 2191 5476 lilio
2205 5400 2288 5474 Dei:
2313 5418 2348 5476 et

322 5510 519 5596 dictiones,
543 5511 581 5583 id
605 5525 677 5598 est,
700 5510 813 5582 bonas
839 5511 1111 5605 imprecationes
1135 5523 1169 5582 et
1192 5512 1311 5581 dulces
1362 5505 1406 5576 de
1428 5506 1718 5577 reconciliatione
1742 5519 1776 5577 et
1800 5506 2024 5578 restitutione
2054 5507 2148 5578 vitae
2173 5521 2348 5592 aeternae,

322 5613 605 5704 promissiones,
639 5626 679 5684 ut
713 5609 880 5685 monachi
914 5613 1128 5706 promittunt
1159 5612 1308 5683 salutern
1360 5608 1529 5678 omnibus
1558 5607 1728 5677 creaturis
1751 5609 1913 5696 ignotum
1939 5609 2008 5678 tois
2035 5623 2118 5677 ante
2143 5606 2347 5697 patefactio·

323 5715 526 5785 animarum
555 5737 621 5806 pro
652 5714 831 5786 sacrificiis
856 5712 1006 5802 Missae,
1046 5727 1086 5786 ut
1105 5715 1307 5786 nominant.
1358 5732 1456 5793 nem,
1490 5709 1529 5777 in
1549 5733 1618 5802 qua
1636 5709 1710 5798 ipse
1733 5708 1827 5778 filius
1844 5710 1909 5778 Dei
1925 5709 2196 5800 promissionem
2211 5709 2345 5796 gratiae

324 5813 406 5890 ttoe
420 5815 569 5890 artificio
584 5815 790 5891 confirmata
811 5829 864 5892 est
882 5817 1061 5891 invocatio
1081 5829 1305 5889 mortuorum
1358 5834 1398 5883 ex
1430 5811 1514 5882 sinu
1547 5811 1680 5884 aeterni
1711 5810 1824 5904 patris
1855 5809 2017 5903 protulit.
2093 5805 2196 5880 Hanc
2229 5825 2347 5881 autern
