5825 6950
532 645 609 726 555
1141 623 1649 707 rnmuunscatrra
1675 621 1978 704 amoenos.
2474 635 2525 714 aa

536 843 657 913 agere,
678 815 834 908 primum
852 824 894 883 ut
915 807 1031 903 ipsum
1048 801 1178 874 scelere
1195 802 1374 892 pollutum
1397 801 1529 873 avelle·
1578 805 1642 893 tis,
1673 815 1902 885 scortatores,
1943 800 2133 891 idolatrae,
2167 802 2325 891 moechi,
2365 808 2463 893 sores,
2488 837 2528 882 ra·
2591 875 2592 882 ,

538 939 627 996 reta
645 917 742 1006 Deo,
768 915 939 1008 spoliaret
954 912 1052 980 donn
1068 899 1293 998 prophetiae,
1318 917 1354 976 et
1372 905 1453 975 aliis
1471 904 1530 975 di·
1579 932 1689 1002 gonm
1704 905 1773 978 Dei
1790 928 1865 976 nou
1888 903 2133 996 possidebunt.
2184 901 2233 978 Et
2256 918 2399 980 testatur
2417 935 2448 980 se
2466 937 2528 984 coo.
2591 947 2592 982 ,

538 1027 634 1096 vinis
647 1017 879 1103 ornamentis,
893 1013 1058 1086 excitaret
1073 1007 1277 1078 scandalum
1288 1009 1333 1077 ad
1350 1007 1529 1078 inlaman·
1579 1010 1718 1083 otooori
1744 1011 1789 1080 iio
1811 1007 1875 1100 qui
1902 1019 2005 1078 ,ntea
2029 1009 2209 1080 mummi
2238 1010 2375 1083 fueram
2398 1013 2528 1088 benefici²
2591 1049 2592 1082 ἶ

539 1130 623 1200 darn
648 1122 873 1204 doctrinam,
912 1137 1020 1212 quam
1046 1103 1173 1200 loseph
1200 1109 1457 1203 profitebatur,
1490 1121 1531 1180 ut
1581 1108 1727 1188 Christi.
1784 1107 1852 1180 llis
1875 1109 2069 1202 praecipit,
2098 1123 2140 1183 ut
2163 1127 2309 1183 caveant
2335 1137 2378 1183 ne
2401 1141 2435 1186 ea
2453 1121 2530 1190 amit·
2591 1151 2592 1164 2

540 1232 622 1304 Deo
652 1225 945 1301 malediceretur,
995 1229 1029 1286 et
1061 1213 1323 1302 extingueretur
1358 1213 1409 1283 ibi
1448 1235 1530 1283 vera
1582 1229 1669 1288 tant.
1729 1209 1818 1282 item
1844 1213 1978 1304 primae
1998 1215 2043 1282 ad
2067 1209 2273 1285 Corinthios
2296 1217 2442 1290 decimo:
2472 1216 2531 1292 Non
2579 1273 2592 1321 ,η

542 1331 688 1422 religio,
713 1350 805 1422 quae
832 1343 953 1394 recem
977 1318 1153 1388 illustrib
1207 1312 1363 1386 Τθῦῑὸω
1389 1316 1531 1386 ruinam
1583 1319 1675 1390 fiatis
1698 1315 1890 1401 idolatrae,
1917 1327 2222 1401 nonscortemur,
2248 1319 2339 1389 sieut
2360 1320 2532 1414 quidamil-
2591 1381 2592 1389 ,

542 1460 615 1508 una
641 1427 728 1501 hacc
753 1423 974 1518 voluptatula
1004 1418 1196 1490 traxisset.
1250 1413 1340 1486 Nam
1368 1417 1533 1488 diabolus
1583 1422 1701 1492 lorum
1726 1418 1867 1488 scortati
1886 1428 1986 1502 sunt,
2014 1431 2048 1487 et
2069 1419 2251 1513 perierunt
2276 1445 2349 1490 uno
2371 1423 2424 1490 die
2438 1423 2532 1508 viginti

543 1539 651 1626 longe
672 1531 860 1624 prospicit,
886 1539 920 1596 el
944 1522 1031 1595 ¹0¹³⁵
1054 1521 1139 1590 ῑθῐῑῑ
1160 1518 1265 1588 ¹¹⁰bl⁵
1291 1532 1412 1611 Ρῡδῐθᾶ
1431 1521 1533 1590 inex·
1585 1524 1652 1595 tria
1667 1521 1780 1590 millia
1799 1515 1997 1593 hominum.
2036 1516 2094 1589 Aa
2107 1518 2252 1592 Galatas
2267 1524 2405 1616 quinto:
2430 1523 2489 1614 Qui
2499 1541 2533 1596 ta-

546 1636 745 1721 tricabiles,
785 1646 825 1703 ut
848 1626 964 1699 David
986 1635 1151 1715 expertus
1182 1634 1255 1706 est,
1299 1623 1461 1692 etmulti
1485 1621 1535 1711 pii
1585 1627 1634 1696 lia
1651 1636 1773 1714 agunt,
1788 1622 2381 1717 regnumDeinonconsequentur.
2407 1621 2448 1696 tlt
2461 1628 2534 1696 dein-
2591 1685 2592 1691 ,

436 1816 438 1822 .
546 1738 789 1832 experiuntur.
852 1728 950 1800 Haec
981 1738 1186 1815 argumenta
1216 1723 1335 1794 omnia
1365 1725 1535 1814 colligens
1587 1731 1648 1798 de:
1685 1724 1759 1815 Qui
1775 1725 1812 1792 in
1835 1749 1939 1793 carne
1961 1724 2125 1808 sentinat,
2149 1727 2457 1798 metetinteritum:
2485 1727 2533 1817 Qui
2580 1761 2592 1809 t

547 1835 697 1934 loseph,
733 1834 845 1906 erexit
866 1857 903 1901 se
926 1831 995 1899 lide
1019 1839 1141 1898 contra
1167 1823 1351 1896 illecebras
1376 1840 1409 1897 et
1441 1825 1538 1919 peri·
1587 1829 1738 1900 seminat
1755 1827 1792 1895 in
1810 1827 1954 1916 spiritu,
1973 1839 2078 1896 metet
2092 1827 2201 1900 vitam
2218 1843 2405 1901 aeternam,
2431 1829 2534 1900 Primo
2591 1889 2592 1894 ,

549 1945 648 2026 cula,
672 1955 707 2012 ct
721 1962 801 2009 eum
817 1936 892 2027 ipse
907 1929 1095 2022 disciplina
1112 1951 1148 1998 se
1164 1928 1331 2012 coercuit,
1356 1942 1433 1999 tum
1452 1951 1537 1997 vero
1589 1932 1631 2001 ad
1643 1924 1875 2002 Timotheum
1893 1930 2035 2020 quinto:
2060 1928 2098 2002 Si
2113 1931 2193 2023 quis
2208 1953 2352 2002 snorum
2369 1955 2473 2002 coram
2487 1956 2534 2002 ooo
2586 1957 2592 1998 ς

548 2043 675 2140 petitia
698 2041 848 2112 coeleste
874 2034 1056 2104 auxilium.
1131 2027 1183 2100 lta
1210 2045 1331 2102 noster
1352 2030 1539 2100 duxfilius
1589 2029 1718 2118 habet,
1754 2033 1859 2100 fidem
1885 2031 2092 2118 abnegavit,
2124 2048 2158 2102 et
2181 2046 2233 2102 est
2254 2033 2388 2103 infideli
2410 2035 2535 2122 deterior.
2588 2109 2589 2114 ἵ

548 2147 638 2236 Dei,
666 2168 728 2238 per
746 2133 871 2233 loseph
887 2135 1066 2228 superavit
1087 2155 1127 2201 ac
1143 2132 1250 2221 fregit
1272 2133 1408 2202 diaboli
1431 2155 1540 2202 cona·
1589 2137 1646 2207 Aa
1671 2132 1828 2204 Ebraeos
1850 2133 2112 2231 decimotertio:
2139 2132 2359 2206 Scortatores
2381 2151 2412 2208 et
2431 2137 2536 2207 adulte·
2591 2163 2592 2172 ¹

550 2266 620 2323 tns.
687 2243 779 2316 Cum
803 2239 871 2311 hoc
899 2239 1008 2306 niodo
1031 2234 1081 2327 pii
1110 2249 1310 2324 repugnant
1333 2235 1542 2318 infirmitati,
1591 2262 1650 2308 ros
1676 2234 1971 2310 iudicabitlleus.
2029 2235 2213 2308 Secundae
2229 2234 2326 2308 Petri
2343 2243 2492 2308 secundo:
2511 2236 2535 2307 Si

552 2366 588 2423 ct
612 2352 679 2418 lide
702 2359 827 2439 petunt
854 2341 1026 2412 auxilium
1053 2350 1087 2405 et
1116 2336 1431 2422 condonationem,
1466 2360 1541 2406 non
1592 2364 1673 2411 cum
1691 2337 1895 2426 effugissent
1911 2337 2180 2431 inquinamenta
2196 2341 2324 2410 mundi
2345 2365 2405 2432 per
2423 2340 2536 2429 agnitio·

552 2453 720 2524 amittunt
750 2446 929 2536 gratiam,
968 2438 1143 2531 Spiritum
1173 2452 1334 2508 sanctum
1367 2453 1402 2512 et
1425 2439 1543 2513 fidem.
1592 2467 1675 2512 nem
1693 2438 1839 2510 Domini
1858 2454 1891 2510 et
1907 2441 2093 2520 servatoris
2108 2439 2186 2511 Iesu
2200 2436 2349 2528 Christi,
2373 2441 2535 2513 rursusillit

552 2553 602 2626 Et
617 2553 696 2622 talis
713 2547 900 2620 infirmitas
915 2556 1061 2614 vocatur
1076 2540 1183 2630 vulgo
1198 2554 1380 2632 peccatum
1402 2541 1542 2613 veniale
1593 2541 1759 2634 impliciti
1776 2555 2004 2634 superantur,
2028 2544 2119 2615 liunt
2134 2544 2184 2612 eis
2199 2546 2394 2635 posteriora
2406 2543 2533 2616 deteriora

556 2659 596 2726 itt
613 2653 754 2726 sanclis·
1596 2646 1790 2740 prioribus.
1849 2638 2022 2714 Matthaei
2045 2646 2201 2715 decimo:
2229 2643 2305 2735 Qui
2326 2647 2481 2738 negaverit
2493 2665 2530 2711 ne

1595 2771 1713 2819 eoram
1732 2739 1957 2827 hominibus,
1984 2749 2119 2836 negabo
2135 2771 2217 2819 eum
2240 2773 2358 2818 coram
2382 2763 2466 2840 patre
2481 2768 2535 2814 neo

658 2857 733 2929 Atti
756 2865 839 2926 suut
862 2852 980 2942 lapsus
1004 2862 1127 2920 contra
1158 2846 1430 2933 conscientian,
1457 2865 1546 2941 quos
1596 2848 1748 2922 coelesti.
1776 2842 2270 2943 Matthaeivieesimoquarto:
2299 2849 2535 2942 Quipctsctera·
2586 2834 2592 2914 's

558 2975 687 3031 vocant
702 2957 830 3029 Graeci
851 2946 1010 3051 φονικὰς
1023 2945 1217 3048 ἁμαρτίας.
1269 2947 1317 3020 Et
1333 2949 1466 3021 Paulus
1481 2953 1546 3020 ait:
1596 2953 1689 3023 verit
1703 2953 1740 3019 in
1758 2951 1885 3032 finem,
1913 2946 1971 3020 hic
1995 2952 2114 3022 salvus
2129 2951 2204 3024 erit.
2258 2949 2427 3024 Matthaei
2449 2949 2536 3020 eicesi·
2584 2934 2592 3020 l

558 3063 750 3134 Manifesta
766 3070 852 3129 sunt
868 3079 974 3146 opera
991 3054 1128 3136 carnis,
1153 3052 1339 3138 videlicet,
1364 3077 1446 3122 cum
1461 3076 1547 3123 cno—
1597 3054 1803 3146 moquinto:
1843 3050 2021 3123 Discedite
2054 3077 2072 3122 a
2105 3076 2161 3122 me
2190 3049 2371 3125 maledicti
2395 3057 2429 3124 iu
2455 3053 2538 3140 ignea
2591 3083 2592 3116 1

558 3181 615 3236 tra
637 3162 888 3234 conscientiam
907 3157 1017 3224 violat
1040 3155 1169 3248 aliquis
1195 3156 1361 3226 mandata
1376 3151 1467 3238 Dei,
1491 3155 1548 3224 vel
1598 3170 1798 3228 aeternum:
1825 3151 1991 3240 Esurivi,
2013 3169 2047 3226 et
2063 3179 2135 3224 non
2157 3153 2408 3227 dedistismihi
2429 3155 2539 3222 mando·
2591 3213 2592 3218 ,

558 3268 750 3358 indulgens
783 3284 892 3354 pravo
923 3258 1063 3331 affectui
1085 3281 1126 3326 ac
1151 3280 1225 3325 non
1253 3279 1474 3347 repugnans:
1509 3268 1550 3326 ut
1573 3321 1576 3352 Ι
1600 3283 1697 3345 care,
1723 3271 1787 3328 ete.
1824 3253 1965 3326 Primae
1978 3259 2019 3326 ad
2035 3252 2243 3328 Corinthios
2257 3257 2495 3330 decimotertio:
2514 3251 2539 3323 si

471 3415 476 3422 ,
560 3369 648 3442 Saul
670 3369 793 3439 oderat
808 3362 999 3442 Davidem,
1026 3358 1081 3428 rel
1102 3361 1236 3427 addens
1258 3371 1444 3430 externum
1462 3358 1549 3428 laci·
1599 3356 1750 3430 habeam
1779 3381 1921 3428 omnem
1945 3359 2069 3445 fidem,
2101 3361 2330 3430 dilectionem
2364 3374 2467 3431 autem
2490 3377 2539 3424 rot

559 3495 647 3542 nus:
673 3486 714 3541 ut
725 3467 845 3539 David
861 3463 980 3555 rapuit
994 3461 1141 3531 alterius
1153 3466 1311 3535 uxorem.
1362 3460 1467 3532 Talia
1484 3464 1546 3532 de·
1600 3459 1768 3546 habeam,
1805 3455 1899 3529 nihil
1923 3484 2013 3537 sum.
2085 3458 2161 3533 Etsi
2187 3488 2262 3533 nou
2287 3480 2424 3557 propter
2443 3474 2541 3530 nostras
2584 3488 2592 3527 ι

560 3575 643 3643 licta
665 3570 923 3641 committentes
945 3566 1115 3634 amittunt
1137 3564 1310 3653 gratiam,
1340 3565 1552 3634 contristant
1575 3604 1578 3677 i
1602 3566 1751 3635 virtutes
1771 3576 1834 3633 aut
1850 3586 1957 3653 opera
1981 3564 2091 3652 iusti,
2132 3566 2269 3657 idest,
2315 3566 2437 3657 accepti
2456 3579 2541 3633 sunta
2580 3592 2592 3652 ;;

561 3669 975 3760 etexcutiuutSpiritum
990 3678 1168 3752 sanctum,
1193 3678 1230 3735 et
1243 3665 1415 3737 abiiciunt
1431 3666 1552 3748 iidem,
1575 3698 1579 3770 ἰ
1601 3666 1697 3757 Deo,
1723 3677 1843 3736 tamen
1860 3689 2000 3741 necesse
2022 3680 2073 3738 est
2097 3668 2134 3737 io
2159 3669 2265 3739 nobis
2295 3670 2434 3738 existere
2457 3666 2541 3733 incoa-
2583 3662 2592 3729 t

562 3802 603 3849 ac
626 3774 698 3845 rsisi
721 3770 975 3865 poenitentiam
995 3781 1126 3856 agant,
1164 3779 1200 3836 et
1221 3790 1344 3837 rursus
1374 3768 1419 3837 ad
1447 3768 1551 3835 fidem
1575 3773 1580 3879 l
1603 3782 1675 3837 tam
1699 3767 1955 3850 obedientiam,
1990 3770 2086 3841 iuxta
2111 3770 2225 3842 illud:
2269 3768 2341 3858 Qui
2366 3769 2477 3860 spiritu
2496 3759 2540 3833 Dei

563 3888 843 3957 convertantur,
887 3870 1078 3939 morientes
1115 3868 1336 3938 abiiciuutur
1369 3870 1409 3937 in
1439 3882 1554 3939 aeter·
1576 3882 1580 4001 i
1601 3883 1767 3959 aguntur,
1792 3862 2104 3948 hisuntliliiDei.
2143 3870 2284 3942 Primae
2302 3872 2437 3943 loannis
2451 3866 2537 3939 tertio:
2579 3881 2585 3978 p

564 3976 833 4049 uoscruciatus.
883 3970 1007 4065 Neque
1026 3994 1115 4063 opus
1131 3984 1183 4041 est
1198 3965 1268 4040 huc
1284 3970 1415 4041 adferri
1430 3971 1554 4061 dispu-
1577 4008 1580 4062 ;
1604 3970 1646 4041 ln
1674 3966 1741 4041 hoc
1762 3970 1937 4041 manifesti
1958 3986 2041 4041 sunt
2065 3974 2130 4043 lilii
2159 3971 2248 4058 Dei,
2288 3989 2323 4046 et
2346 3975 2406 4045 lilii
2429 3965 2541 4041 diaboli:
2581 3987 2585 3998 ·

566 4081 716 4152 tationes
736 4079 780 4147 de
801 4074 1130 4167 praedestinatione.
1183 4070 1256 4141 Nos
1280 4074 1325 4142 de
1345 4074 1476 4143 nostris
1497 4072 1553 4141 fa·
1576 4066 1580 4085 '
1604 4072 1677 4161 Qui
1699 4096 1773 4141 non
1792 4074 1877 4144 facit
1898 4073 2091 4162 iusticiam,
2125 4100 2198 4145 non
2220 4087 2271 4146 est
2293 4101 2335 4146 ex
2360 4074 2440 4147 Deo.
2493 4065 2541 4156 Qtl
2581 4100 2592 4165 ,1

566 4184 652 4267 ctis,
677 4197 711 4249 et
732 4182 777 4249 de
801 4177 982 4247 voluntate
1004 4200 1044 4245 ac
1068 4173 1202 4244 iudicio
1229 4174 1320 4258 Dei,
1354 4175 1449 4246 iuxta
1474 4198 1554 4245 ver·
1605 4200 1679 4245 non
1705 4176 1823 4264 diligit
1844 4176 2012 4271 tratrem,
2054 4191 2173 4249 manet
2196 4179 2234 4247 io
2260 4192 2383 4253 morte.
2447 4168 2540 4249 Ftttott.
2584 4174 2592 4259 3.

566 4286 654 4355 hum
680 4282 747 4353 Dei
770 4300 970 4371 expressum
1002 4276 1240 4368 pronunciare
1267 4277 1447 4348 debemus.
1514 4275 1554 4348 Si
1605 4302 1711 4349 nemo
1739 4277 1888 4368 decipiat
1913 4300 1987 4352 ros.
2045 4276 2119 4368 Qui
2142 4281 2225 4351 lacit
2250 4282 2437 4364 iusticiam,
2466 4276 2543 4344 instet
2584 4280 2592 4337 '1

566 4386 687 4457 David
717 4406 792 4452 ston
814 4380 1036 4471 resipuisset,
1060 4378 1185 4449 luisset
1203 4378 1362 4448 abiectus
1384 4382 1423 4447 in
1442 4391 1555 4449 aeter·
1607 4394 1672 4450 est.
1724 4377 1798 4468 Qui
1822 4380 1904 4449 lacit
1928 4378 2126 4471 pe'ccatum,
2159 4408 2200 4453 ex
2222 4384 2366 4454 diabolo
2388 4395 2443 4450 est
2491 4372 2543 4443 litt·
2591 4432 2592 4437 ,

568 4509 636 4559 nos
660 4485 862 4574 cruciatus,¹
883 4482 972 4553 sicut
994 4480 1091 4551 Saul.
1155 4478 1333 4549 Securitas
1354 4480 1425 4549 alte
1447 4478 1554 4551 infixa
1605 4505 1708 4551 mana
1724 4482 1890 4552 securitas
1909 4497 2074 4555 extenuat
2088 4486 2367 4575 magnitudinem
2387 4494 2542 4551 nostrorum

569 4605 620 4660 est
644 4587 774 4656 animis
797 4579 1004 4681 homiuum,
1042 4580 1246 4671 praesertim
1270 4584 1405 4654 otiosi.
1470 4580 1554 4652 ldeo
1579 4604 1582 4645 t
1604 4585 1788 4673 lapsuum,
1813 4586 1872 4653 sed
1896 4584 1977 4655 vide
2002 4612 2107 4680 quam
2131 4583 2198 4659 hae
2220 4589 2292 4659 sint
2313 4604 2437 4659 atroces
2451 4582 2542 4649 mittar.
2583 4633 2592 4642 ,.

568 4690 850 4771 cavendumest,
875 4709 921 4755 ne
944 4680 1029 4753 huie
1050 4682 1144 4751 malo
1167 4679 1433 4775 indulgeamus,
1460 4687 1555 4775 quod
1605 4683 1702 4774 Quid
1727 4686 1932 4776 potuitdiei
1957 4690 2172 4775 terribilius,
2207 4714 2313 4784 quam
2334 4689 2422 4781 qnod
2445 4676 2541 4774 inquit:
2591 4706 2592 4741 t

569 4793 677 4860 vatriis
719 4788 955 4880 praetextibus
994 4784 1233 4857 confirmatur.
1310 4784 1556 4876 Proponamus
1606 4786 1990 4878 Quilacitpeccatunt,
2019 4816 2060 4861 ex
2085 4793 2229 4863 diabolo
2255 4804 2324 4873 est,
2350 4788 2486 4867 horest,
2505 4801 2543 4846 tt·
2591 4834 2592 4839 η

569 4894 837 4962 nobisverbum
856 4884 944 4971 Dei,
971 4887 1067 4955 iusta
1089 4886 1197 4953 illud:
1230 4884 1391 4961 Lucerna
1408 4889 1556 4978 pedibus
1608 4890 1728 4981 ptivus
1751 4902 1803 4959 est
1827 4890 1979 4977 diaboli,
2011 4893 2164 4983 agitatur
2189 4910 2221 4965 et
2247 4892 2434 4982 impellitur
2455 4888 2543 4959 abeo,
2584 4908 2592 5002 i.

567 4995 656 5066 streis
678 4995 825 5074 verbum
852 5002 967 5059 tuum
1027 4986 1066 5055 ld
1089 4984 1374 5057 testaturamitti
1398 4992 1558 5079 gratiam,
1605 4989 2108 5083 desertusaSpiritusancto,
2134 4998 2290 5067 abiectus
2313 5020 2331 5062 a
2352 4990 2431 5063 Deo.
2473 4984 2542 5056 Sicut
2585 5005 2592 5072 p.

569 5113 602 5167 et
626 5096 742 5166 excuti
768 5092 941 5185 Spiritum
963 5103 1123 5157 sanctum
1145 5114 1210 5181 per
1233 5092 1319 5160 tales
1342 5094 1479 5182 lapsus,
1519 5109 1558 5165 ut
1606 5093 1711 5164 etiam
1733 5108 1880 5163 eventus
1905 5108 2090 5168 testantur.
2151 5096 2334 5187 Quantum
2360 5090 2542 5175 unuslapsus
2585 5075 2592 5141 l

566 5197 708 5269 Roman
725 5196 778 5266 8.:
804 5192 845 5265 Si
861 5192 1055 5260 secundum
1070 5214 1213 5261 carnem
1229 5193 1399 5274 vixeritis,
1422 5195 1553 5264 morie·
1605 5191 1755 5267 Davidis
1777 5196 1947 5265 scelerum
1965 5213 1997 5268 et
2021 5200 2262 5272 calamitatum
2286 5194 2437 5299 peperit?
2469 5186 2541 5257 Post·
2585 5207 2590 5286 p

567 5300 667 5372 titini.
708 5290 839 5368 Matth.
852 5297 930 5365 1-2.:
957 5288 1011 5359 De
1027 5292 1171 5361 diabolo
1189 5296 1415 5364 redeuntead
1431 5322 1554 5379 eos,a
1607 5319 1712 5388 quam
1735 5296 1820 5365 vicit
1845 5286 1977 5385 libido,
2004 5315 2103 5391 rapta
2129 5305 2273 5373 alterius
2289 5300 2444 5386 coniuge,
2465 5282 2542 5357 mari·

568 5401 699 5493 quibus
726 5398 856 5468 eiectus
885 5397 1029 5464 iuerat:
1068 5395 1168 5462 vadit
1195 5409 1227 5465 et
1251 5398 1398 5467 assumit
1420 5414 1553 5486 septem
1606 5413 1682 5467 tutu
1698 5398 1797 5468 iubet
1813 5400 1978 5483 interfici,
2000 5418 2034 5473 et
2049 5429 2119 5473 una
2138 5406 2240 5475 multi
2256 5404 2364 5477 cives,
2391 5395 2449 5464 viri
2464 5380 2541 5459 santii

566 5504 655 5572 alios
677 5499 822 5592 spiritus
843 5495 1032 5589 nequiores
1054 5517 1108 5579 se,
1140 5508 1175 5564 et
1196 5497 1371 5569 intrantes
1392 5494 1554 5571 habitant
1608 5516 1640 5571 et
1657 5500 1942 5590 lortesperennt,
1972 5528 2102 5574 nomen
2118 5505 2183 5576 Dei
2202 5502 2408 5575 contumelia
2422 5492 2540 5566 afficitur.

565 5606 635 5684 ibi,
669 5618 704 5673 et
726 5602 816 5669 flunt
837 5598 1030 5669 novissima
1055 5599 1173 5691 peiora
1200 5600 1390 5687 prioribus.
1457 5602 1552 5671 illat-
1607 5601 1730 5669 Postea
1749 5603 1841 5670 tilius
1859 5624 1975 5676 utovet
1991 5608 2217 5690 seditionem,
2243 5608 2422 5695 rapiuntur
2441 5600 2476 5665 ad
2492 5602 2541 5658 ⁵1¹¹·

564 5702 660 5775 thaei
682 5704 741 5774 ta.
763 5702 808 5771 de
829 5701 964 5769 semine
980 5704 1075 5791 quod
1100 5702 1341 5789 strangulatur
1362 5704 1559 5771 mundanis
1609 5728 1710 5794 prum
1729 5730 1747 5770 a
1765 5704 1837 5771 filio
1855 5708 2021 5799 coniuges
2039 5709 2166 5799 patris,
2192 5709 2328 5779 nefario
2348 5716 2380 5775 et
2400 5702 2538 5789 plusqua

565 5806 756 5891 illecebris,
781 5802 917 5899 primae
940 5804 985 5872 ad
1011 5795 1220 5873 Corinthios
1244 5820 1358 5877 serto:
1384 5803 1441 5875 Ne
1466 5828 1559 5877 etre-
1608 5806 1740 5897 tragieo
1756 5807 1897 5901 scelere,
1924 5811 2186 5883 interficiuntur
2198 5811 2309 5885 molta
2324 5804 2426 5879 millia
2439 5795 2540 5869 citium·
