5825 6950
2350 404 2648 412 -———————-—

324 683 421 769 tstt
554 678 658 763 Xill.
706 676 745 756 li.
770 670 1074 756 numento
1099 672 1260 756 EPlS‘l'.
1286 670 1440 755 PAULI
1464 668 1534 753 AD
1560 670 1919 767 GOLOSSENSES.
1977 685 2081 765 cett
2103 690 2133 773 l.
2261 692 2361 779 teta

322 856 544 936 tercessionis
564 850 723 943 Christi,
758 852 820 928 sed
843 863 897 925 est
921 850 1096 928 conectio
1118 850 1250 925 erroris
1270 854 1315 925 de
1365 848 1514 942 augelus
1536 850 1748 946 intelligitur
1767 881 1916 952 persona
1933 860 2056 938 missa:
2084 887 2234 958 persona
2248 868 2358 945 bene-

320 962 512 1037 omissione
537 973 679 1033 nostrae
701 954 935 1052 precationis,
968 978 1030 1028 seu
1054 956 1252 1028 admonitio
1273 969 1314 1028 ut
1367 956 1491 1025 dicens
1507 968 1569 1028 atu
1584 957 1741 1030 liberans
1754 986 1829 1034 uon
1854 976 1906 1035 est
1929 968 2086 1059 augelus,
2112 971 2175 1065 qui
2190 985 2242 1044 est
2253 962 2359 1046 mea·'

321 1068 538 1157 adiungatur
570 1076 692 1135 nostra
725 1059 896 1157 precatio.
953 1058 1028 1131 lam
1058 1061 1173 1151 cogita
1206 1083 1313 1154 quam
1365 1068 1470 1144 tura,
1510 1069 1545 1129 et
1572 1054 1705 1135 Paulus
1734 1088 1895 1157 expresse
1923 1068 2009 1141 dicit
2031 1066 2215 1145 Christum
2247 1074 2354 1151 luisse

320 1170 421 1241 dulce
438 1168 650 1239 mandatum
666 1165 731 1249 sit,
756 1164 854 1259 quod
869 1162 1061 1256 praecipit,
1084 1176 1127 1234 ut
1141 1185 1207 1234 nos
1221 1184 1313 1257 qno-
1364 1162 1459 1252 apud
1477 1172 1592 1252 patres
1607 1162 1646 1234 in
1660 1166 1822 1254 deserto,
1846 1182 1879 1241 et
1903 1164 1977 1263 ipse
1992 1172 2126 1267 inquit:
2151 1172 2245 1249 Ante
2297 1160 2361 1249 arn'

319 1270 673 1366 queacccdamusad
689 1266 826 1353 Deum,
848 1276 891 1336 ut
912 1288 978 1335 uos
1001 1268 1046 1335 ad
1069 1264 1180 1358 ipsius
1199 1264 1313 1335 inter·
1364 1258 1546 1333 Abraham
1563 1280 1751 1354 natusest,
1778 1292 1841 1361 ego
1859 1296 1949 1343 sum.
1982 1270 2031 1345 Et
2046 1272 2240 1349 hoclocoa
2282 1276 2354 1352 Co·
2406 1348 2416 1359 ,

319 1374 515 1445 cessionem
531 1370 765 1462 adiungamus
782 1381 903 1439 nostra
925 1380 1008 1440 vota
1031 1381 1067 1439 et
1089 1382 1229 1439 nostros
1252 1389 1312 1459 ge·
1363 1364 1518 1435 lossenes
1553 1366 1671 1465 iuquit
1707 1368 1866 1459 Paulus,
1910 1399 1974 1466 per
2009 1372 2191 1451 Christum
2231 1376 2353 1454 omnia

319 1475 447 1561 nitus,
473 1475 553 1547 vult
569 1486 605 1545 te
621 1498 762 1568 quoque
777 1469 935 1564 precari,
955 1492 1022 1539 uec
1035 1470 1113 1541 vult
1129 1494 1194 1541 uns
1211 1471 1312 1560 igna—
1363 1468 1506 1539 condita
1523 1491 1596 1540 esse
1611 1486 1645 1542 et
1661 1476 1874 1553 conservari.
1922 1474 2004 1549 Non
2026 1493 2110 1552 sont
2128 1498 2245 1556 autem
2266 1507 2353 1556 con·

321 1600 383 1648 ros
400 1589 465 1648 ant
482 1576 619 1649 otiosos
636 1576 768 1646 milites
783 1597 876 1660 esse,
903 1574 963 1644 sed
981 1572 1059 1643 vult
1073 1586 1113 1643 ut
1130 1573 1199 1664 ipsi
1221 1596 1312 1665 quo-
1363 1570 1457 1640 ditae
1475 1584 1655 1645 creaturae
1670 1600 1733 1667 per
1753 1590 1916 1649 naturam
1938 1577 2149 1676 humanam,
2177 1600 2212 1659 et
2233 1596 2358 1663 tamen

321 1702 388 1776 que
413 1680 625 1750 accedamus
647 1680 692 1748 ad
711 1675 850 1767 Deum,
872 1676 967 1746 sicut
984 1676 1057 1745 dur
1080 1676 1158 1747 vult
1180 1675 1312 1745 milites
1363 1672 1403 1742 iu
1417 1668 1484 1742 hoc
1501 1668 1647 1747 homine
1661 1675 1803 1751 Christo
1821 1696 1872 1753 est
1887 1698 2011 1757 natura
2029 1686 2215 1759 conditrix.
2256 1682 2354 1781 Ergo

321 1781 426 1853 simul
442 1779 614 1872 praeliari
630 1794 696 1857 etc.
754 1776 832 1850 Hac
856 1777 1085 1869 grammatica
1099 1789 1135 1848 et
1150 1802 1232 1848 vera
1254 1800 1312 1846 re-
1362 1770 1474 1873 λόγος
1490 1799 1563 1847 nou
1581 1791 1633 1850 est
1647 1802 1756 1852 sonus
1775 1806 1998 1859 evanescens.

320 1884 513 1977 sponsione
537 1883 697 1955 conteuti
721 1880 852 1968 simus,
881 1893 920 1952 et
939 1880 1208 1951 meminerimus
1229 1878 1313 1950 dul·
1465 1876 1699 1954 Coniirmatio
1724 1896 1775 1955 est
1801 1887 1905 1955 etiam
1937 1888 2085 1960 illustris
2118 1890 2157 1961 in
2180 1888 2284 1963 dictis
2308 1890 2354 1962 de

321 1987 496 2057 tissimum
523 1985 804 2057 consolationem
830 1982 937 2053 uubis
969 1982 1190 2076 propositam
1223 2004 1311 2065 esse,
1363 1974 1655 2071 Omnipotentia,
1682 2011 1761 2056 cum
1780 1986 1914 2082 inquit:
1942 1984 2020 2081 Ego
2045 1992 2153 2065 vitam
2173 2007 2352 2066 aeternam

319 2112 405 2183 quae
428 2088 604 2173 affirmat,
638 2102 672 2159 et
692 2085 809 2158 audiri
832 2096 973 2157 nostras
1000 2107 1121 2185 preces
1145 2100 1181 2157 et
1203 2084 1312 2156 simul
1362 2083 1487 2153 doeis.
1540 2085 1647 2157 Item:
1673 2086 1748 2179 Ego
1765 2112 1843 2159 sum
1868 2092 1967 2178 vitis,
1991 2117 2054 2164 vos
2071 2094 2250 2187 palmites,
2276 2096 2353 2167 sina

321 2213 396 2262 cum
419 2190 496 2261 lilio
512 2188 617 2283 diligi
636 2201 783 2283 pmpter
804 2188 945 2281 ipsum,
969 2189 1062 2259 sicut
1083 2190 1207 2257 eodem
1229 2188 1309 2259 loco
1362 2210 1419 2255 me
1440 2181 1536 2255 nihil
1552 2189 1697 2278 potestis
1710 2192 1833 2268 iacere.
1885 2188 1932 2265 Et
1955 2192 2199 2270 1.10han.4‚:
2225 2194 2268 2269 lu
2285 2192 2354 2268 hoe

321 2294 464 2365 dicitnr:
489 2290 570 2385 lpse
583 2308 686 2387 pater
701 2290 821 2381 diligit
834 2312 910 2367 vus.
949 2288 1053 2361 Hauc
1067 2290 1309 2361 dulcissimam
1363 2288 1512 2372 scimus,
1540 2292 1634 2383 quod
1660 2294 1699 2363 in
1724 2318 1766 2365 eo
1789 2319 1989 2383 manemus,
2015 2298 2146 2391 etipse
2173 2301 2212 2369 in
2236 2296 2354 2381 uobis,

323 2394 601 2467 consolationem
633 2416 709 2467 uon
740 2395 903 2466 sinamus
928 2393 1112 2488 corrumpi
1138 2406 1311 2465 venenata
1363 2390 1514 2485 quiade
1537 2394 1663 2483 spiritu
1689 2398 1959 2471 suodatuohis.
2011 2398 2145 2473 Natura
2161 2402 2260 2475 finita
2278 2425 2352 2471 uon

322 2494 526 2593 sophistica.
1364 2508 1479 2585 potest
1493 2496 1577 2565 dare
1593 2494 1766 2589 Spiritum
1784 2515 1956 2576 sanctum.
2008 2498 2074 2576 Est
2091 2526 2173 2599 ergo
2195 2517 2278 2576 ante
2297 2526 2353 2573 as-

413 2597 618 2673 Erordinm
650 2597 811 2672 continet
841 2596 1035 2692 gratiarum
1068 2595 1244 2670 actionem
1275 2608 1311 2669 et
1362 2596 1577 2670 sumtioueut
1594 2615 1741 2671 naturae
1753 2597 1929 2673 humanae
1945 2628 2094 2697 persona
2116 2606 2239 2693 missa,
2265 2629 2355 2703 quae

321 2702 582 2795 precationem,
619 2702 710 2775 sicut
740 2704 779 2774 in
801 2702 956 2774 exordiis
980 2700 1131 2771 maxime
1155 2714 1253 2791 grata
1276 2709 1311 2771 et
1362 2693 1472 2797 λόγος
1494 2713 1528 2771 et
1545 2696 1664 2791 Imago
1689 2706 1824 2776 aeterni
1847 2706 1957 2797 patris
1972 2706 2122 2799 dicitur,
2144 2721 2184 2779 ut
2198 2704 2309 2779 Ilebr.
2321 2710 2354 2785 1.

319 2804 440 2878 usitata
454 2819 548 2878 snut
561 2807 671 2878 verba
689 2806 893 2887 affectuum,
911 2803 1204 2895 gratulationum,
1224 2826 1311 2897 que-
1362 2824 1523 2892 expresse
1544 2805 1750 2877 nominatur
1770 2800 2004 2908 ἀπαύγασμα
2026 2812 2179 2901 gloriae,
2205 2806 2274 2883 hoc
2290 2825 2352 2893 est,

318 2906 466 2981 celarum
483 2921 558 2981 etc.
593 2907 727 3004 Estque
741 2931 879 2980 somma
898 2906 1110 2979 sententiae:
1136 2903 1213 2978 Deo
1230 2928 1311 2997 gra·
1362 2905 1453 2976 lucis
1476 2918 1660 2995 paternae,
1692 2909 1885 3001 sapientiae
1913 2928 1947 2983 et
1968 2912 2207 2999 iusticiae,·et
2232 2911 2353 3004 imago

321 3010 381 3081 tias
400 3034 494 3103 ago,
517 3013 617 3107 quod
641 3032 706 3081 vos
729 3014 775 3083 ad
798 3011 1015 3102 agnitionem
1033 3009 1099 3079 lilii
1115 3008 1254 3081 vocavit
1277 3021 1312 3078 et
1361 3007 1581 3079 substantiae
1608 3022 1785 3101 pateruae.
1839 3009 1974 3084 ibidem
2006 3014 2112 3084 etiam
2145 3016 2354 3097 affirmatur,

321 3116 470 3187 accendit
492 3116 601 3186 corda
625 3128 759 3197 vestra,
790 3126 832 3185 nt
852 3111 1048 3201 Evangelio
1071 3111 1241 3193 credatis,
1275 3122 1310 3181 et
1364 3133 1427 3202 per
1449 3105 1565 3197 hunc,
1598 3112 1661 3206 qui
1685 3126 1734 3185 est
1758 3114 1874 3207 imago
1898 3116 2033 3185 aeterni
2067 3118 2196 3208 patris,
2233 3118 2354 3187 omnia

321 3231 520 3290 orontvos
541 3218 736 3290 confirmet.
787 3213 885 3286 Haec
900 3214 1033 3287 Paulus
1046 3214 1209 3306 pluribus
1231 3235 1312 3282 ver·
1365 3210 1509 3284 condita
1526 3235 1600 3282 esse
1618 3228 1652 3287 et
1670 3218 1869 3288 sustentari.
1922 3214 2019 3288 Haec
2035 3233 2161 3291 natura
2177 3218 2354 3289 conditrix

321 3315 371 3386 bis
391 3320 506 3406 dicit,
540 3320 580 3389 in
603 3320 734 3414 quibus
755 3314 877 3411 phrasi
901 3318 1121 3388 considerata
1143 3310 1237 3386 nihil
1258 3325 1313 3386 est
1363 3338 1444 3385 cum
1472 3314 1517 3386 sit
1543 3314 1581 3385 in
1602 3311 1749 3389 homine
1765 3314 1927 3406 Christo,
1954 3342 2092 3391 necesse
2110 3335 2161 3392 est
2182 3343 2256 3391 non
2281 3343 2354 3391 esse

322 3421 558 3495 obscuritatis.
596 3418 734 3518 Estque
748 3434 864 3494 sumta
881 3418 1055 3492 sententia
1072 3443 1114 3490 ex
1129 3417 1313 3490 communi
1364 3430 1631 3490 evanescentem
1660 3442 1799 3494 sonum.
1857 3419 2008 3517 Alioqui
2041 3422 2136 3495 euim
2166 3446 2240 3494 non
2265 3435 2354 3496 esset

321 3523 473 3596 doctriua
491 3579 503 3612 ,
524 3528 620 3620 quod
637 3524 872 3616 Evangelium
888 3523 934 3596 sit
950 3521 1121 3615 sapientia
1136 3545 1210 3592 uon
1226 3534 1311 3593 uota
1364 3521 1403 3590 in
1421 3514 1568 3591 homine
1583 3517 1747 3612 Christo,
1775 3525 1804 3594 si
1820 3541 1908 3598 esset
1924 3550 2034 3597 sonus
2049 3550 2270 3600 evanescens.

320 3624 464 3714 rationi,
504 3633 565 3699 sed
593 3628 764 3699 immense
796 3625 1038 3697 misericordia
1061 3624 1128 3696 [lei
1158 3623 1311 3695 revelata
1464 3621 1608 3696 Dicitur
1620 3640 1736 3700 antem
1753 3627 1888 3719 Imago,
1909 3629 1992 3722 quia
2010 3643 2111 3727 pater
2123 3653 2197 3702 sese
2211 3629 2354 3703 intuens
2420 3675 2427 3686 ·

321 3730 530 3821 petillium.
590 3727 700 3813 ltem,
725 3731 822 3824 quod
844 3724 937 3800 hanc
954 3727 1153 3798 mirandam
1171 3726 1312 3819 sapien·
1363 3719 1431 3795 hac
1445 3725 1656 3815 cogitatione
1671 3727 1726 3798 sui
1742 3731 1854 3822 giguit
1869 3732 2057 3822 imaginem
2076 3755 2193 3818 stram,
2218 3746 2253 3804 et
2273 3753 2354 3801 cum

319 3830 398 3901 tiam
419 3834 520 3906 racio
545 3856 621 3904 non
644 3832 793 3925 accipiat
817 3833 905 3917 lide,
929 3831 1001 3901 nisi
1021 3829 1097 3900 lilio
1113 3829 1190 3922 ipso
1205 3853 1312 3900 mou·
1364 3823 1452 3899 haec
1473 3827 1591 3920 imago
1615 3830 1857 3904 substantialis
1879 3835 2008 3904 deinde
2026 3833 2157 3924 iulgaat
2173 3833 2211 3902 in
2226 3847 2354 3904 natura

319 3945 464 4019 sternte,
515 3949 651 4007 mentes
677 3948 712 4006 et
741 3936 849 4006 corda
872 3935 1087 4004 accendente
1120 3945 1155 4003 et
1179 3931 1311 4002 confir·
1363 3925 1533 4001 humanat
1543 3927 1697 4014 Christi,
1731 3933 1794 4029 qui
1818 3935 1970 4028 perfecte
1989 3937 2145 4027 agnoscit
2171 3949 2354 4010 aeteruum

318 4052 450 4126 mante,
480 4051 522 4111 ut
535 4038 772 4111 assentiamur
786 4051 823 4109 et
837 4037 1055 4108 retineamus
1069 4035 1309 4105 assensionem
1363 4043 1520 4126 patrem,
1553 4046 1588 4105 et
1618 4035 1771 4127 perlecta
1803 4037 1919 4108 iustus
1952 4052 2020 4124 est,
2054 4053 2088 4108 et
2122 4037 2248 4108 similis
2278 4033 2354 4108 Deo

322 4150 355 4211 et
385 4141 516 4231 tidem,
550 4142 642 4213 sicut
664 4138 797 4210 Paulus
828 4139 948 4234 inquit
986 4139 1033 4209 ad
1062 4134 1223 4208 Galatas:
1263 4134 1313 4210 Ut
1363 4148 1511 4229 propter
1535 4137 1727 4228 imaginem
1752 4139 2020 4213 substantialem
2048 4140 2086 4209 in
2117 4141 2194 4232 ipso
2216 4137 2355 4230 fulgen-

324 4245 590 4335 promissionem
609 4242 754 4337 spiritns
769 4241 984 4336 accipiamus
999 4237 1197 4336 perfidem.
1343 4235 1347 4250 '
1364 4252 1454 4308 tem:
1478 4237 1610 4312 dicitur
1621 4235 1786 4315 Christus
1801 4239 1898 4314 Dens
1912 4255 1948 4316 et
1962 4237 2069 4314 horno
2087 4243 2203 4334 imago
2221 4239 2355 4314 aeterni

1389 4339 1488 4414 atris.

555 4405 666 4510 Quid
676 4419 729 4482 ’δ’
745 4408 851 4506 5⁰¹⁰&
852 4433 874 4480 ⁰
886 4405 984 4496 Μ’
1011 4415 1073 4484 ⁶¹⁶·
1361 4364 1388 4434 p
1465 4437 1558 4514 Cum
1575 4456 1694 4517 autent
1709 4445 1841 4519 elicitur
1856 4445 1973 4519 Filius
1996 4447 2111 4539 imago
2133 4441 2268 4517 aeterni
2292 4465 2356 4535 pa-

422 4549 468 4623 ln
481 4545 628 4623 Christo
643 4560 728 4621 nato
744 4571 786 4620 ex
803 4547 943 4638 virgine
958 4567 1033 4617 esse
1051 4545 1141 4616 duas
1158 4559 1315 4633 naturas,
1364 4542 1449 4630 tris,
1473 4545 1666 4636 cogitemus
1682 4571 1755 4621 non
1772 4549 1888 4621 solnm
1906 4551 1950 4620 de
1967 4573 2093 4622 arcana
2111 4547 2220 4642 patris
2239 4558 2273 4616 et
2289 4543 2354 4612 filii

325 4645 453 4753 λόγον,
487 4665 522 4725 et
546 4667 712 4725 naturam
734 4646 950 4734 humanam,
981 4669 1143 4740 expresse
1162 4649 1316 4732 assirmat
1366 4647 1578 4733 collatione,
1605 4651 1666 4720 sed
1689 4653 1733 4722 de
1754 4651 1989 4744 patefactione
2010 4676 2090 4743 erga
2115 4672 2193 4727 nos.
2254 4641 2356 4716 'ratis

326 4759 480 4829 narratio
508 4756 549 4826 in
577 4751 763 4827 lohannes
800 4747 849 4826 Et
873 4749 1033 4822 Verbum
1064 4772 1147 4821 caro
1181 4750 1313 4822 lactum
1367 4762 1418 4821 est
1434 4762 1550 4838 pater,
1576 4752 1716 4846 qualem
1734 4753 1918 4824 esseillius
1940 4755 2151 4840 annunciat,
2179 4763 2214 4823 et
2240 4769 2355 4819 sermo

325 4871 393 4940 est,
417 4876 453 4934 et
466 4852 581 4958 λόγον
597 4877 903 4928 nonessesonum
918 4865 1201 4936 evanescentem,
1224 4853 1317 4925 sicut
1368 4851 1705 4942 estimagomeutis.
1760 4853 1844 4926 ldeo
1867 4857 2014 4927 dicitur:
2043 4855 2156 4927 Deum
2178 4875 2286 4923 nemo
2303 4849 2357 4918 vi·

325 4961 429 5035 multi
444 4975 559 5035 astute
572 4959 729 5034 caviliati
747 4969 853 5043 sunt,
877 4956 939 5027 sed
957 4979 1032 5027 esse
1046 4947 1317 5052 ὑφιστάμενον,
1369 4954 1424 5026 dit
1439 4977 1617 5046 uuquam,
1642 4959 1702 5028 sed
1726 4957 1819 5028 filius
1836 4959 1896 5050 qui
1912 4973 1964 5029 est
1979 4963 2017 5026 in
2031 4958 2112 5029 sinu
2130 4955 2257 5050 putris,
2281 4951 2357 5044 ipse

326 5058 386 5136 illa
402 5065 479 5158 ipsa
493 5064 652 5136 narratio
671 5063 711 5133 iu
729 5056 890 5132 iohanne
905 5058 1074 5134 ostendit.
1369 5057 1549 5129 enarravit
1571 5056 1689 5136 nohis.
1741 5057 1845 5131 ltem:
1871 5057 1984 5131 Nemo
2007 5061 2109 5131 novit
2132 5073 2265 5150 patrem
2287 5050 2358 5127 nisi

426 5167 499 5240 set
515 5180 697 5239 teneamus
718 5164 874 5234 illustres
894 5159 1201 5247 confirmationes,
1225 5183 1318 5255 qnae
1369 5159 1483 5246 lilius,
1506 5173 1542 5231 et
1555 5159 1612 5231 cui
1628 5163 1722 5233 volet
1737 5161 1831 5233 lilius
1844 5161 2011 5234 revelare.
2053 5159 2112 5232 Sic
2127 5161 2237 5252 igitur
2250 5177 2359 5246 agno·

330 5265 529 5358 cogitentur
540 5269 580 5339 in
596 5267 804 5363 quotidiana
821 5266 1059 5341 invocatione.
1111 5261 1237 5336 ludico
1257 5263 1319 5333 iir-
1371 5284 1509 5333 scamus
1530 5261 1670 5345 Deum,
1703 5263 1795 5336 sicut
1821 5288 1885 5358 per
1907 5259 2004 5335 hunc
2027 5263 2141 5336 filium
2166 5259 2359 5356 patefactus

329 5387 428 5440 mum
443 5370 685 5441 testimouium
708 5391 783 5440 esse
807 5366 1090 5455 invocationem,
1114 5387 1184 5462 qua
1204 5377 1321 5456 patres
1372 5378 1444 5442 est,
1471 5364 1621 5451 scilicet,
1653 5366 1868 5459 sapientem,
1897 5377 2076 5450 v'eracem,
2108 5367 2263 5442 bonum,
2296 5359 2359 5427 ba-

333 5468 566 5566 sllnquuntur
580 5469 678 5544 hunc
692 5469 912 5552 Dominum,
935 5483 977 5541 ut
991 5481 1151 5561 agentem
1172 5467 1321 5559 aliquid.
1374 5467 1545 5547 neiicum,
1569 5467 1720 5554 iustum,
1745 5467 1919 5549 indicem,
1946 5480 2103 5554 castum,
2133 5462 2359 5548 omnipulen·

333 5567 501 5646 Sentiunt
517 5573 629 5663 igitur
642 5597 716 5645 esse
739 5564 1000 5670 ὑφιστάμενον
1015 5569 1158 5652 vivum,
1184 5568 1320 5644 intelli·
1373 5581 1465 5655 tem,
1498 5569 1732 5641 liberrimum.
1798 5567 1846 5641 Et
1866 5593 2069 5666 quanquam
2093 5557 2361 5634 immutabiliter

335 5687 492 5763 gentem,
516 5689 654 5748 etcum
678 5690 779 5768 patre
802 5673 997 5756 elticacem,
1017 5672 1109 5745 sicut
1128 5672 1177 5743 ait
1199 5671 1321 5742 iacob:
1374 5661 1573 5756 instnsest,
1599 5686 1716 5744 tamen
1739 5671 1978 5744 remittentem
1994 5677 2134 5760 peccata
2153 5675 2187 5732 et
2210 5661 2360 5732 redden-

336 5767 529 5851 Bencdicat
542 5773 600 5848 his
615 5777 735 5872 pueris
750 5773 870 5858 Dens,
893 5790 930 5849 et
942 5775 1091 5867 angelos
1110 5774 1174 5870 qui
1192 5772 1325 5870 eripuit
1375 5785 1447 5844 tem
1462 5771 1639 5844 iusticiam
1653 5787 1687 5845 et
1703 5771 1812 5844 vitam
1828 5785 2007 5843 aeternam
2029 5778 2178 5859 propter
2200 5761 2313 5831 lilium
2327 5771 2361 5829 et

339 5895 397 5950 me
409 5903 452 5952 ex
464 5879 634 5953 omnibns
647 5881 761 5952 usalis.
811 5877 884 5950 Hic
905 5878 983 5950 sine
1003 5877 1078 5949 ulla
1100 5875 1325 5949 dubitatione
1376 5895 1443 5970 per
1457 5895 1552 5946 enm.
1585 5873 1688 5947 lianc
1702 5875 1854 6048 sqiprpns
1867 5895 1950 5944 vere
1966 5869 2185 5941 voluntatem
2199 5861 2269 5934 Dei
2281 5881 2365 5946 esse,
