5825 6950
464 3589 480 3606 ’
590 3580 833 3666 extinguatur,
857 3571 917 3638 sed
942 3587 1078 3653 semper
1093 3565 1137 3631 sit
1152 3555 1329 3643 Ecclesia,
1355 3556 1579 3648 sempersint

565 708 644 823 ³⁷9
1000 764 1010 773 ,
1157 676 2014 797 enmonosonnranxrornoa,
2140 737 2195 781 ,,
2515 694 2596 777 aso

677 907 945 986 Petersoncte,
969 914 1074 969 servo
1091 914 1149 967 eos
1166 890 1370 967 innomine
1385 898 1460 969 too.
1613 860 1783 980 ffllnilulg
1814 854 1899 1034 [Εἴ
1940 856 2036 933 inste
2067 856 2199 947 (litetle,
2224 858 2370 961 dieitur:
2423 858 2469 935 Iu
2501 866 2602 937 uobis

1614 988 1727 1039 unum
1754 987 1838 1037 san.

674 1084 761 1159 nisi
798 1097 905 1168 supra
937 1066 1149 1165 precationis
1184 1064 1253 1138 tria
1290 1086 1364 1136 esse
1402 1061 1563 1135 membra
1714 1063 1797 1162 Non
1825 1060 1893 1137 boc
1915 1064 2003 1157 petit
2030 1076 2190 1151 hunam,
2224 1079 2267 1140 ut
2294 1066 2366 1140 sint
2393 1070 2601 1152 concordes,
2644 1144 2645 1155 g

574 1190 781 1289 meipsa,
822 1199 913 1273 quae
943 1174 988 1243 de
1023 1172 1129 1241 rebus
1163 1165 1313 1238 summis
1350 1166 1561 1260 loquuntur,
1613 1168 1705 1243 sicut
1726 1190 1829 1265 saepe
1855 1166 1895 1235 in
1927 1167 2183 1257 gubernatione
2201 1164 2360 1262 ,Reipuh
2378 1170 2454 1241 duo
2484 1172 2603 1261 magni
2644 1156 2645 1159 ¹

577 1294 769 1391 quaesunt
790 1279 895 1352 nerei
913 1273 1163 1346 constituentes
1182 1284 1219 1341 et
1239 1282 1420 1340 servantes
1436 1263 1562 1336 Eccle·
1615 1270 1684 1340 viri
1706 1270 1897 1339 concordes
1920 1270 2083 1349 luerunt,
2114 1282 2156 1339 ut
2174 1271 2357 1359 Augustos
2374 1284 2411 1345 et
2429 1273 2606 1367 ‚Agrippa

578 1402 679 1469 aiam.
727 1385 971 1461 Prisnumest,
995 1371 1205 1452 utvecitas,¹
1222 1371 1259 1441 id
1276 1384 1338 1456 est,
1362 1371 1426 1440 lux
1440 1366 1563 1438 Evan-
1614 1370 1882 1463 Epaminondas
1905 1382 1941 1441 et
1957 1367 2164 1461 Pelopidas,
2188 1374 2251 1441 sed
2266 1373 2481 1443 nominatim
2500 1374 2605 1444 dicit:

568 1496 666 1591 ‚galil
679 1513 757 1561 non
770 1486 1002 1572 extinguetur·
1053 1473 1272 1557 Secundum,
1295 1486 1338 1544 ut
1349 1483 1491 1541 maneat
1504 1468 1563 1537 in·
1615 1472 1657 1543 ln
1674 1474 1778 1545 uobis
1792 1491 1905 1542 unum
1919 1470 2011 1557 siut,
2037 1472 2167 1559 idest,
2188 1464 2291 1564 prius
2308 1486 2443 1545 mentes
2458 1472 2562 1545 Petri
2578 1489 2607 1546 et

569 1618 635 1673 ter
657 1599 819 1665 doctores
839 1579 1039 1656 concordia.
1092 1575 1256 1648 Tertium
1286 1587 1341 1645 est
1371 1571 1562 1665 applicatio
1603 1574 1761 1645 loannis
1777 1574 1855 1644 sint*
1870 1572 2055 1665 copulatae
2068 1572 2163 1661 Deo,
2186 1576 2352 1646 utri‘vero
2369 1573 2445 1647 Deo
2464 1577 2542 1647 sint
2560 1578 2606 1645 al·
2647 1578 2648 1645 l

579 1694 762 1782 sacrificii,
785 1701 824 1759 ut
840 1683 936 1755 Deus
952 1692 1096 1773 propter
1108 1672 1178 1748 hoc
1193 1674 1330 1747 Christi
1353 1674 1563 1745 sacrificium
1616 1679 1754 1769 ligatae,
1778 1688 1936 1747 etonem
1951 1676 2435 1775 doctrinam-'amplectantur
2463 1676 2606 1747 Deinde

568 1800 747 1874 omnibus
761 1787 916 1861 remittet
937 1794 1099 1875 peccata,
1123 1792 1157 1849 et
1178 1781 1238 1849 det
1253 1778 1364 1848 vitam
1382 1789 1563 1847 aeternam
1618 1780 1812 1879 copulatae!
1826 1800 1890 1871 per
1919 1798 2031 1847 unum
2063 1777 2178 1848 Deum
2202 1794 2235 1850 et
2263 1800 2373 1849 unam
2404 1781 2606 1850 doctrinam

571 1905 651 1975 dide
667 1890 952 1983 confugientibus
965 1886 1010 1954 ad
1025 1879 1220 1955 Christum.
1254 1877 1436 1949 llaectria
1451 1900 1565 1946 mem·
1618 1883 1712 1952 inter
1728 1896 1801 1951 sese
1822 1880 2045 1969 congruant*
2083 1878 2180 1955 Haec
2200 1881 2606 1970 valde·signihcantera

569 2011 646 2077 :bra
670 2000 863 2087 diligenter
888 1986 1166 2067 confiderem,
1202 1994 1332 2052 01⁰⁰ss
1354 2001 1566 2074 quaeremus
1616 1980 1761 2057 Christo
1785 1982 1876 2053 dicta
1908 1995 2010 2067 sunt,
2056 2006 2141 2053 nam
2169 2004 2246 2053 nec=
2263 1999 2383 2054 manat
2412 1985 2608 2075 plurimun

579 2107 709 2179 otiosas
723 2093 1001 2190 speculationes,
1027 2088 1088 2159 sed
1112 2086 1224 2175 ipsam
1248 2084 1358 2154 vitam
1376 2078 1565 2151 hominum
1619 2086 1826 2170 concordis,
1856 2083 1928 2153 nisi
1952 2084 1996 2152 ad
2020 2106 2132 2155 unum
2158 2085 2265 2157 linem
2289 2086 2400 2153 simili
2423 2088 2608 2155 voluntate

572 2210 802 2279 intueamur,
818 2208 862 2265 ³⁰1
883 2214 972 2286 quw
993 2190 1065 2261 Sint
1078 2209 1216 2259 summa
1232 2179 1346 2268 hona,
1370 2199 1406 2255 et
1427 2203 1567 2253 summa
1621 2191 1782 2261 tendant.
1834 2184 1926 2257 Cum
1943 2186 2038 2254 enim
2056 2186 2234 2277 incipiunt
2252 2188 2419 2257 doctores
2440 2184 2610 2285 ζυγομα-

580 2309 674 2379 mala
690 2301 924 2375 attendamus.
976 2289 1388 2371 Salomoumoriturus,
1413 2287 1442 2355 si
1466 2285 1567 2373 angi·
1617 2294 1719 2385 χεῖν,
1748 2289 1888 2359 elalius
1912 2287 2022 2358 alium
2046 2288 2152 2357 finem
2175 2290 2327 2379 expetit,
2363 2288 2458 2358 alius
2474 2290 2612 2382 quaerit

571 2428 641 2487 ,tue
657 2411 702 2479 de
716 2401 860 2494 Repub.
882 2408 974 2467 certe
996 2389 1083 2464 haec
1104 2389 1291 2483 praecipue
1313 2388 1417 2479 petit,
1449 2399 1490 2457 Ul
1508 2386 1569 2455 lux
1621 2394 1774 2463 aliorum
1796 2410 1939 2481 regum,
1964 2390 2140 2474 favorem,
2164 2407 2229 2459 nee
2244 2392 2447 2460 voluntates
2464 2406 2550 2461 sunt
2566 2391 2611 2459 si-

582 2490 765 2585 doctrinae
781 2517 815 2573 et
830 2498 987 2571 Ectltssla
1002 2494 1071 2565 Dei
1093 2506 1243 2563 manat·
1294 2488 1433 2559 Deinde
1446 2496 1489 2558 uf
1504 2484 1570 2555 filli
1622 2496 1743 2574 miles,
1769 2495 1829 2563 sed
1855 2494 1989 2562 audent
2003 2490 2182 2561 discedere
2197 2490 2243 2561 ab
2255 2486 2454 2581 Evangelio
2468 2493 2612 2573 tradito,

583 2608 796 2691 successuri,
821 2616 856 2674 et
871 2600 934 2671 alii
948 2600 1202 2689 gubernatores
1214 2594 1290 2663 'sint
1305 2590 1511 2663 concordes·
1623 2594 1894 2685 etfinguntalii
1916 2592 2005 2662 alias
2027 2594 2234 2689 opiniones,
2255 2607 2308 2664 ·nt
2330 2606 2468 2665 constat
2491 2593 2615 2663 multis

1623 2698 1739 2768 modis
1766 2695 1993 2765 concordiam
2020 2696 2169 2767 turbari.
2236 2693 2337 2765 llaec
2362 2718 2481 2785 magna
2512 2692 2612 2761 mala

1623 2799 1841 2891 prospiciens
1856 2793 2039 2876 Christus,
2066 2809 2137 2867 tarn
2154 2798 2320 2867 ardenter
2337 2810 2433 2883 orat,
2463 2810 2500 2869 et
2525 2816 2615 2865 ean·
2653 2836 2654 2913 q

1624 2904 1706 2973 dem
1723 2900 1929 2993 petitionem
1944 2900 2069 2969 crebro
2086 2898 2292 2989 ingeminat.

685 2758 739 2837 Ac
767 2776 904 2846 semper
932 2750 1048 2842 prima
1081 2744 1205 2841 petitio
1236 2757 1287 2814 est
1323 2743 1368 2812 de
1398 2738 1573 2823 doctrina,

584 2865 746 2964 proxima
771 2861 815 2929 de
835 2850 1043 2938 concordia,
1084 2860 1126 2918 ut
1145 2851 1185 2915 in
1207 2847 1367 2915 oratione
1393 2840 1571 2913 dominica

585 2968 691 3041 initio
706 2962 874 3055 petimus:
901 2952 1147 3028 Sanctificetur
1161 2970 1292 3017 nomen
1309 2962 1409 3016 tuum
1419 2997 1431 3036 ,
1459 2945 1495 3014 id
1511 2955 1574 3026 est,

586 3093 669 3142 vera
691 3062 823 3136 noticia
845 3059 916 3130 Dei
948 3058 1063 3126 luceat
1083 3065 1118 3124 et
1140 3063 1317 3131 servetur,
1360 3048 1406 3118 ita
1428 3044 1486 3116 hic
1507 3044 1573 3113 ait:
1752 3063 1805 3140 Ut
1816 3060 1982 3137 gaggam
1997 3060 2180 3161 gmina,
2196 3087 2314 3135 mmm
2328 3066 2507 3163 fimum:

587 3170 694 3243 Pater
715 3173 858 3246 sancte,
872 3181 972 3230 serva
998 3177 1058 3225 eos
1088 3156 1125 3221 in
1148 3152 1293 3222 nomine
1322 3162 1406 3233 tuo,
1443 3150 1481 3218 id
1512 3158 1575 3230 est,

587 3285 739 3367 propter
751 3287 883 3337 nomen
900 3276 1019 3343 tuum,
1046 3278 1108 3325 seu
1124 3254 1340 3345 agnitionem
1359 3250 1424 3336 tui,
1450 3265 1491 3321 ut
1509 3272 1574 3318 no·

586 3376 670 3448 ticia
684 3372 757 3454 tui,
782 3366 943 3437 doctrina
958 3376 1038 3443 tua,
1064 3356 1240 3427 invocatio
1258 3354 1311 3426 tui
1327 3364 1479 3438 maneat,
1507 3346 1576 3421 hoc

589 3494 659 3562 est,
684 3474 841 3565 primum
855 3465 1017 3538 omnium
1032 3468 1140 3553 'peto,
1167 3471 1207 3531 ut
1227 3456 1390 3529 doctrina
1415 3469 1478 3527 tua
1502 3476 1576 3524 non

1728 3204 1826 3277 llaec
1848 3202 1966 3297 inquit
1981 3225 2125 3294 precor,
2150 3214 2189 3273 ut
2211 3202 2324 3276 sciant
2346 3226 2381 3273 se
2401 3203 2617 3277 consolatio·
2655 3256 2656 3289 2

1628 3310 1898 3400 nemptonum,
1928 3305 2074 3389 idest,
2102 3328 2239 3389 veram,
2269 3308 2617 3379 non'destituenten

1629 3414 1736 3484 corda
1751 3412 1788 3478 in
1803 3408 1965 3478 maximis
1979 3406 2145 3498 periculis
2162 3401 2312 3497 babere,
2345 3408 2382 3480 id
2407 3424 2483 3498 est,
2513 3413 2619 3482 sciant
2656 3465 2657 3494 ,

1630 3529 1664 3589 te
1679 3515 1748 3584 sihi
1763 3513 1955 3582 affuturum
1972 3533 2056 3592 esse,
2082 3523 2115 3581 et
2131 3524 2227 3580 certo
2248 3511 2484 3583 collectorum
2501 3528 2537 3584 et
2555 3539 2620 3586 ser·
2656 3495 2657 3524 ¹

1631 3629 1794 3688 vatorum
1833 3636 1907 3682 esse
1934 3607 2156 3698 Ecclesiam..
2196 3613 2299 3686 etiam
2338 3619 2623 3704 repugnantibus

1632 3719 1799 3789 omnihus
1830 3713 2008 3805 imperiis,
2051 3737 2116 3782 nec
2147 3714 2285 3784 labores
2318 3731 2459 3792 nostros
2502 3719 2622 3788 inanes

1633 3823 1720 3892 lore.
1780 3816 1897 3908 Supra
1926 3830 2040 3886 autem
2057 3815 2281 3896 declaratum
2306 3831 2375 3898 est,
2408 3819 2503 3910 quid
2530 3835 2623 3892 vocet

1634 3923 1825 4015 perlectum
1849 3942 1911 3989 seu
1927 3917 2071 4009 plenum
2094 3918 2280 4006 gaudium,
2314 3919 2484 3990 videlicet
2508 3947 2624 3992 veram

1636 4040 1669 4096 et
1702 4025 1836 4093 firmam
1876 4019 2172 4102 consolationem,
2218 4020 2424 4090 dissimilem
2453 4017 2624 4092 humanis

1637 4121 1968 4206 consotationtbus„
2002 4115 2253 4207 Enasttithesi
2283 4145 2340 4190 res
2363 4122 2496 4194 melius
2526 4127 2625 4196 intel-

591 3685 764 3761 do'ctores,
789 3673 850 3766 qui
865 3682 958 3740 recte
973 3667 1122 3735 doceant
1137 3661 1389 3752 Evangelium‚
1413 3671 1453 3729 ut
1470 3681 1578 3748 agno-

593 3796 710 3854 scatur
724 3792 757 3849 et
773 3777 958 3845 invocetur
972 3789 1077 3836 verus
1092 3765 1197 3836 Deus.
1249 3761 1401 3832 Haecin
1418 3762 1579 3832 omnium

595 3880 952 3978 pectoribussemper
966 3871 1010 3940 sit
1025 3891 1161 3940 summa
1180 3891 1276 3951 cura,
1304 3860 1388 3935 haec
1408 3865 1452 3933 sit
1468 3863 1581 3954 prima

597 3985 739 4080 petitio,
773 4002 818 4048 ne
843 3976 1070 4063 extinguatur
1092 3971 1153 4039 lux
1181 3992 1284 4037 verae
1308 3966 1510 4044 doctrinae,
1544 3976 1584 4034 ut

595 4084 729 4158 Psalmi
743 4079 846 4152 toties
865 4077 1030 4146 clamant.
1083 4066 1337 4141 Psalm.115.:
1372 4067 1453 4138 Non
1480 4065 1584 4136 nobis

697 4187 704 4202 '
800 4203 875 4250 non
889 4178 994 4248 nohis
1037 4177 1097 4243 sed
1119 4173 1332 4243 nominituo
1356 4170 1399 4238 da
1445 4168 1571 4238 loriam
1654 4230 1662 4246 ,
2065 4217 2073 4238 ‚
2278 4223 2286 4238 ¹
2341 4223 2348 4239 .

554 4251 562 4278 Ι
596 4186 753 4382 plsltddldlre
762 4226 1043 4353 inisericordiam
1066 4289 1183 4355 tuam,
1216 4287 1250 4342 et
1269 4192 1452 4341 veritateds
1475 4217 1586 4350 tuam:
1638 4231 1785 4318 ¹¹ss²t¹¹l²
1821 4221 1908 4294 8³⁰¹
1928 4218 2095 4303 humum
2116 4223 2627 4301 ⁰⁰¹¹⁵t>¹³1¹0¹¹¹bussesusten

596 4388 808 4483 nequando
836 4385 955 4452 dicant
979 4390 1118 4468 gentes:
1153 4373 1226 4445 Ubi
1244 4389 1295 4444 est
1314 4371 1410 4444 Deus
1439 4370 1587 4443 eornm?
1637 4343 1708 4418 ω’
1733 4327 1829 4395 Videt
1844 4319 1961 4394 adhuc
1977 4346 2013 4392 ⁸²
2030 4321 2166 4395 ΨΜ*
2182 4326 2412 4412 mimum,
2439 4341 2476 4398 ⁰²
2500 4353 2581 4402 esse
2599 4333 2630 4400 in

599 4492 698 4563 llaec
726 4487 850 4581 petitio
881 4495 998 4574 postea
1027 4478 1235 4570 aliquoties,
1275 4489 1314 4548 ut
1344 4476 1401 4561 ht,
1441 4477 1587 4545 ardente
1639 4426 1988 4548 possessioneregni,
2014 4419 2323 4594 ebhaberefilium
2342 4429 2631 4550 benemeritam.

600 4607 701 4666 motu
717 4588 829 4661 animi
845 4583 1026 4676 repetitur.
1640 4533 1889 4620 Ratioctnatnr
1906 4541 2014 4618 agitur
2065 4530 2203 4606 avsdem
2224 4529 2327 4598 lactle
2350 4530 2494 4600 excludi
2521 4559 2632 4625 posse,

1642 4634 1709 4708 Sed
1744 4628 1919 4702 humanae
1949 4629 2208 4700 consolationes
2237 4630 2382 4702 tandem
2417 4655 2503 4704 eum
2529 4637 2634 4708 desti.

704 4738 832 4812 Statim
854 4751 973 4807 autem
997 4731 1166 4804 inseritur
1189 4731 1299 4802 altera
1320 4733 1363 4800 de
1388 4728 1589 4802 concordia.
1642 4747 1759 4825 tuunt.
1812 4728 1994 4803 AdDavid
2012 4729 2358 4823 patrocinantium,
2384 4757 2425 4804 ac
2441 4733 2636 4808 destitutus

604 4843 716 4916 Nemo
736 4839 927 4930 ignoratio
943 4836 1041 4906 omni
1057 4834 1312 4923 gubernatione
1333 4859 1408 4905 rem
1431 4853 1591 4902 necessa·
1643 4837 1810 4908 omnibus
1826 4829 1991 4904 humanis
2012 4832 2214 4922 praesidiis,
2238 4834 2366 4906 retinet
2384 4829 2477 4906 hauc
2497 4837 2636 4910 hemam

560 4947 696 5030 striam
721 4965 794 5012 esse
817 4935 1064 5017 concordiam,
1101 4937 1162 5005 Sed
1187 4936 1301 5009 mullo
1324 4937 1475 5004 maxime
1503 4955 1593 5024 opus
1644 4937 1942 5019 consolationem,
1967 4934 2032 5004 scit
2046 4958 2081 5004 se
2095 4929 2225 5006 habere
2248 4935 2494 5006 remissionem
2513 4965 2637 5031 pecca·

607 5059 658 5118 cst
673 5040 851 5114 Ecclesiae
865 5042 1038 5112 consensu
1056 5037 1257 5123 doctrinae,
1291 5052 1325 5108 ct
1344 5039 1502 5129 ipsorum
1528 5039 1594 5104 do·
1646 5057 1786 5122 turum,
1810 5037 1926 5108 scitae
1942 5031 2072 5106 habere
2091 5034 2204 5106 Deum
2227 5038 2446 5136 propicium,
2476 5065 2518 5110 ac
2543 5046 2637 5114 ineo

609 5147 766 5218 centium
785 5155 907 5212 mutua
927 5142 1020 5212 inter
1035 5164 1072 5212 se
1090 5164 1170 5211 vera
1192 5141 1452 5213 benevolentia.
1503 5136 1594 5208 Nam
1647 5141 1854 5235 acquiescit,
1879 5139 2400 5227 scitscnonperiturumesse.
2430 5138 2637 5216 Haeccon-

610 5247 792 5319 doctrinae
823 5266 995 5327 consensu
1023 5245 1184 5326 turbato,
1230 5243 1424 5313 disceditur
1451 5241 1497 5310 ab
1524 5262 1596 5309 una
1648 5243 1773 5314 solatio
1791 5241 1830 5310 in
1846 5240 1946 5314 luctu
1962 5239 2109 5328 ingenti,
2138 5253 2255 5312 tamen
2270 5242 2401 5314 dicitur
2413 5245 2541 5333 plena,
2559 5251 2640 5342 quia

611 5373 694 5419 sera
707 5345 892 5429 sententia,
919 5360 953 5413 et
966 5345 1148 5432 finguntur
1165 5345 1296 5416 infiniti
1313 5364 1460 5415 errores.
1485 5339 1597 5432 Saepe
1651 5358 1703 5415 est
1729 5345 1841 5414 firma.
1908 5339 2132 5429 intelligatur
2152 5365 2234 5431 ergo
2259 5344 2362 5434 plena
2388 5367 2451 5416 seu
2483 5353 2639 5438 perfecta

612 5465 729 5520 autem
760 5449 941 5518 doctrinae
967 5465 1158 5514 consensus
1186 5459 1329 5532 propter
1347 5445 1502 5535 privatas
1525 5444 1599 5510 dis·
1650 5469 1724 5516 non
1740 5441 1954 5535 quantitate,
1981 5445 2039 5511 sed
2057 5443 2234 5514 firmitate.

614 5551 752 5622 cordias
774 5548 953 5630 turbatur,
992 5559 1032 5616 ut
1053 5542 1163 5614 Arius
1185 5541 1269 5614 odio
1290 5538 1484 5614 Alexandri
1511 5537 1600 5632 Epi·
1754 5539 1896 5612 Addam
1914 5543 2145 5614 declarandae
2160 5538 2346 5616 antithesis
2360 5568 2463 5618 causa
2479 5553 2642 5622 versico-

615 5651 711 5744 scopi
726 5648 852 5744 sparsit
866 5644 1100 5740 blasphemias
1115 5657 1237 5714 contra
1252 5646 1364 5714 hlium
1380 5641 1458 5712 Dei.
1509 5641 1600 5712 Com
1652 5647 1727 5718 lum
1751 5643 1898 5736 Virgilii
1920 5659 2017 5716 serto
2046 5645 2212 5716 Aeneia:
2264 5645 2427 5737 Namque
2450 5665 2492 5721 ut
2515 5675 2645 5744 supra-

615 5754 725 5844 igitur
749 5750 899 5820 maxime
920 5749 1113 5821 necessaria
1135 5749 1181 5818 sit
1203 5741 1380 5816 Ecclesiae
1410 5747 1601 5815 concordia
1653 5771 1744 5818 mam
1765 5748 1851 5816 falsa
1876 5749 1968 5818 inter
1984 5748 2109 5836 gaudia
2128 5763 2285 5832 noctem,
2311 5751 2507 5839 egerimus,
2533 5755 2643 5824 nosti.

615 5871 708 5928 recte
722 5853 947 5934 docentium,
980 5849 1167 5944 aliquoties
1192 5866 1226 5919 et
1249 5845 1334 5918 haec
1354 5849 1478 5940 petitis
1505 5847 1603 5938 inge·
1654 5848 1722 5918 llic
1739 5849 1930 5920 versiculus
1945 5849 2137 5939 imaginem
2153 5851 2310 5918 continet
2326 5850 2435 5920 totius
2452 5853 2551 5928 vitae
2576 5857 2646 5924 im.
