5825 6950
335 670 433 753 1⁸06
546 672 651 753 Xlll.
701 674 738 753 7.
764 670 1066 755 stannatum
1091 670 1246 755 ntur.
1272 668 1481 755 etttottts
1505 670 1574 751 AD
1601 666 1933 752 TIMOTHEUM·
1986 670 2092 750 CAP.
2117 672 2150 751 1.
2259 676 2359 755 teos

432 844 536 922 Alter
562 869 648 921 usos
667 850 755 941 legis
782 850 823 920 in
846 874 922 923 non
950 850 1084 923 renatis
1114 861 1167 922 est
1192 848 1326 921 conde-
1475 846 1573 923 llaec
1595 862 1649 923 est
1670 848 1786 942 prima
1809 858 1904 919 reeta
1926 858 1961 919 et
1986 846 2134 942 simplex
2162 850 2358 923 enarratio:

333 972 456 1025 mnaso
474 952 517 1023 ad
535 973 669 1045 poenas
682 966 884 1045 praesentes
898 968 935 1026 et
952 967 1134 1039 aeternas,
1171 964 1325 1047 suntque
1375 951 1472 1027 lusto
1497 976 1570 1025 non
1588 967 1639 1026 est
1654 952 1710 1023 lex
1736 950 1867 1043 posita,
1891 948 2024 1022 scilicet
2038 974 2111 1045 quo
2128 953 2174 1022 ad
2190 952 2356 1025 iustifica-

331 1053 480 1127 initiurn
521 1053 647 1125 iudicii
678 1056 795 1126 divini
827 1068 865 1128 et
895 1056 1150 1127 destructionis
1187 1076 1323 1145 poenae
1371 1056 1530 1141 tionem,
1555 1069 1595 1128 ut
1609 1050 1720 1126 bomo
1733 1053 1810 1143 lege
1824 1050 1885 1122 bat
1901 1052 2015 1123 iustus
2030 1054 2088 1123 vel
2109 1054 2220 1145 magis
2242 1054 2357 1127 iustus

332 1170 551 1247 praesentas,
575 1178 619 1227 ea
635 1157 769 1251 quibus
784 1158 986 1231 liberantur
998 1159 1133 1253 aliqui,
1156 1153 1323 1227 videlieet
1370 1146 1488 1230 coram
1514 1158 1611 1244 Deo,
1648 1158 1719 1227 iam
1741 1150 1849 1225 babes
1871 1148 1940 1225 ltoc
1959 1154 2168 1226 beneficium
2192 1156 2354 1229 aliunde:

331 1254 372 1329 hi
388 1256 453 1353 qui
474 1260 522 1329 ad
537 1255 655 1331 Deum
678 1274 955 1347 convertuntur,
980 1261 1043 1333 alii
1069 1284 1143 1331 non
1163 1256 1321 1329 liberan-
1369 1272 1409 1331 nt
1426 1262 1456 1331 si
1473 1260 1669 1331 diceremus
1684 1251 1884 1340 monachis,
1910 1253 2020 1330 Stulti
2035 1257 2121 1351 quid
2137 1257 2255 1349 agitis,
2270 1257 2355 1329 vul·

330 1374 408 1447 tor,
432 1360 495 1432 aed
514 1374 628 1433 ruunt
648 1384 691 1431 ex
714 1362 787 1435 illis
808 1365 849 1433 in
869 1377 1056 1436 aeternum
1078 1362 1238 1437 exitium.
1273 1358 1321 1433 Ut
1368 1364 1415 1433 tis
1430 1364 1617 1435 instituere
1633 1382 1739 1453 opera
1755 1371 1790 1429 et
1803 1357 1958 1428 condere
1981 1358 2095 1449 leges,
2128 1374 2170 1432 nt
2191 1356 2354 1431 bomines

329 1484 496 1554 praesens
516 1461 698 1536 calamitas
719 1462 840 1537 Saulis
861 1465 1006 1538 initium
1028 1479 1081 1538 est
1101 1485 1319 1565 poenarum,
1368 1465 1455 1537 bant
1476 1466 1580 1537 insti:
1609 1462 1840 1557 Nequaquam
1858 1458 1927 1530 alia
1948 1482 1986 1531 re
2001 1461 2106 1532 nobis
2128 1462 2354 1533 credentibus

329 1586 420 1659 quae
443 1564 485 1635 in
510 1564 612 1637 omni
634 1570 844 1640 aeternitate
865 1568 983 1662 ipsum
1006 1568 1234 1661 opprimunt,
1267 1578 1319 1637 est
1366 1568 1406 1637 in
1429 1568 1543 1639 lilium
1567 1563 1634 1637 Dei
1654 1586 1744 1655 opus
1766 1562 1882 1632 estad
1904 1561 2099 1649 iusticiam,
2123 1566 2185 1634 sed
2207 1575 2354 1657 propter

330 1680 365 1737 et
381 1662 532 1737 Davidis
548 1666 726 1741 calamitas
740 1668 887 1743 initium
904 1670 1029 1741 iudicii
1052 1685 1087 1742 et
1106 1666 1317 1741 destructio·
1366 1672 1483 1763 ipsum
1508 1671 1689 1739 donantur
1710 1664 1869 1735 remissio
1893 1676 2138 1755 peccatorum,
2162 1664 2352 1758 imputatio

329 1770 405 1853 nis,
437 1769 500 1839 sed
526 1762 586 1839 bic
608 1768 800 1859 liberatur,
830 1772 914 1866 qnia
939 1772 1026 1865 petit
1049 1786 1084 1843 et
1108 1770 1236 1869 accipit
1258 1794 1316 1840 re·
1365 1773 1552 1858 iusticias,
1591 1769 1747 1865 Spiritus
1779 1778 1920 1839 sanctus
1956 1779 1992 1839 et
2022 1761 2220 1840 baereditas
2259 1766 2352 1841 vitae

327 1870 535 1941 missionem
568 1887 793 1964 peccatorum
828 1874 957 1947 fiducia
989 1873 1211 1948 redemtoris.
1262 1869 1316 1944 De
1365 1889 1537 1948 aeternae.

327 1966 398 2042 boc
420 1992 487 2044 usu
508 1974 614 2063 legis,
638 1976 804 2049 videlicet
819 1977 864 2048 dc
880 1977 1176 2048 condemnatione
1196 1974 1316 2069 loqui·
1466 1977 1669 2073 Sequunter
1702 1994 1735 2051 et
1770 1978 1859 2051 aliae
1890 1976 2219 2071 interpretationes,
2259 1997 2349 2071 quae

325 2071 525 2147 tanaulus
544 2073 1021 2175 t.cortntb15.inquisns:
1047 2075 1203 2150 Aculeus
1218 2102 1315 2148 mor·
1366 2079 1478 2168 magis
1500 2082 1649 2153 usitatae
1676 2094 1779 2167 sunt,
1827 2082 1923 2155 lusto
1947 2105 2022 2152 non
2048 2096 2099 2153 est
2131 2083 2187 2151 lex
2216 2078 2351 2171 posita,

324 2175 372 2245 tis
393 2190 574 2266 peccatum
598 2195 670 2266 cst,
709 2183 869 2272 potentia
892 2204 976 2251 vero
1001 2179 1136 2273 peccati
1165 2179 1220 2248 lea
1251 2192 1315 2255 est.
1366 2183 1501 2253 scilicet
1522 2208 1592 2275 quo
1616 2185 1660 2252 ad
1683 2184 1919 2269 coactionem,
1945 2184 2029 2254 item
2054 2206 2125 2278 quo
2151 2182 2197 2253 ad
2219 2181 2352 2251 conde-

323 2272 376 2349 Et
397 2274 515 2349 lloma
530 2276 582 2354 70:
616 2280 686 2353 Per
706 2283 818 2373 legem
842 2297 1023 2377 peccatum
1044 2282 1084 2352 lit
1105 2279 1315 2353 excellenter
1365 2285 1597 2359 montionem.
1649 2280 1703 2356 Ac
1718 2286 1962 2377 interpretatio
1982 2287 2026 2354 de
2054 2282 2350 2355 condemnatione

324 2396 529 2471 peccatum,
563 2383 688 2466 idest,
722 2387 825 2457 valde
845 2409 966 2472 reum,
1006 2385 1135 2466 idest,
1177 2397 1314 2470 reatus,
1365 2386 1524 2459 continet
1537 2386 1660 2457 utilem
1676 2385 1892 2474 doctrinam,
1909 2401 1943 2460 et
1957 2387 2121 2476 congmit
2136 2409 2217 2457 cum
2234 2384 2350 2471 dictis,

321 2482 378 2551 ira
392 2478 482 2567 Dei,
507 2486 697 2574 proiectis,
724 2490 928 2559 sentiuntur
945 2487 1021 2578 lege
1035 2510 1101 2557 nos
1116 2500 1313 2561 accusante.
1338 2548 1341 2555 .
1364 2486 1491 2565 Roma.
1507 2486 1560 2562 d:
1589 2487 1769 2559 lustifioati
1786 2490 1854 2558 lide
1871 2512 1991 2582 pacem
2012 2484 2193 2559 babemus.
2246 2485 2349 2571 ltetn,

322 2580 380 2654 De
395 2580 451 2655 bis
464 2585 650 2659 doloribus
666 2588 784 2685 inquit
800 2584 990 2673 Ezechias,
1006 2585 1131 2659 Esaiae
1146 2611 1219 2680 sap.
1234 2588 1311 2660 asa
1363 2589 1491 2661 Roma.
1513 2590 1566 2660 6.:
1601 2590 1682 2661 Non
1707 2594 1789 2661 estis
1818 2592 2004 2681 sublege,
2043 2592 2102 2660 sed
2132 2589 2200 2659 sub
2228 2588 2350 2677 gratia.

324 2684 428 2757 Sicut
450 2686 508 2756 leo
531 2690 674 2781 rugiens
696 2693 867 2763 contrivit
882 2691 1003 2762 omnia
1020 2714 1098 2761 ossa
1113 2713 1204 2764 mea.
1365 2688 1475 2777 Item,
1492 2690 1622 2766 Roma.
1638 2691 1689 2763 80:
1716 2692 1822 2763 Nulla
1839 2716 1936 2764 nnnc
1949 2690 2198 2763 condemnatio
2214 2704 2267 2761 est
2281 2686 2349 2775 bis,

424 2786 509 2859 Diri
529 2793 575 2861 de
602 2794 725 2865 usibus
751 2794 900 2885 legis‘in
923 2818 997 2863 non
1020 2792 1173 2878 renatis,
1212 2816 1253 2863 ae
1273 2792 1311 2860 in
1364 2794 1426 2888 qui
1442 2794 1482 2864 in
1498 2790 1642 2866 Christo
1660 2792 1739 2865 lesu
1753 2796 1950 2869 ambulant.
2002 2792 2223 2865 Sicdicitur:
2251 2788 2349 2863 Iusto

324 2890 481 2961 secundo
504 2914 572 2963 usu
591 2896 638 2963 de
655 2896 953 2967 condemnatione
977 2894 1204 2966 discernendi
1228 2908 1312 2965 sunt
1363 2920 1437 2967 non
1460 2910 1511 2967 est
1534 2898 1588 2967 lex
1611 2898 1745 2989 posita,
1783 2896 1820 2967 id
1848 2911 1919 2983 est,
1960 2896 2017 2965 lex
2040 2920 2115 2967 non
2135 2898 2349 2967 condemnat

324 2986 366 3059 bi
389 2993 452 3085 qui
482 3010 758 3088 convertuntur,
797 3000 843 3068 ab
872 2997 952 3068 aliis
976 2997 1136 3091 quinon
1160 3020 1311 3066 conver-
1362 2997 1432 3067 lide
1462 2999 1614 3089 iustum,
1654 2999 1793 3069 etiamsi
1817 3000 1968 3070 multum
1990 2992 2106 3069 adhoc
2128 3000 2287 3068 sordium
2313 3008 2349 3067 et

325 3105 461 3167 tutetur.
524 3096 616 3167 Nam
640 3101 804 3170 conversi
827 3100 1027 3170 liberantur
1050 3122 1070 3169 a
1093 3100 1310 3167 condemna·
1362 3114 1586 3191 peccatorum
1612 3100 1650 3169 in
1677 3094 1744 3169 ltac
1767 3113 1864 3171 tanta
1892 3098 2097 3171 infirmitate
2124 3089 2245 3169 nostra
2276 3097 2349 3167 cir-

322 3196 439 3281 tione,
471 3208 506 3266 ιι
527 3212 646 3271 tamen
671 3197 710 3271 hi
735 3225 879 3295 quoque
900 3200 1059 3272 sentiunt
1077 3200 1180 3269 initia
1204 3194 1311 3269 huius
1363 3203 1612 3283 sumserimus,
1651 3201 1711 3271 sed
1743 3202 1904 3294 loquitur
1925 3202 2059 3273 dictum
2084 3201 2129 3295 de
2151 3198 2268 3285 lusto,
2309 3198 2347 3269 id

321 3292 497 3369 horrendi
520 3302 646 3372 iudicii
669 3318 705 3375 et
726 3305 856 3377 multas
878 3326 1026 3396 poenas,
1068 3301 1159 3374 sicut
1182 3298 1312 3387 David,
1363 3318 1433 3390 est,
1462 3305 1506 3374 de
1527 3300 1680 3373 habente
1701 3327 1821 3373 veram
1841 3302 1965 3389 fidem,
1995 3302 2063 3411 ιιιιιὶ
2084 3284 2277 3372 ἰοιιιιιιιιι
2299 3303 2347 3371 ad

320 3396 491 3471 Ionathas
515 3420 550 3476 et
572 3404 646 3479 alii.
1361 3402 1478 3478 Deum
1496 3407 1624 3477 tiducia
1640 3404 1704 3475 filii
1720 3406 1792 3476 Dei
1808 3417 1969 3500 receptus
1984 3418 2045 3479 ιιι.
2095 3402 2166 3476 Ηίι
2190 3400 2348 3496 agnoscit

424 3501 636 3600 Priusquam
657 3523 776 3580 autem
798 3510 950 3580 dicimus
969 3509 1013 3578 de
1030 3530 1098 3579 usu
1113 3507 1152 3576 in
1166 3506 1311 3588 renatis,
1362 3522 1395 3580 et
1421 3509 1581 3601 deplorat
1601 3508 1769 3600 reliquias
1789 3511 1942 3600 peccati,
1973 3510 2035 3580 sed
2057 3521 2176 3580 tamen
2198 3507 2266 3580 scit
2287 3529 2347 3579 cas

320 3606 423 3698 prius
438 3608 649 3682 declaranda
671 3625 723 3685 est
746 3612 940 3684 sententia:
973 3609 1070 3680 lusto
1087 3623 1230 3679 nonest
1254 3608 1309 3677 lex
1361 3611 1431 3699 tegi
1456 3611 1647 3702 partilium
1666 3607 1752 3692 Dei,
1784 3622 1820 3681 et
1842 3624 2014 3703 repugnat
2037 3610 2139 3680 malis
2163 3608 2347 3701 opinioni-

322 3709 449 3800 posita.
500 3709 597 3782 llaec
614 3726 654 3783 nt
674 3727 769 3785 recte
791 3728 827 3785 et
847 3713 1055 3805 simpliciter
1079 3711 1309 3800 intelligatur,
1361 3713 1427 3783 bus
1452 3727 1487 3784 et
1517 3713 1654 3784 vitiosis
1687 3713 1952 3806 cupiditatibus,
1999 3710 2097 3782 llaec
2132 3711 2347 3804 interpreta-

321 3807 509 3882 antitbesis
522 3816 777 3886 consideranda
796 3831 847 3886 ιιι
868 3813 1010 3884 consilii
1025 3811 1306 3903 Pseudoaposto·
1360 3815 1411 3884 tio
1433 3815 1617 3906 perspicua
1642 3827 1712 3899 est,
1737 3829 1770 3884 et
1786 3815 2063 3887 consolationem
2084 3814 2152 3906 piis
2167 3814 2347 3884 mentibus

320 3915 489 3984 lorumet
505 3917 645 3986 consilii
663 3917 816 3990 Paulini.
866 3913 1307 3988 ContendebantPseudo·
1360 3915 1472 3986 affert.
1523 3911 1571 3986 Et
1595 3917 1743 3986 verbum
1768 3919 1885 3988 sesicut
1904 3917 2117 4004 singularem
2141 3909 2249 3987 babet
2271 3937 2347 3984 em·

319 4015 474 4107 apostoli
495 4017 607 4108 legem
630 4022 841 4089 servandam
862 4042 952 4104 esse,
998 4009 1118 4088 uthis
1141 4017 1309 4106 operibus
1360 4012 1508 4107 phasin,
1533 4019 1635 4110 quasi
1651 4017 1760 4090 dicat:
1789 4017 1999 4090 Credentem
2015 4019 2070 4088 lex
2088 4041 2162 4118 nop
2175 4017 2359 4112 opprimit·

322 4113 487 4188 homines
508 4119 635 4192 fierent
656 4124 757 4207 iusti,
790 4136 826 4192 ιι
848 4121 960 4210 magis
980 4119 1162 4211 magisque
1184 4117 1309 4189 tierent
1358 4133 1526 4213 tanquam
1546 4121 1692 4189 immota
1709 4135 1745 4192 ιι
1760 4121 1836 4192 sine
1852 4122 1925 4192 ulla
1943 4109 2175 4210 mitigationis.

320 4221 428 4299 iusti,
453 4222 544 4293 sicut
559 4223 690 4294 diceret
705 4223 970 4294 materfamilias
994 4221 1107 4304 tiliae,
1139 4230 1192 4290 ιοι
1210 4215 1308 4290 horis
1460 4222 1662 4312 Augustino
1694 4223 1906 4294 familiarior
1939 4237 1993 4294 est
2022 4221 2265 4314 interpretatio
2299 4221 2346 4294 de

318 4317 417 4390 nihil
443 4337 578 4412 gustes,
615 4340 650 4397 et
683 4325 802 4418 postea
834 4326 942 4395 unico
975 4323 1111 4393 ferculo
1143 4334 1306 4390 contenta
1358 4325 1559 4406 coactione,
1581 4321 1742 4395 Renatus
1757 4324 1893 4418 Spiritu
1912 4339 2032 4395 sancto
2050 4325 2120 4394 iarn
2139 4323 2346 4394 volens'ob·

321 4440 418 4508 esto,
448 4441 482 4496 et
504 4428 561 4496 bis
581 4428 701 4512 bibas,
733 4441 766 4498 et
787 4428 837 4496 sic
856 4428 925 4497 eris
942 4440 1161 4517 temperans,
1186 4435 1220 4492 et
1243 4419 1307 4491 bac
1356 4436 1545 4514 temperat,
1581 4438 1621 4496 ut
1643 4438 1757 4498 mater
1778 4441 1901 4518 sponte
1924 4437 2019 4498 amat
2041 4438 2076 4498 et
2094 4425 2159 4496 alit
2184 4423 2344 4494 sobolem

316 4526 573 4599 assuefactione
597 4531 708 4620 magis
731 4545 931 4619 temperans
953 4528 1033 4598 eris.
1091 4523 1172 4594 lloc
1199 4527 1308 4594 modo
1358 4550 1431 4595 non
1448 4541 1565 4598 coacta
1589 4528 1684 4616 lege,
1713 4529 1848 4598 etiarnsi
1864 4529 1918 4598 lex
1934 4549 2076 4620 quoquc
2090 4525 2129 4596 id
2155 4526 2343 4617 praecipit:

317 4633 365 4698 de
388 4628 575 4723 disciplina
607 4645 700 4700 recte
728 4631 878 4714 dicitur,
915 4633 975 4699 sed
998 4649 1222 4721 nequaquam
1252 4627 1307 4696 fa-
1357 4631 1417 4696 scd
1442 4630 1524 4721 quia
1542 4651 1667 4718 magna
1692 4627 1880 4700 infirmitas
1901 4629 1939 4696 in
1958 4622 2023 4696 ltac
2040 4628 2111 4697 vita
2129 4643 2246 4698 manet
2260 4627 2346 4697 reli·

315 4733 445 4800 cienda
467 4745 519 4802 est
536 4734 696 4804 confusio
721 4732 930 4822 disciplinae
954 4743 988 4800 ιι
1010 4729 1169 4800 iusticias
1187 4750 1306 4798 coram
1357 4753 1444 4823 qua,
1472 4731 1575 4802 multi
1602 4731 1706 4802 etiam
1734 4731 1848 4800 renati
1870 4728 2058 4820 disciplina
2072 4731 2235 4799 frenandi
2251 4745 2345 4817 sunt,

313 4831 410 4906 Deo.
459 4833 563 4905 Falso
587 4837 805 4907 transferunt
825 4828 894 4903 hoc
922 4831 1123 4923 exemplum
1148 4828 1306 4900 Pseudo-
1356 4843 1396 4901 ιιι
1412 4833 1456 4900 de
1471 4833 1590 4923 pueris
1606 4833 1832 4905 manifestum
1855 4846 1924 4920 ιιι,
1949 4833 2031 4904 ideo
2054 4825 2145 4902 banc
2169 4829 2343 4924 interpre-

313 4937 473 5027 apostoli
490 4939 536 5007 ad
552 4937 726 5008 iusticiam
741 4961 861 5008 coram
877 4930 964 5004 Deo.
1015 4927 1307 5024 Opponitigitur
1356 4933 1526 5004 tationem
1551 4933 1730 5026 relinquo.

313 5037 454 5108 Paulus
467 5035 551 5110 huic
566 5039 678 5110 errori
691 5051 725 5110 ιι
741 5029 1021 5108 confusionibus
1034 5034 1189 5105 dictum:
1207 5030 1306 5104 lusto
1446 5034 1540 5124 Quis
1554 5048 1605 5105 est
1619 5049 1737 5106 autem
1752 5057 1837 5108 usus
1851 5035 1939 5128 legis
1963 5038 2002 5108 in
2024 5039 2180 5112 renatis?
2205 5037 2345 5114 Usitata

312 5163 397 5210 non
412 5142 535 5212 estfex
550 5141 680 5234 posita,
704 5141 924 5233 scilicetquo
948 5135 1306 5209 adiustilicationem.
1356 5136 1462 5206 nobis
1483 5137 1665 5229 responsio
1688 5149 1738 5208 est
1769 5151 1802 5210 et
1826 5139 1909 5210 satis
1941 5141 2134 5228 concinna,
2167 5145 2197 5212 si
2223 5145 2345 5216 dextre

312 5243 395 5316 Les
411 5267 485 5316 non
503 5259 555 5316 est
569 5244 821 5336 proponenda,
846 5255 886 5312 ut
902 5234 1012 5309 homo
1028 5237 1088 5308 liat
1101 5237 1215 5308 iustus
1229 5238 1306 5326 lege
1356 5239 1569 5330 accipiatur,
1594 5235 1784 5311 Credentes
1806 5241 1910 5310 liberi
1928 5256 2045 5313 sunta
2061 5244 2154 5334 lege,
2179 5249 2275 5337 quod
2299 5248 2344 5316 ad

311 5346 377 5418 vet
401 5347 587 5440 operibus,
608 5345 665 5415 vel
688 5345 801 5435 magis
821 5345 956 5425 iustus,
988 5340 1048 5410 sed
1073 5361 1218 5432 prorsus
1235 5339 1305 5408 alia
1356 5339 1687 5410 condemnationem
1711 5342 1858 5428 attinet,
1883 5365 1957 5412 non
1979 5347 2075 5436 quod
2101 5347 2146 5416 ad
2171 5347 2343 5416 obedien-

309 5471 375 5528 ιιι
391 5451 569 5541 proposita
584 5459 654 5532 est,
680 5471 749 5541 qua
766 5443 876 5516 bomo
893 5443 932 5514 tit
949 5443 1062 5512 iustus
1083 5463 1202 5510 coram
1217 5437 1307 5525 Deo,
1356 5441 1441 5512 tiam
1456 5443 1600 5528 attinet,
1615 5441 1651 5512 id
1670 5455 1740 5528 est,
1768 5455 1851 5512 sunt
1868 5443 1939 5512 iam
1954 5447 2191 5532 mconciliati,
2215 5460 2251 5519 et
2263 5449 2346 5540 pla·

309 5553 453 5630 ,cilieet
469 5553 564 5622 filius
578 5548 665 5634 Dei,
692 5562 836 5640 propter
854 5541 951 5616 hunc
973 5567 1011 5614 es
1025 5543 1138 5613 iustus
1152 5542 1240 5624 lide,
1266 5543 1303 5612 id
1356 5555 1435 5614 cent
1459 5539 1556 5629 Deo,
1591 5565 1793 5638 quanquam
1818 5543 1886 5634 legi
1910 5567 1985 5616 non
2008 5547 2240 5620 satisfaciant:
2280 5551 2342 5621 sed

308 5668 391 5739 est,
415 5651 523 5725 habes
539 5651 781 5724 remissionem
800 5659 1023 5740 peccatorum
1040 5658 1075 5714 et
1097 5643 1304 5734 imputatam
1355 5643 1440 5712 inde
1463 5667 1538 5714 non
1562 5645 1740 5738 sequitur,
1776 5643 1883 5715 licere
1908 5647 1957 5718 eis
1982 5671 2084 5719 ruere
2106 5662 2231 5721 contra
2254 5675 2343 5722 con·

309 5759 431 5851 ipsius
451 5755 649 5834 iusticiam,
672 5765 707 5822 et
721 5766 867 5844 propter
888 5747 1023 5838 ipsum:
1049 5759 1083 5816 et
1098 5769 1135 5815 es
1151 5749 1306 5818 donatus
1356 5746 1556 5817 scientiam:
1582 5746 1665 5840 quia
1690 5769 1828 5836 semper
1843 5763 1961 5819 manet
1978 5743 2037 5820 hic
2051 5751 2162 5836 ordo,
2188 5767 2229 5824 ut
2245 5774 2343 5823 crea-

306 5861 457 5957 Spiritu
470 5873 591 5930 sancto
606 5868 641 5928 ιι
656 5847 871 5926 haereditate
887 5849 980 5922 vitae
999 5861 1172 5922 aeternae.
1356 5861 1433 5918 tura
1452 5849 1636 5920 rationalis
1652 5845 1727 5922 Deo
1742 5848 1904 5938 obediat,
1929 5851 1989 5920 sed
2007 5845 2074 5922 boc
2089 5864 2141 5924 est
2154 5849 2341 5946 Evangelii
