5825 6950
318 671 399 750 64⁹
526 596 630 746 xtit.
678 673 717 748 2.
751 665 1115 748 COMMENTARM
1143 668 1553 754 mansuetum
1579 669 1940 758 ADROMANOS.
1991 679 2099 766 CAP.
2124 685 2155 766 l.
2293 685 2371 768 550

321 859 449 917 natum
473 868 516 916 ex
536 844 742 938 posteritate
763 839 911 934 David,
947 842 1046 918 iuxta
1076 841 1326 937 promisiones,
1350 851 1436 916 lens
1478 847 1770 940 superstitiones,
1823 850 2084 931 invocationem
2130 871 2368 954 mortuorum,

316 974 363 1016 ac
378 948 502 1018 diuina
518 952 676 1039 potentia
696 972 761 1020 nos
778 947 1055 1018 sanctificantem
1080 949 1153 1018 rita
1170 961 1328 1024 aeterna.
1376 948 1631 1022 idolomaniam
1655 949 1897 1042 manifestam,
1934 972 1968 1029 et
1996 955 2161 1035 horribili
2183 963 2366 1060 impietate

319 1047 422 1120 llaec
434 1051 597 1120 membra
612 1049 793 1141 copiosius
808 1049 903 1120 inlra
924 1050 1219 1123 declarabuntur.
1376 1047 1694 1148 prophanaverunt
1711 1080 1855 1128 coenam
1871 1057 2029 1137 Domini.

427 1150 513 1222 ldeo
530 1165 648 1224 autem
657 1151 790 1224 Paulus
806 1151 911 1222 initio
926 1150 1045 1222 statim
1062 1151 1250 1244 proposuit
1263 1153 1327 1224 de·
1477 1151 1575 1227 Haec
1596 1157 1723 1248 partim
1745 1161 2013 1260 superstitione,
2038 1163 2167 1256 partin
2189 1181 2366 1264 quaestus,

318 1253 1326 1348 linitionem,utsciremusquidprolessussit,etdiligen·
1375 1255 1505 1346 partim
1537 1259 1752 1330 muniendae
1783 1265 1986 1356 tyrannidis
2007 1289 2130 1354 causa,
2169 1273 2372 1364 excogitata,

319 1369 378 1424 tec
391 1357 674 1428 discerneremus
682 1357 795 1448 legem
811 1357 859 1426 ab
869 1351 1077 1447 Evangelio,
1099 1357 1202 1453 quasi
1218 1357 1324 1444 dicat,
1374 1374 1468 1428 sunt.
1520 1355 1588 1430 Hic
1603 1374 1722 1431 coetus
1744 1362 1933 1456 impiorum
1957 1369 2163 1460 pontificum
2181 1385 2217 1444 et
2235 1398 2364 1447 mnua-

320 1455 461 1529 Paulus
481 1459 655 1529 divinitus
685 1472 832 1530 vocatus
861 1459 906 1527 ad
934 1459 1133 1530 docendum
1159 1454 1324 1550 Evange-
1373 1453 1523 1531 chorum
1547 1485 1619 1531 non
1651 1475 1702 1533 est
1725 1459 1882 1537 Ecclesia
1907 1463 2059 1558 Christi,
2098 1497 2208 1568 quare
2231 1475 2364 1550 iniuste

319 1560 412 1628 lium
435 1561 481 1630 de
502 1555 674 1649 Christo,
714 1585 789 1632 non
820 1561 865 1632 ad
891 1562 1091 1633 docendum
1115 1560 1228 1652 legem
1261 1574 1324 1633 aut
1374 1555 1472 1632 hunc
1493 1559 1780 1636 honestissimum
1808 1568 1950 1642 titulum
1971 1573 2040 1646 sibi
2064 1589 2249 1668 arrogant,
2278 1602 2362 1650 cum

317 1657 599 1756 philosophiam.
1372 1684 1472 1733 suam
1498 1667 1731 1738 autoritatem*
1747 1671 2043 1761 commentitiam,
2076 1699 2149 1748 non
2172 1702 2277 1751 verae
2293 1679 2362 1752 Ec·

1372 1765 1499 1838 clesiae
1514 1770 1760 1856 autoritatem,
1785 1772 1890 1846 nobis
1903 1789 2103 1868 opponunt.
2153 1777 2281 1854 Monet
2294 1781 2363 1874 igi-

1370 1879 1432 1940 tur
1445 1863 1579 1941 Paulus
1601 1867 1670 1942 hoc
1693 1871 1790 1960 loco,
1815 1899 1861 1944 ne
1883 1875 1960 1948 sine
1983 1880 2194 1952 testimoniis
2209 1883 2362 1976 scriptu-

426 1971 514 2044 ldeo
538 1970 685 2057 inserit,
710 1983 752 2042 ut
774 1969 900 2041 tacitae
926 1967 1123 2042 obiectioni
1147 1980 1320 2044 occurrat.
1370 1993 1431 2050 rae
1457 1971 1600 2045 divinae
1631 1974 1794 2064 dogmata
1825 1977 2063 2070 recipiantur,
2103 1997 2224 2057 monet
2250 1986 2358 2057 etiam

320 2073 415 2148 Cum
439 2098 575 2146 novum
598 2093 710 2163 genus
736 2071 919 2143 doctrinae
942 2071 1188 2166 proliteretnr,
1221 2066 1319 2144 haud
1370 2086 1411 2144 ut
1425 2057 1528 2144 verae
1537 2071 1717 2149 Ecclesiae
1728 2077 1919 2151 sententias
1932 2085 2167 2180 requiramus,
2187 2101 2223 2160 ct
2239 2111 2359 2160 veram
2442 2149 2449 2166 ,

320 2178 435 2250 dubie
458 2176 711 2267 obstrepebant
734 2167 929 2246 Pharisaei.
992 2170 1083 2245 Cum
1111 2195 1250 2266 semper
1273 2174 1318 2245 ab
1368 2169 1564 2250 Ecclesiam
1581 2179 1703 2252 alaisa
1719 2182 1972 2258 discernamus.

322 2280 428 2352 initio
452 2278 581 2350 mnndi
603 2277 722 2373 aliqua
747 2275 856 2348 luerit
874 2269 1034 2346 Ecclesia
1057 2273 1144 2362 Dei,
1175 2297 1318 2348 neccsse
1873 2346 1881 2363 ι

326 2397 374 2454 est
400 2405 480 2453 earn
503 2378 659 2452 tenuisse
680 2376 880 2450 doctrinam
902 2377 1135 2448 necessariam
1156 2379 1203 2448 ad
1220 2377 1317 2448 salu·
1721 2341 1786 2416 ΒΘ
1814 2341 1901 2440 filso
1931 2371 2012 2426 sno.

332 2499 403 2556 tem.
432 2481 664 2574 Quaerebant
673 2480 784 2572 igitur
795 2477 990 2568 Pharisaei,
1004 2503 1051 2550 an
1061 2473 1317 2573 Apostolorum
1474 2469 1641 2570 Opponit
1664 2491 1698 2552 et
1720 2475 1813 2552 hanc
1837 2483 2046 2576 particulam
2060 2485 2276 2580 -vulgaribns
2300 2487 2359 2561 lu.

338 2587 524 2658 doctrinam
550 2585 743 2659 tenuerint.
792 2581 832 2654 Si
857 2607 933 2654 non
958 2595 1167 2668 tenuerunt,
1192 2582 1318 2654 clami·
1368 2575 1540 2650 dacorum
1555 2583 1854 2676 persuasionibus.
1887 2584 2009 2659 ludaei
2025 2589 2359 2683 expectabantMes.

335 2685 606 2776 tantPharisaei,
627 2709 759 2759 novam
777 2698 812 2756 et
825 2685 1103 2758 commentitiam
1116 2708 1202 2762 esse.
1240 2681 1319 2758 Re.
1368 2677 1477 2772 eiam,
1509 2683 1573 2775 qui
1598 2707 1671 2756 non
1697 2701 1784 2758 emet
1807 2700 1933 2760 natura
1953 2687 2050 2763 lilius
2077 2687 2165 2780 Dei,
2189 2693 2251 2766 sed
2274 2705 2359 2768 tm.

336 2793 480 2883 spondet
493 2790 643 2863 l’aulns:
678 2785 756 2858 lmo
777 2811 891 2858 unum
914 2801 948 2859 et
970 2787 1065 2858 idem
1082 2783 1317 2879 Evangelium
1370 2795 1448 2854 tum
1476 2778 1606 2874 homo,
1642 2787 1787 2860 caeteris
1811 2785 2000 2884 Prophetis
2027 2791 2173 2882 similis,
2203 2791 2359 2880 honest,

420 1827 496 1904 Per
509 1825 718 1930 Prophetas
735 1828 775 1902 in
791 1828 987 1930 scripturis
1002 1827 1146 1901 sancls's
1162 1837 1226 1906 ele.

339 2907 382 2964 est
395 2895 439 2964 de
456 2891 607 2978 Messio,
632 2891 728 2986 quod
740 2887 906 2961 Patribus
918 2890 1153 2987 promissum,
1177 2903 1213 2961 et
1226 2887 1317 2960 Pro·
1367 2883 1581 2958 antecellens
1607 2891 1734 2982 vulgus
1760 2890 1953 2986 sapientia,
1988 2893 2149 2984 iusticia,
2189 2912 2224 2970 et
2244 2895 2358 2970 lelici·
2488 2965 2495 2980 ,

334 2991 446 3087 phetis
458 3009 715 3078 monstratum,
739 2987 1096 3063 etnuncexhibitum
1116 3004 1181 3064 est.
1232 2987 1317 3062 Non
1367 2999 1439 3058 tate
1455 2986 1496 3058 in
1514 2992 1622 3062 rebus
1642 2993 1822 3083 gerendis,
1855 3008 1896 3067 ut
1918 2995 2021 3068 lacile
2046 2999 2144 3071 orbis
2160 2997 2356 3093 ‚inperium

333 3098 518 3170 adlerimus
531 3096 731 3170 doctrinam
749 3095 907 3186 ignotam
923 3092 1090 3165 Patribus
1103 3105 1137 3164 et
1154 3092 1318 3185 Prophe-
1366 3103 1566 3182 occuparet.
1616 3086 1673 3164 At'
1690 3091 1814 3166 Patres
1835 3109 1871 3168 et
1885 3093 2084 3192 Prophetae
2107 3115 2238 3174 norant
2258 3100 2358 3174 Mes·

337 3201 398 3284 tis,
417 3202 475 3270 sed
499 3224 520 3270 a
545 3201 647 3270 vobis
669 3199 835 3270 obrutam
854 3218 919 3288 per
940 3189 1114 3266 humanas
1129 3195 1319 3286 opiniones
1367 3190 1456 3260 siam
1481 3215 1555 3264 esse
1578 3193 1692 3266 lilium
1713 3191 1801 3286 Dei,
1832 3210 1918 3271 tunc
1944 3225 2088 3297 quoque
2108 3201 2203 3296 ipsos
2227 3205 2357 3298 guber·

334 3303 379 3372 de
391 3301 525 3374 iusticia
544 3302 650 3393 legis,
675 3302 721 3371 de
737 3321 847 3391 regno
860 3297 1006 3391 politico
1025 3294 1189 3372 Messias.
1244 3295 1320 3367 Vos
1367 3307 1512 3366 nantem
1528 3308 1563 3366 et
1578 3296 1771 3369 iuvantem.
1825 3298 1931 3374 lacob
1946 3302 2080 3399 inquit:
2112 3302 2272 3397 Angelus
2293 3307 2356 3402 qui
2408 3385 2412 3392 ¹
2474 3347 2476 3354 ⁴

335 3405 543 3477 mutamini
567 3400 637 3477 boc
658 3424 769 3496 genus
792 3401 975 3474 doctrinae
997 3411 1165 3493 tanquam
1182 3421 1317 3469 novom
1367 3395 1570 3491 eripuitme
1587 3421 1628 3470 er
1645 3401 1813 3476 omnib'us
1829 3405 1953 3491 malis,
1981 3405 2169 3481 benedicat
2190 3401 2246 3483 his
2268 3431 2357 3501 pue·

336 3521 371 3577 et
388 3508 688 3593 commentitium,
721 3506 901 3599 quianon
922 3502 1148 3594 intelligitis,
1179 3504 1223 3573 de
1245 3524 1317 3596 qua
1366 3496 1438 3586 ris,
1468 3500 1729 3601 nbiusignilicat
1754 3528 1790 3577 se
1815 3506 1916 3604 loqui
1940 3508 2218 3599 deliberatore,
2241 3534 2356 3607 quem

337 3610 541 3681 liberatione
564 3608 688 3681 Patres
719 3619 754 3679 et
774 3601 973 3699 Prophetae
1006 3602 1208 3676 concionati
1237 3604 1321 3675 sint.
1367 3615 1472 3674 norat
1484 3607 1697 3696 promissum
1717 3630 1803 3685 esse.
1845 3608 1937 3681 Nam
1954 3605 2062 3683 huius
2076 3612 2261 3707 proprium
2276 3638 2358 3685 mu-

340 3710 483 3804 lingitis
507 3736 571 3783 eos
594 3733 669 3782 esse
694 3708 916 3798 iustuslege,
942 3705 1112 3778 Messinm
1125 3721 1318 3779 venturum
1367 3726 1435 3775 nus
1460 3719 1511 3776 est
1534 3706 1686 3779 liberare
1709 3733 1750 3781 ex
1770 3711 2069 3785 omnibuamalis.
2120 3708 2173 3785 Ac
2189 3716 2356 3787 viderunt

338 3836 424 3901 esse,
449 3828 490 3886 ut
504 3829 649 3906 occupet
663 3810 789 3883 mundi
809 3810 1018 3903 imperinm,
1043 3807 1146 3880 vobis
1160 3808 1219 3881 det
1234 3830 1320 3902 pro·
1367 3830 1448 3877 cum
1459 3806 1574 3904 Iacob,
1583 3806 1705 3882 Moses
1717 3826 1752 3885 et
1760 3808 1899 3885 Daniel.
1927 3812 2012 3886 Ideo
2022 3813 2188 3903 loannes,
2202 3831 2241 3888 ut
2251 3831 2355 3889 teste·

339 3918 661 4009 sinciasregendas,
687 3927 728 3987 nt
742 3912 873 4006 opibus
887 3924 923 3985 et
936 3911 1180 4004 voluptatibus
1193 3912 1320 3983 allius-
1366 3922 1428 3980 tur
1448 3908 1617 3981 Messinm
1640 3936 1714 3985 esse
1736 3914 1850 3985 lilium
1875 3918 1966 4005 Dei,
1991 3932 2026 3989 et
2045 3941 2183 4017 semper
2203 3919 2357 3990 adfuisse

337 4019 393 4090 tis:
415 4016 514 4091 Haec
528 4033 580 4091 est
595 4016 778 4102 liberatio,
804 4038 912 4111 quam
931 4036 995 4085 vos
1014 4013 1202 4085 temulenti
1224 4034 1321 4084 som·
1368 4013 1540 4106 patribus,
1556 4012 1692 4109 inquit:
1717 4014 1760 4087 ln
1775 4018 1952 4111 principio
1967 4032 2044 4091 erat
2057 4022 2217 4105 verbum,
2236 4020 2358 4091 omnia

337 4122 451 4194 niatis.
502 4119 552 4194 At
570 4122 625 4191 illi
646 4120 875 4212 expectabant
892 4114 1078 4201 Messiam,
1109 4117 1173 4210 qui
1197 4116 1321 4186 divina
1368 4112 1562 4207 peripsum
1580 4117 1671 4189 lacta
1687 4132 1850 4192 suntctc.
1903 4119 2115 4211 significans
2136 4146 2259 4195 omnes
2280 4123 2358 4213 glo·

332 4224 489 4316 potentia
519 4224 659 4295 aboleat
687 4232 868 4315 peccatum
892 4231 929 4290 et
960 4230 1134 4304 mortem,
1174 4218 1238 4313 qui
1258 4219 1323 4287 de-
1370 4215 1484 4287 riosas
1505 4217 1691 4306 victorias,
1722 4217 1840 4307 Noae,
1866 4216 2056 4311 Abrahae,
2079 4220 2225 4319 loseph,
2249 4222 2359 4311 Mosi,

333 4340 448 4399 struat
469 4349 618 4419 regnum
642 4322 795 4396 diaboli:
825 4322 864 4393 id
885 4321 1027 4392 volebat
1048 4320 1258 4413 promissio,
1282 4320 1320 4389 in
1370 4316 1573 4403 Samuelis,
1612 4316 1783 4405 Doridis,
1822 4318 1970 4411 Esaiae,
2010 4322 2199 4411 Ieremias,
2240 4339 2358 4417 partas

332 4452 405 4526 qua
427 4429 650 4523 promittitur
663 4448 806 4512 semen,
831 4425 928 4519 quod
942 4436 1100 4496 conteret
1120 4434 1227 4515 caput
1247 4443 1324 4495 ser·
1370 4440 1445 4491 esse
1474 4415 1544 4492 hoc
1570 4424 1660 4494 duce
1688 4436 1723 4495 et
1752 4440 2015 4520 propugnatore
2039 4443 2162 4500 nostro
2191 4427 2360 4499 adversus

328 4532 460 4625 pentis.
512 4528 650 4603 Eodem
674 4532 782 4601 modo
804 4550 901 4598 nunc
924 4524 1028 4597 nobis
1049 4537 1238 4618 opponunt
1252 4522 1322 4594 Pe-
1371 4522 1570 4598 diabolum.
1619 4522 1739 4617 Quare
1760 4540 1795 4599 et
1816 4522 1886 4599 boc
1907 4517 2133 4601 lncoPaulu's
2154 4530 2200 4599 de
2221 4528 2361 4601 duabus

327 4635 446 4727 pistae
459 4628 669 4705 Ecclesiam:
700 4628 951 4702 Vocilerantur
972 4648 1038 4699 nos
1059 4628 1325 4735 adlerrexgenus
1371 4624 1510 4695 naturis
1533 4626 1572 4695 in
1593 4622 1724 4700 Messio
1741 4630 1989 4701 concionatur:
2024 4644 2128 4702 vocat
2149 4630 2262 4701 lilium
2279 4627 2361 4713 Dei,

327 4738 517 4807 doctrinae
535 4736 696 4825 ignotum
711 4728 901 4805 Ecclesiae.
947 4726 1023 4801 Nos
1037 4728 1273 4801 reclamamus
1286 4740 1323 4799 et
1372 4738 1413 4797 ut
1427 4722 1639 4801 ludaeorum
1656 4752 1811 4802 amorem
1829 4745 1934 4820 taxet,
1957 4731 2049 4805 sicut
2063 4726 2269 4805 etChristus
2285 4730 2360 4824 ipse

327 4852 507 4913 testamur
527 4837 667 4907 fulsisse
696 4834 897 4907 doctrinam
927 4844 1084 4903 nostram
1105 4831 1145 4901 in
1165 4826 1324 4901 Ecclesia
1372 4828 1506 4900 taxavit
1528 4826 1627 4906 loan.
1640 4828 1677 4907 s.
1701 4846 1736 4905 et
1757 4856 1859 4925 saepe
1882 4834 1981 4909 alias.
2039 4832 2217 4927 Loquitur
2239 4846 2360 4905 autem

329 4940 504 5025 Patrem,
536 4932 818 5031 Prophetarum.
851 4931 1129 5027 Apostolorum,
1161 4954 1202 5003 ac
1220 4932 1326 5019 dein·
1373 4928 1506 5001 Paulos
1527 4933 1572 5001 de
1594 4955 1765 5025 persona,
1797 4949 1832 5007 et
1853 4948 1933 5029 apte
1954 4936 2080 5009 tribuit
2105 4957 2274 5028 personae
2296 4958 2360 5027 ap-

330 5068 420 5137 ceps
438 5044 536 5137 apud
558 5039 649 5134 pios.
699 5039 904 5129 Allegamus
918 5032 1098 5107 Ecclesiae
1114 5032 1327 5118 testimonie,
1374 5032 1602 5124 pellatinnem
1619 5034 1683 5106 blii
1698 5032 1776 5107 Dei.
1828 5032 1909 5106 Non
1936 5038 2032 5109 enim
2056 5050 2192 5109 tantum
2216 5037 2361 5111 divinae

334 5146 505 5217 videlicet
524 5137 808 5235 Prophetarum.
837 5137 1092 5231 Apostolorum
1118 5149 1153 5209 et
1173 5134 1327 5207 aliorum
1350 5217 1354 5240 Ι
1376 5149 1524 5205 naturae
1546 5136 1737 5208 tribuenda
1754 5149 1808 5209 est
1826 5132 1913 5208 haec
1926 5138 2134 5230 appellatio,
2158 5140 2217 5211 sed
2239 5160 2362 5231 perso·

332 5250 496 5340 piorum.
554 5244 705 5319 Nullum
726 5242 836 5313 einim
864 5262 973 5331 genus
1005 5239 1188 5311 doctrinae
1216 5236 1328 5329 recipi
1377 5258 1446 5306 use
1462 5232 1606 5311 Christi.
1632 5236 1739 5311 Hunc
1757 5254 1874 5312 autem
1889 5253 2035 5311 testatur
2047 5253 2206 5312 constare
2222 5240 2362 5311 duabus

333 5352 463 5431 debet,
488 5350 583 5444 quod
603 5369 707 5417 verae
717 5344 897 5415 Ecclesiae
911 5338 1046 5414 Christi
1070 5362 1209 5431 semper
1225 5340 1330 5429 igno·
1377 5338 1535 5425 naturis,
1559 5339 1610 5411 ait
1628 5334 1726 5413 hunc
1738 5340 1852 5412 lilium
1868 5344 2062 5413 secundum
2079 5364 2220 5413 carnem
2237 5356 2362 5412 natum

334 5467 416 5527 tum
438 5452 517 5523 luit.
566 5448 639 5523 sed
662 5448 783 5520 multia
804 5447 875 5517 iam
901 5444 1029 5515 seculis
1050 5444 1238 5515 obscurata
1259 5441 1330 5513 luit
1354 5498 1358 5514 .
1378 5462 1453 5513 esse
1472 5464 1516 5511 er
1538 5443 1673 5514 semine
1685 5441 1821 5515 David:
1854 5440 2018 5515 Albrmat
2041 5444 2149 5535 igitur
2161 5445 2200 5513 in
2220 5437 2362 5517 Christo

336 5578 445 5627 verae
460 5550 638 5625 Ecclesiae
652 5548 862 5623 sententiae:
887 5546 978 5619 Nam
994 5546 1198 5637 pontifices,
1221 5542 1331 5615 lacri-
1353 5523 1360 5578 ξ
1380 5562 1455 5613 esse
1469 5536 1662 5615 humanam
1678 5558 1852 5618 naturam.
1890 5541 1939 5617 Et
1952 5539 2012 5617 bic
2028 5546 2126 5617 locus
2139 5547 2267 5617 relutat
2281 5540 2364 5615 Ma-

337 5657 462 5741 bcnli,
486 5648 674 5738 monachi,
704 5661 910 5744 sparserunt
932 5648 973 5715 in
991 5644 1150 5718 Ecclesia
1169 5644 1276 5715 lalsae
1297 5658 1334 5715 et
1354 5583 1360 5684 i
1381 5638 1550 5716 nichacoe
1563 5659 1597 5717 et
1613 5646 1800 5740 plerosque
1821 5648 1929 5732 alios,
1960 5648 2022 5739 qni
2046 5642 2236 5716 humanam
2258 5658 2363 5713 natu-

338 5756 567 5853 plsarasaicas
588 5755 797 5847 opiniones,
820 5753 866 5823 de
880 5748 1018 5821 iusticia
1040 5770 1209 5843 operum,
1230 5770 1335 5819 esco-
1355 5687 1363 5790 i
1382 5770 1460 5817 ram
1476 5740 1619 5820 Christo
1642 5752 1887 5831 detraxerunt,
1912 5761 1973 5818 ant
1994 5762 2167 5837 negarunt
2188 5760 2364 5837 acceptam

339 5864 547 5955 gitascrunt
569 5848 899 5954 ἐθελοθρηοκείας,
922 5850 1196 5925 cumulaverunt
1215 5844 1335 5923 ethni·
1385 5870 1459 5919 ease
1472 5850 1701 5945 cnsanguine
1716 5850 2013 6025 mgismiffl'
2063 5847 2201 5921 Deinde
2225 5848 2365 5921 concio·
