5825 6950
314 714 387 790 187
721 717 805 798 ΧΙΙ.
854 714 1152 794 uuuuun'luo
1179 716 1231 791 ΙΝ
1255 710 1441 793 EVANG.
1465 711 1679 793 lOANNlS.
1736 719 1841 796 CAP.
1868 723 1931 797 vt
2272 739 2346 814 138

313 900 448 963 unctus.
501 884 631 959 maiae
649 881 730 961 ola
767 882 923 981 S'piritus
942 887 1090 962 Domini
1113 889 1180 962 Dei
1198 912 1305 984 super
1355 889 1554 977 bertatem,
1602 892 1842 964 excussionem
1887 892 2132 994 tributorum,
2181 929 2343 997 regnum.

313 1014 385 1070 me,
418 1014 466 1060 eo
492 992 591 1084 quud
614 992 758 1062 unxerit
787 1017 856 1064 me.
917 989 983 1064 Est
1005 1008 1125 1064 autem
1146 1009 1303 1064 sumtum
1355 991 1493 1081 Quarto
1510 994 1655 1065 additur
1669 993 1849 1066 doctrina:
1881 996 1920 1068 st
1935 1023 2137 1090 peccamus,
2163 1010 2251 1100 quid
2276 1011 2343 1099 igi-

314 1093 457 1163 rerbum
485 1117 507 1162 a
530 1093 604 1163 ritu
625 1095 782 1183 ungendi
797 1096 996 1166 sacerdotes
1021 1110 1054 1167 et
1077 1119 1184 1186 reges.
1238 1093 1303 1168 Est
1354 1108 1415 1164 tur
1434 1094 1637 1167 laciendum
1660 1110 1729 1182 est,
1761 1111 1802 1168 ut
1825 1099 1905 1170 Deo
1929 1103 2153 1191 placeamus?
2203 1109 2341 1200 Quinto

316 1195 518 1286 ergoungi,
544 1217 608 1266 seu
623 1197 819 1284 obsignari,
846 1198 1016 1268 destinari
1038 1200 1082 1266 ad
1100 1221 1231 1269 munus
1245 1220 1301 1268 sa·
1352 1210 1545 1267 renovatur
1566 1212 1759 1271 certamen:
1801 1205 1885 1296 quia
1906 1227 1993 1273 voce
2014 1201 2201 1299 Ev'angelii
2224 1213 2342 1284 offen.
2444 1265 2447 1276 .

316 1297 632 1386 cerdotisetregis.
681 1295 730 1370 Et
744 1298 887 1393 quidem
905 1301 1055 1372 cumde
1068 1291 1136 1369 bac
1152 1323 1300 1390 persona
1351 1300 1489 1368 duntur
1516 1297 1658 1382 ludaei,
1706 1315 1739 1372 et
1765 1304 1801 1373 lit
1826 1305 1971 1377 collatio
1996 1306 2091 1377 Mosi
2116 1326 2150 1383 et
2176 1310 2338 1387 Messias.

318 1401 456 1484 dicitur,
499 1400 755 1488 intelligendus
785 1415 836 1472 est
866 1403 1028 1471 sacerdos
1047 1425 1129 1471 vere
1155 1404 1297 1494 placans
1351 1400 1475 1485 Serto,
1501 1423 1623 1473 rursus
1639 1403 2056 1495 interponitur-doctrina
2074 1413 2118 1481 de
2134 1415 2340 1488 discrimine

320 1502 394 1572 irem
403 1500 502 1586 Dei,
530 1515 565 1571 et
587 1525 649 1571 rex
668 1504 732 1596 qui
747 1527 891 1592 prorsus
912 1504 1028 1573 deleat
1049 1526 1196 1594 regnum
1222 1506 1300 1575 dia·
1350 1496 1529 1572 humanae
1542 1505 1750 1597 sapientiae,
1768 1520 1810 1577 'et
1830 1503 2035 1600 Evangelii,
2060 1518 2156 1605 quod
2182 1511 2339 1590 bumana

325 1603 399 1688 boli,
432 1603 577 1696 peccati
603 1616 639 1673 et
658 1606 794 1690 mortis,
818 1619 854 1676 et
869 1608 1089 1698 detregnum
1104 1619 1299 1680 aeternum.
1347 1606 1439 1674 ratio
1463 1628 1539 1674 non
1563 1607 1795 1696 amplectatur
1810 1602 2064 1699 Evangelium,
2098 1617 2167 1687 nisi
2192 1605 2339 1691 edove-

327 1703 482 1775 llecrero
496 1719 640 1776 tautum
662 1705 836 1798 significat
858 1709 1070 1778 vocabulum
1089 1730 1223 1798 ungere
1244 1723 1299 1779 ta·
1349 1719 1442 1778 tora
1459 1705 1597 1796 Spiritu·
1611 1723 1751 1793 sancto,
1784 1724 1819 1781 et
1841 1708 1900 1781 hic
1916 1718 2013 1784 locus
2028 1719 2158 1791 refutat
2177 1717 2338 1813 Pelagia-

327 1807 376 1876 luu
406 1807 681 1877 ordinationem
712 1813 756 1878 ad
791 1811 1013 1899 iungendum
1043 1805 1111 1880 boe
1141 1833 1298 1896 munere,
1349 1829 1433 1894 nos,
1474 1801 1644 1882 discernit
1681 1801 1786 1881 etiam
1815 1811 2009 1886 Ecclesiam
2032 1841 2052 1887 a
2076 1823 2219 1913 populo·
2241 1824 2339 1912 legis.
2435 1831 2440 1841 '

323 1912 367 1978 sed
395 1909 577 2000 significat
610 1911 715 1980 etiam
751 1913 934 2003 impartire
963 1914 1076 1997 dona,
1123 1912 1213 1982 sicut
1248 1913 1299 1983 ait
1347 1909 1528 2001 Septimo,
1577 1913 1761 1984 adduntur
1799 1918 1989 1986 concinnes
2017 1921 2060 1988 de
2085 1926 2337 1996 manducando

320 2009 439 2082 faciam
466 2006 785 2106 SpiritusDomini
800 2011 866 2083 Dei
880 2037 987 2105 super
1000 2037 1066 2084 me.
1115 2010 1163 2086 Ut
1178 2027 1297 2085 autem
1348 2009 1493 2097 Messio,
1519 2037 1609 2106 quae
1623 2029 1857 2107 opponuntur
1868 2021 1942 2088 esui
1957 2021 2025 2089 sibi
2042 2025 2115 2094 dati
2131 2026 2170 2093 in
2186 2027 2336 2102 deserto.
2436 2086 2439 2094 .

320 2110 460 2204 Baptista
477 2114 712 2204 supradixit:
735 2113 816 2186 Non
835 2119 1095 2186 admensuram
1112 2117 1297 2209 ei'datpa-
1347 2110 1504 2196 Octavo,
1539 2139 1652 2186 novae
1682 2130 1716 2188 et
1741 2119 1892 2188 maiores
1914 2121 2128 2196 offensiones
2158 2127 2338 2215 oriuntur,
2428 2129 2431 2140 '

318 2229 363 2286 tec
378 2215 568 2308 spiritum:
608 2215 658 2287 ito
679 2211 737 2286 bie
756 2215 1086 2307 significatur-hauc
1109 2241 1295 2308 personam
1346 2239 1426 2285 cum
1442 2218 1596 2288 audiunt
1611 2219 1656 2288 de
1681 2223 1952 2292 manducatione
1977 2222 2146 2312 Messias,
2178 2254 2242 2298 nec
2267 2231 2336 2300 du-

323 2320 515 2387 antecellcre
540 2318 710 2388 omnibus
729 2321 898 2409 peculiari
919 2322 1046 2404 modo,
1070 2321 1133 2413 qssi
1154 2321 1192 2388 in
1213 2321 1295 2390 aliis
1346 2317 1447 2388 bium
1472 2333 1523 2418 εει
1544 2343 1667 2390 omnes
1688 2322 1861 2412 sapientia
1898 2319 2052 2395 bumana
2077 2330 2336 2414 antecellentes,

325 2419 394 2488 locis
410 2419 593 2510 copiosius
615 2421 822 2511 exponitur,
848 2422 931 2515 quia
951 2417 1115 2493 Christus
1135 2417 1294 2492 cumula-
1346 2443 1428 2489 cum
1464 2420 1586 2510 legunt
1617 2419 1709 2492 banc
1740 2425 1947 2494 concionem
1973 2429 2017 2496 de
2048 2433 2336 2516 manducatione,

331 2532 428 2591 tuest
438 2520 545 2590 donis
561 2519 716 2612 Spiritus
728 2524 841 2593 sancti
857 2547 962 2614 supra
978 2547 1102 2594 omnes
1117 2519 1294 2608 homines,
1343 2522 1572 2622 obstupelieri
1598 2539 1632 2596 et
1653 2526 1798 2610 mirari,
1848 2551 2018 2620 quorsum
2052 2526 2139 2602 baec
2169 2545 2241 2602 tam
2269 2523 2373 2604 ob-'

327 2622 474 2716 imoquia
495 2622 539 2691 in
564 2647 606 2694 eo
631 2624 799 2695 divinitas
823 2621 961 2696 habitat
981 2627 1228 2718 corporaliter,
1255 2628 1292 2695 id
1343 2642 1444 2693 scura
1459 2627 1570 2709 ratio,
1596 2629 1680 2696 etin
1698 2627 1849 2718 speciem
1870 2633 2022 2700 absurda
2041 2636 2225 2724 pertineat.
2260 2633 2335 2706 Nu·

321 2737 372 2807 est,
391 2725 479 2817 quia
495 2737 626 2795 natura
651 2740 704 2796 est
729 2727 822 2797 lilius
840 2725 923 2812 Dei,
956 2741 1006 2797 est
1032 2729 1109 2818 pari
1135 2729 1293 2820 putentia
1343 2745 1410 2804 no,
1436 2725 1619 2821 abrumpit
1636 2743 1747 2800 totam
1762 2731 2047 2819 altercationem,
2071 2750 2260 2820 etcausam
2279 2759 2335 2817 ra.

318 2839 519 2917 compatre,
544 2839 586 2896 ut
601 2829 826 2919 supradixit:
853 2827 1198 2921 Patermcususque
1214 2855 1291 2900 mo·
1341 2828 1432 2918 petit
1446 2822 1573 2898 harum
1590 2831 1849 2918 offensionum,
1884 2857 1990 2926 quam
2014 2857 2119 2928 supra
2146 2839 2253 2918 dixit,
2279 2839 2336 2909 vi-

315 2927 553 3018 duoperatur,
578 2944 614 3001 et
634 2952 698 3018 ego
722 2954 870 3023 operor,
896 2933 1087 3002 sanctificat
1102 2932 1230 3021 igitur,
1257 2947 1292 3004 et
1326 2929 1490 3015 delicet,
1515 2935 1610 3023 qtrod
1635 2955 1735 3002 mena
1749 2928 1906 3004 humana
1923 2936 1967 3006 sit
1981 2937 2146 3029 oppressa
2165 2941 2334 3026 tenebris,

312 3028 472 3116 viviticat,
504 3033 566 3103 dat
589 3054 719 3100 novam
744 3032 877 3117 lucem,
910 3034 1105 3117 iusticiam,
1132 3049 1165 3103 et
1180 3035 1287 3104 vitam
1341 3053 1408 3100 nec
1433 3033 1666 3123 amplectatur
1687 3031 1944 3126 Evangelium,
1984 3040 2051 3109 nisi
2079 3041 2154 3111 Deo
2177 3041 2334 3117 iuvante.

309 3145 489 3203 aeternam.
543 3130 603 3203 Sic
627 3145 678 3204 est
699 3135 904 3225 obsignatus
921 3150 955 3205 et
969 3150 1096 3206 unctus
1113 3131 1289 3217 Christus,
1341 3133 1513 3219 Decimo,
1554 3148 1713 3207 tentatur
1749 3137 1922 3208 consessio
1953 3137 2227 3230 Apostolorum,
2270 3145 2333 3236 qui

309 3247 340 3303 ut
360 3246 475 3324 ungat
495 3238 694 3321 credentes,
735 3237 825 3308 sicut
848 3261 954 3328 supra
978 3239 1197 3308 dictumest:
1235 3237 1289 3306 Ex
1341 3255 1504 3323 expresse
1538 3237 1736 3322 affirmant,
1779 3232 1874 3308 hunc
1906 3261 2010 3309 suum
2040 3242 2226 3312 dominum
2259 3267 2334 3314 csse

305 3335 975 3430 plenitudiueeiusomnesaccipimus.
1268 3344 1273 3354 '
1341 3331 1509 3404 Messinm
1536 3337 1649 3407 lilium
1674 3337 1751 3408 Dei.
1818 3336 1980 3411 Recitavi
2005 3345 2131 3412 seriem
2160 3345 2334 3430 locorum,

396 3435 531 3508 Graeci
545 3450 671 3529 urgent
687 3442 898 3511 vocabulum
922 3438 1128 3531 obsignatus
1153 3449 1222 3529 est,
1255 3453 1289 3511 et
1339 3437 1403 3529 qui
1426 3437 1465 3507 iu
1487 3432 1553 3508 hac
1574 3439 1680 3531 lunga
1705 3452 1741 3511 et
1764 3441 1914 3511 obscura
1944 3446 2117 3515 concione
2150 3447 2331 3539 praecipui

304 3543 567 3612 accommodant
602 3542 647 3611 ad
685 3542 877 3633 imaginem
912 3538 998 3627 Dei,
1039 3538 1203 3614 Christus
1236 3557 1288 3614 est
1339 3553 1441 3624 snm,
1468 3553 1508 3610 nt
1530 3542 1642 3615 lector
1665 3544 1776 3633 magis
1799 3543 1937 3630 videat,
1971 3550 2152 3646 quomodo
2172 3550 2331 3621 membra

305 3638 480 3739 oppuyic,
518 3642 651 3728 idest,
678 3644 796 3735 imago
819 3646 929 3737 patris
955 3645 1107 3729 aeterni,
1135 3646 1224 3718 sicut
1241 3647 1286 3715 ad
1337 3654 1547 3732 congruant.

302 3740 388 3815 lleb.
405 3748 440 3815 1.
455 3746 605 3814 dicitur:
639 3744 753 3815 Filius
779 3760 829 3816 est
846 3742 1042 3843 χαρακτὴρ
1068 3748 1287 3818 substantiae
1441 3742 1565 3816 lledeo
1581 3744 1692 3835 igitur
1706 3746 1750 3815 ad
1776 3748 1943 3843 quartum
1960 3750 2078 3823 locum
2095 3752 2139 3823 de
2156 3753 2329 3839 doctrina,
2442 3737 2451 3753 ⁰

304 3846 416 3936 patris.
469 3845 544 3917 Nec
559 3842 647 3915 mibi
664 3846 827 3939 displicet
843 3844 927 3919 haec
943 3850 1199 3939 interpretatio,
1225 3851 1284 3919 sed
1337 3846 1493 3940 quaein
1519 3843 1586 3916 hoc
1612 3847 1727 3939 capite
1753 3851 1941 3941 praecipua
1969 3864 2032 3925 est.
2090 3850 2179 3924 Cum
2205 3851 2330 3925 ludaei

300 3946 345 4019 ita
365 3950 517 4018 verbum
544 3946 741 4048 σφραγίζω
769 3951 939 4021 tribuitur
962 3952 1081 4021 soli‘et
1099 3952 1161 4021 uni
1180 3946 1286 4041 Chri-
1335 3943 1598 4019 stomachantes
1611 3950 1789 4040 obiurgati
1805 3966 1920 4025 essent
1928 4002 1940 4035 ,
1968 3953 2202 4044 interrogant,
2229 3959 2327 4048 quod

300 4064 368 4135 sto,
392 4074 467 4142 quo
484 4062 601 4119 tamen
619 4065 653 4121 et
667 4051 753 4121 alias
766 4066 919 4122 utuntur
934 4052 1083 4121 loannes
1100 4052 1286 4139 etPaulus,
1335 4071 1426 4139 opus
1439 4048 1517 4119 ficri
1533 4050 1642 4121 velit?
1678 4049 1757 4143 lpse
1780 4054 1949 4144 proponit
1972 4050 2040 4125 hoc
2060 4078 2168 4147 opole,
2194 4059 2328 4151 dequo
2394 4076 2401 4085 '

299 4154 338 4221 de
361 4151 513 4223 caeteris
534 4154 680 4240 sanctis,
714 4167 753 4226 ut
775 4148 992 4228 2.Corinth.
1011 4158 1062 4227 1.:
1101 4156 1201 4225 Deus
1222 4157 1285 4249 qui
1335 4152 1481 4243 proprie
1518 4151 1751 4223 concionatur
1777 4152 2031 4244 Evangelium,
2067 4157 2249 4245 videlicet,
2287 4173 2330 4231 ut

299 4252 495 4343 obsignavit
526 4276 608 4340 nos,
648 4256 778 4341 idest,
812 4258 1010 4341 ordinavit,
1052 4256 1216 4342 donavit,
1250 4272 1285 4327 et
1335 4257 1482 4324 credant
1502 4252 1542 4325 in
1557 4249 1764 4347 Christum,
1798 4268 1832 4326 et
1856 4258 2039 4349 aliquanto
2065 4260 2327 4349 postaibrruat,

298 4356 446 4425 munivit
463 4354 602 4446 Spiritu
618 4371 750 4428 sanctu.
800 4360 909 4429 Item:
944 4356 986 4426 ln
1011 4382 1082 4451 quo
1108 4358 1284 4447 obsignati
1334 4378 1372 4425 se
1387 4378 1461 4425 esse
1478 4356 1637 4425 datorem
1653 4358 1748 4427 vitae
1761 4370 1946 4444 aeternae,
1972 4371 2006 4428 ct
2030 4356 2122 4431 banc
2138 4360 2186 4430 ita
2203 4384 2328 4433 conse·
2437 4358 2447 4389 ⁸

296 4457 427 4525 estisin
445 4457 542 4526 diem
566 4458 806 4530 redemtionis.
858 4457 901 4527 ln
924 4484 1061 4530 summa
1079 4484 1160 4531 vero
1176 4456 1284 4530 Cbri-
1334 4459 1396 4551 qui
1421 4452 1606 4538 homines,
1641 4458 1839 4528 sicredant
1861 4459 2097 4535 inMessiam.
2155 4460 2253 4532 Haec
2273 4477 2326 4534 est

297 4572 367 4628 stus
379 4560 417 4627 iu
436 4553 504 4628 bac
517 4560 688 4630 concione
707 4562 794 4630 sexti
810 4562 935 4651 capitis
951 4561 1048 4641 dicit,
1075 4585 1112 4631 se
1128 4585 1201 4633 esse
1217 4564 1284 4633 ob-
1334 4558 1543 4651 principalis
1558 4560 1719 4630 doctrina
1737 4560 1776 4629 in
1796 4554 1860 4630 hac
1875 4574 1947 4633 tota
1963 4562 2214 4652 disputatione,
2236 4586 2327 4656 quae

297 4661 489 4750 signatum,
524 4660 560 4729 id
586 4674 657 4749 εει,
696 4685 733 4734 se
756 4686 869 4733 unum
892 4686 965 4732 esse
987 4660 1157 4733 Messinm
1187 4677 1283 4736 certo
1335 4662 1478 4754 quidem
1497 4674 1548 4731 est
1563 4682 1700 4730 summa
1715 4658 1921 4751 Evangelii,
1946 4678 1986 4734 ut
2001 4686 2104 4754 saepe
2121 4664 2256 4734 dictum
2273 4677 2326 4735 est

295 4766 398 4833 modo
413 4763 640 4847 ordinatum,
663 4760 1284 4857 etdonatumproornnibnshomi-
1333 4785 1461 4854 supra,
1503 4776 1539 4835 et
1567 4776 1618 4833 est
1638 4764 1812 4833 sententia
1844 4765 2005 4857 opposita
2037 4758 2129 4857 le'gi,
2167 4778 2202 4835 et
2224 4765 2325 4836 inani

296 4866 397 4935 nibus
425 4865 472 4934 ad
500 4858 569 4933 boc
592 4888 745 4951 munus,
792 4880 833 4937 ut
862 4866 921 4937 det
950 4865 1061 4935 vitam
1091 4880 1281 4937 aeternam.
1332 4865 1461 4935 fiducia
1480 4865 1604 4955 populi
1622 4860 1747 4950 buius,
1774 4865 1836 4958 qui
1851 4880 1996 4957 propter
2011 4867 2126 4955 legem
2144 4867 2324 4938 exlstima-

296 4963 476 5037 Haeserat
497 4988 591 5035 nova
614 4968 759 5053 concio,
789 4983 823 5040 ct
844 4968 964 5058 ignota
986 4968 1146 5058 populo,
1178 4969 1282 5039 iasci-
1333 4968 1395 5037 bat
1418 4988 1456 5035 se
1479 4960 1609 5035 habere
1626 4966 1869 5036 remissionem
1894 4979 2116 5058 peccatorum
2144 4982 2177 5039 et
2200 4964 2323 5039 baere-

296 5082 372 5139 nato
384 5067 677 5161 persuasionibus
698 5070 742 5140 de
759 5070 911 5162 imperio
928 5070 1066 5139 mundi.
1332 5069 1479 5140 ditatem
1494 5067 1587 5137 vitae
1603 5080 1775 5141 aeternae.
1827 5066 1914 5137 ldeo
1931 5069 2065 5141 ironice
2082 5070 2321 5160 interrogant:

567 5171 571 5178 ’
1334 5169 1432 5258 Quid
1456 5168 1645 5255 faciemus,
1682 5184 1723 5241 ut
1747 5192 1937 5261 operemur
1963 5194 2068 5262 opera
2089 5168 2182 5241 Dei?
2219 5170 2322 5263 quasi

1333 5272 1470 5341 dicant:
1508 5264 1671 5340 Curuus
1695 5269 1888 5360 obiurgas?
1921 5296 1986 5343 cur
2008 5273 2107 5342 iubes
2136 5282 2320 5343 aeternum

386 5370 499 5441 luitio
512 5370 639 5460 capitis
654 5370 825 5442 miracula
842 5372 1003 5443 recitavit
1016 5372 1164 5465 aliquot,
1190 5396 1282 5466 quae
1331 5373 1451 5443 cibum
1467 5373 1609 5465 quaeri,
1633 5394 1712 5442 cum
1730 5372 1840 5441 simus
1855 5374 1937 5445 iusti
1954 5376 2049 5464 lege,
2074 5372 2246 5465 quidnam
2263 5396 2321 5443 re-

297 5488 371 5547 tunt
384 5472 588 5545 testimonia
604 5473 806 5546 doctrinae:
832 5488 954 5565 postea
969 5474 1132 5567 sequitur
1153 5498 1281 5545 narra·
1331 5475 1445 5568 quiris
1471 5472 1648 5565 amplius?
1683 5470 1891 5565 Respondet
1913 5471 2096 5558 Christos,
2125 5474 2199 5545 imo
2220 5474 2319 5545 aliud

297 5578 341 5645 tio
359 5573 580 5646 constantiae
601 5569 737 5647 Christi
766 5575 934 5667 fugientis
965 5577 1102 5666 regium
1133 5599 1279 5652 nornen.
1330 5576 1493 5670 requiro:
1518 5572 1598 5645 Hoc
1623 5588 1675 5645 est
1697 5597 1787 5666 opus
1803 5572 1890 5659 Dei,
1922 5590 1961 5646 ut
1985 5575 2136 5647 credatis
2162 5576 2200 5645 iu
2225 5600 2322 5655 euru,-

299 5674 430 5761 Tertio,
453 5676 668 5747 describitur
681 5677 882 5767 obiurgatio
901 5679 1049 5771 populi,
1075 5679 1279 5771 quaerentis
1329 5702 1435 5772 quern
1452 5677 1514 5745 ille
1528 5676 1639 5746 misit.
1677 5672 1790 5748 Vocat
1806 5672 1898 5745 banc
1913 5677 2018 5748 fidem
2033 5697 2123 5767 opus
2133 5674 2197 5747 Dei
2205 5724 2218 5766 ,
2244 5698 2318 5747 non

297 5774 466 5851 Christum
476 5816 494 5863 ,·
527 5800 602 5847 uon
635 5792 779 5871 propter
802 5776 1038 5869 Evangeliam
1069 5794 1103 5851 et
1127 5781 1277 5869 gloriam
1328 5780 1442 5850 solum
1457 5778 1540 5871 quia
1557 5800 1576 5847 a
1592 5774 1668 5847 Deo
1684 5779 1976 5865 mandatumest,
2009 5802 2093 5848 narn
2120 5773 2187 5847 boc
2209 5777 2316 5846 modo

297 5876 374 5971 oo,
397 5884 458 5955 sed
481 5892 630 5975 propter
647 5880 813 5976 proprias
834 5880 1028 5971 utilitates,
1051 5882 1204 5975 vietum,
1231 5882 1278 5952 li·
1294 5916 1304 5982 ὅ
1326 5896 1361 5953 ει
1377 5881 1434 5953 lex
1449 5892 1502 5951 est
1516 5902 1606 5973 opus
1619 5875 1705 5965 Dei,
1730 5878 1913 5950 sedetiam
1928 5881 2011 5974 quia
2028 5881 2141 5973 placet
2159 5875 2256 5959 Deo,
2280 5890 2316 5951 et

365 5228 472 5331 Quid
479 5231 694 5335 sociemus,
719 5242 758 5306 ut
774 5258 962 5335 operemur
975 5256 1089 5331 opera
1103 5231 1207 5306 Dei?
