5825 6950
297 687 370 759 eor
570 688 671 769 rur.
722 684 1082 769 cananaeam
1108 688 1265 780 nessa.
1293 688 1439 778 raum
1466 688 1822 778 cenomanos.
1878 698 2070 781 cantv.
2257 707 2336 809 aaa

297 865 429 935 talibus
463 862 601 935 ritibus.
662 862 836 939 Homines
862 866 1063 937 existimant
1091 863 1176 944 tales
1199 866 1290 938 ritus
1339 867 1598 959 applicatione,
1624 872 1722 963 qnod
1740 872 1905 947 videlieet
1925 876 2115 963 promissio
2136 901 2219 949 vers
2235 861 2344 951 a'dte

297 983 355 1037 ant
373 990 445 1037 esse
460 968 557 1057 signa
575 968 803 1059 professionis
819 983 993 1053 externae,
1008 992 1069 1037 seu
1077 966 1287 1053 distinctio·
1337 972 1534 1061 pertineat,
1559 986 1595 1044 et
1614 969 1864 1047 detestaturos
1884 977 2174 1067 promissionem,
2201 995 2330 1057 statuat

300 1071 353 1139 nis
378 1070 473 1142 inter
498 1068 687 1153 homines,
719 1072 811 1143 sicut
833 1070 933 1160 'l'oga
957 1070 1185 1142 discernebat
1212 1067 1288 1141 Ro·
1339 1096 1420 1145 vere
1445 1100 1511 1145 nos
1534 1075 1642 1167 recipi
1662 1090 1696 1148 et
1713 1078 1874 1149 exaudiri
1889 1104 1908 1147 a
1925 1079 2006 1151 Deo
2029 1097 2176 1174 propter
2193 1086 2330 1155 media-

299 1170 660 1259 manmnaGraecis,
693 1188 756 1246 aut
778 1197 851 1243 csse
873 1173 1059 1263 allegorias
1083 1184 1220 1243 tantum
1244 1176 1287 1243 de
1338 1187 1461 1246 torem.
1515 1174 1612 1249 llaec
1642 1179 1679 1249 in
1703 1180 1796 1249 veris
1817 1180 1992 1253 exercitiis
2016 1186 2259 1255 conversionis
2293 1199 2328 1259 ct

298 1276 430 1345 nostris
448 1278 629 1367 operibus.
679 1274 740 1349 Sic
762 1277 1018 1369 Anabaptistae
1036 1274 1287 1349 universaliter
1336 1276 1374 1345 in
1403 1302 1485 1349 vera
1514 1280 1758 1353 consolatione
1781 1284 1873 1355 bunt
1902 1283 2109 1357 illustriora.
2167 1284 2219 1361 Et
2241 1290 2327 1383 quia

298 1380 426 1447 docent
457 1380 762 1471 anabaptismum,
810 1404 915 1477 quem
942 1372 1093 1461 babent,
1131 1399 1206 1447 esse
1230 1378 1288 1447 di·
1336 1381 1488 1473 requirit
1521 1382 1558 1451 in
1584 1408 1649 1453 usu
1678 1399 1981 1457 sacramentorum
2010 1388 2139 1475 fidem,
2176 1390 2327 1461 manife-

298 1482 525 1551 stinctioncm
563 1482 617 1551 sni
659 1496 779 1553 coctus
813 1507 834 1552 a
874 1482 1020 1553 caeteris
1062 1474 1285 1552 bominibus:
1334 1494 1428 1553 stum
1454 1497 1524 1569 est,
1550 1487 1712 1555 damnari
1739 1500 1863 1557 tctcam
1882 1488 2119 1577 impietatem,
2144 1516 2235 1586 quae
2257 1494 2325 1562 liu-

299 1584 428 1653 deinde
454 1606 526 1653 esse
545 1584 751 1677 allegoriam
775 1585 820 1655 de
845 1584 1035 1677 patientia,
1070 1604 1160 1677 quae
1188 1608 1284 1653 corn-
1333 1584 1385 1675 git
1427 1586 1489 1657 illa
1530 1612 1638 1681 opera
1680 1589 1810 1663 mereri
1850 1589 2096 1665 cernissiouem
2135 1620 2177 1665 cx
2218 1619 2326 1688 opere

297 1686 512 1757 monefaciat
535 1710 596 1757 eos
622 1686 776 1759 velutin
801 1687 930 1757 Ductus
952 1685 1076 1776 mergi.
1127 1686 1284 1757 Coenam
1333 1702 1491 1781 operato.

297 1786 447 1859 Domini
469 1788 593 1861 dicunt
613 1814 685 1859 esse
700 1792 826 1861 foedus
846 1805 990 1870 mutuae
1008 1789 1285 1875 benevolentiae,

297 1892 387 1964 sicut
407 1916 544 1983 semper
559 1894 652 1983 apud
671 1916 795 1961 omnes
811 1907 930 1981 gentes
950 1890 1148 1964 cummunis
1164 1915 1284 1961 mensa
1332 1884 1380 1963 Si
1397 1884 1461 1981 bi,
1493 1892 1561 1993 qui
1585 1916 1632 1965 ex
1659 1888 1738 1987 lege
1776 1903 1864 1963 sunt
1888 1888 2082 1984 haeredes,
2123 1896 2235 1969 irrita
2266 1908 2323 1973 est

297 1996 364 2065 luit
390 1995 533 2083 signum
556 1994 744 2069 amicitiae.
796 1993 902 2077 Tales
924 1990 1201 2065 suutbumanac
1226 1994 1284 2063 in·
1672 1994 1873 2091 promissio
1910 2006 1974 2069 etc.
2231 1986 2236 1993 ’

297 2098 570 2190 ,cepretationes
589 2100 633 2167 de
648 2096 903 2169 Sacramentis:
930 2098 1061 2191 quibus
1076 2095 1141 2167 etsi
1165 2110 1283 2187 postea

297 2226 380 2273 tuus
400 2200 497 2269 lacus
514 2200 600 2285 erit,
624 2215 743 2271 tamen
760 2200 828 2270 alia
851 2199 1057 2299 principalis
1074 2198 1284 2289 interpreta-

301 2307 342 2375 io
370 2304 471 2395 prius
488 2304 639 2373 tenenda
660 2314 731 2387 est,
758 2317 793 2375 ct
819 2302 1069 2375 considerandi
1090 2314 1176 2373 suut
1198 2300 1286 2371 fieres
1386 2300 1495 2376 Nulla
1521 2306 1709 2395 promissio
1740 2308 1897 2397 pendens
1927 2332 1969 2377 ex
2002 2306 2208 2382 conditione
2235 2312 2326 2404 legis

297 2406 523 2495 ariocipales.
1439 2421 1492 2477 est
1509 2408 1613 2479 uobis
1630 2424 1703 2481 rata
1726 2426 1761 2479 et
1785 2425 1898 2495 cocta,

402 2508 551 2599 Semper
579 2520 696 2577 autem
726 2509 944 2590 anteceduntx
964 2508 1036 2577 duo
1074 2506 1287 2600 principales
1387 2506 1667 2581 Promissiooem
1708 2512 1839 2602 gratiae
1875 2526 2014 2605 oportet
2049 2536 2122 2587 esse
2157 2530 2269 2589 ratam
2289 2532 2325 2591 et

307 2616 399 2685 lanes.
451 2610 574 2695 Prior,
600 2612 695 2701 quod
721 2626 937 2681 sacramenta
955 2623 1037 2680 sunt
1055 2633 1135 2702 pars
1153 2608 1287 2702 publici
1439 2627 1591 2697 certans,
1624 2610 1737 2705 Ergo:

306 2714 510 2799 ministerii,
540 2712 623 2807 quia
648 2713 724 2783 vult
746 2711 843 2783 Deus
864 2712 982 2803 colligi
1009 2708 1200 2783 Ecclesiam
1228 2734 1287 2781 ex·
1388 2712 1582 2786 Promissio
1619 2718 1751 2805 gratiae
1781 2740 1855 2785 non
1887 2718 2017 2807 pendet
2047 2742 2087 2788 ex
2116 2721 2324 2795 conditione

302 2838 403 2889 terno
422 2816 640 2901 ministerio,
659 2829 695 2886 ct
711 2816 787 2887 vult
800 2840 875 2885 eam
893 2839 967 2885 esse
981 2815 1287 2905 congregationem
1440 2818 1547 2907 legis,
1569 2821 1630 2889 secl
1647 2832 1699 2889 est
1715 2819 1865 2907 gratuita
1883 2835 1918 2890 et
1932 2820 2134 2911 accipienda
2152 2823 2234 2893 fide.

301 2921 494 2991 risibilem.
546 2918 606 2991 Sic
624 2919 819 3008 baptismus
835 2934 883 2989 est
904 2942 984 3011 pars
999 2918 1200 3003 ministerii,
1217 2940 1288 3009 quo
1440 2916 1521 2991 Hoc
1549 2936 1796 3009 argumentum
1830 2935 1986 2991 sumtum
2017 2938 2068 2993 cst
2098 2948 2139 2993 ex
2164 2926 2324 2999 tontibus

298 3024 492 3093 risibilitas
521 3021 701 3111 colligitur
730 3018 909 3101 Ecclesia,
948 3034 982 3091 et
1010 3034 1113 3091 sonat
1146 3034 1289 3093 caterua
1339 3021 1447 3094 totius
1470 3024 1652 3094 doctrinae
1674 3023 1942 3108 ecclesiasticae,
1982 3039 2088 3097 etest
2110 3028 2324 3101 fundamen·

300 3126 482 3197 invocatio
502 3122 636 3207 Patris,
671 3121 757 3193 Filii
779 3136 814 3193 et
840 3122 995 3213 Spiritus
1016 3121 1139 3193 sancti.
1339 3138 1415 3195 tum
1433 3149 1473 3194 ac
1491 3118 1651 3218 συνεχὸν
1673 3126 1783 3196 totius
1804 3128 2085 3213 controversiae,
2110 3142 2146 3199 et
2169 3134 2325 3204 ostendit

404 3226 526 3299 Coena
549 3226 696 3299 Domini
723 3239 775 3297 est
798 3248 929 3294 nervus
951 3226 1113 3313 publicae
1143 3247 1292 3315 congre·-
1341 3228 1532 3298 discrimen
1563 3228 1651 3317 legis
1679 3242 1716 3297 et
1739 3222 1936 3315 Evangelii.
1994 3226 2074 3299 Erit
2096 3248 2213 3299 antem
2238 3234 2324 3303 illu-

308 3332 477 3425 gationis,
504 3330 540 3399 in
564 3354 632 3423 qna
659 3330 735 3397 vult
760 3325 857 3397 Deus
875 3328 1015 3418 publice
1038 3351 1165 3397 sonare
1182 3343 1290 3399 totam
1334 3326 1447 3399 'strius
1468 3330 1691 3401 considerato
1714 3328 1830 3421 primo
1853 3331 2024 3429 exemplo.
2090 3328 2181 3401 Cum
2206 3332 2323 3405 Adam
2361 3358 2366 3365 ’

307 3436 502 3506 doctrinam
526 3429 734 3522 Evangelii,
768 3443 808 3502 ut
827 3433 998 3524 scriptum
1017 3445 1084 3506 est:
1123 3428 1291 3520 Quoties-
1341 3448 1374 3503 et
1389 3428 1467 3502 Eva
1482 3432 1571 3524 lapsi
1589 3446 1692 3518 sunt,
1719 3457 1792 3503 non
1816 3446 1978 3524 poterant
1999 3432 2102 3502 aliter
2123 3436 2323 3506 ratiocinari

306 3563 442 3632 certeque
468 3535 728 3616 convenientis,
756 3547 904 3606 mortem
920 3531 1068 3604 Domini
1091 3534 1291 3606 annuncia·
1342 3559 1383 3604 ex
1407 3536 1501 3625 lege,
1534 3535 1604 3606 nisi
1625 3561 1662 3605 sc
1684 3536 1755 3606 iam
1778 3534 1814 3602 in
1838 3550 1911 3604 tota
1938 3538 2145 3606 aeternitate
2170 3540 2324 3610 abiectos

306 3643 385 3712 bitis
408 3642 521 3710 donec
545 3638 691 3709 venerit.
1343 3656 1492 3717 csse,.ct
1511 3654 1623 3708 totum
1638 3661 1751 3727 genus
1765 3631 1960 3705 barenanum
1977 3637 2046 3705 iam
2065 3639 2231 3730 perierat,
2254 3643 2325 3714 nisi

407 3741 593 3814 Secundus
617 3741 697 3810 linis
714 3752 766 3818 est
782 3736 947 3830 privatim
967 3739 1010 3830 ad
1028 3737 1188 3829 singulos
1209 3762 1291 3830 per»
1335 3738 1438 3810 'Deus
1463 3741 1556 3809 calita
1582 3741 1817 3830 promissione
1844 3740 2040 3810 retraxisset
2058 3765 2117 3810 eos
2135 3767 2176 3811 es
2200 3757 2324 3829 morte,

307 3849 441 3930 tineus,
476 3846 572 3936 quod
596 3857 811 3914 sacramenta
835 3854 919 3911 serrat
933 3841 1032 3930 signa
1055 3865 1130 3910 non
1153 3853 1289 3910 tautum
1341 3858 1374 3912 et
1395 3837 1462 3912 bac
1487 3841 1863 3933 promissiooegratiae
1880 3841 2095 3913 condidisset
2112 3839 2322 3914 Ecclesiam:

304 3975 384 4040 erga
401 3945 583 4032 homines,
607 3948 667 4036 sed
689 3969 770 4036 erga
793 3945 929 4022 Deum,
957 3958 991 4014 et
1014 3958 1099 4021 sum
1121 3957 1289 4037 tanquam
1340 3945 1388 4014 ita
1405 3947 1533 4014 scimus
1549 3943 1664 4015 Deum
1684 3946 1773 4014 velle
1788 3943 1859 4014 sibi
1876 3943 1913 4012 iu
1929 3967 2055 4033 genere
2071 3941 2228 4017 bumana
2251 3947 2325 4018 col·

305 4051 504 4126 testimonia
529 4075 589 4122 seu
614 4049 760 4138 pignora
787 4045 1032 4138 promissionis
1052 4046 1196 4136 gratiae.
1244 4043 1291 4116 Ut
1339 4047 1447 4133 ligere
1479 4063 1656 4117 aeternam
1686 4045 2020 4139 Ecclesiam,'qnia
2046 4063 2184 4139 praeter
2212 4051 2324 4140 legem

303 4181 384 4228 cum
405 4155 513 4224 verbo
537 4153 709 4222 excitatur
729 4149 815 4220 fides
839 4173 900 4238 per
924 4147 1096 4240 Spiritum
1116 4161 1288 4228 sanctum,
1339 4149 1452 4219 edidit
1473 4149 1717 4220 admirandam
1733 4146 2025 4241 promissionem,
2051 4153 2095 4220 de
2119 4151 2323 4240 mediatore,

305 4257 439 4330 accedit
469 4251 536 4324 boc
561 4267 745 4324 externum
776 4252 1015 4322 testimonium
1047 4265 1216 4344 tanquam
1241 4250 1288 4318 si·
1339 4253 1382 4322 de
1401 4253 1608 4342 remissione
1624 4267 1845 4340 peccatoram
1863 4253 2035 4340 gratuita,
2060 4255 2104 4322 de
2122 4256 2323 4326 reconlilia·

303 4386 434 4454 gnum,
459 4359 650 4451 etquidem
668 4355 848 4444 adplicans
865 4353 1062 4442 generalem
1081 4352 1288 4444 promissio-
1338 4357 1455 4437 tione,
1488 4357 1848 4428 etdevitaaeterna.
1900 4350 2120 4425 Haeciuitia
2143 4353 2323 4428 Ecclesiae

304 4487 383 4534 nem
398 4463 442 4532 ad
460 4461 635 4550 singulos,
658 4459 693 4526 id
714 4471 784 4544 est,
809 4457 1000 4528 testificans
1016 4455 1288 4549 promissionem
1338 4458 1628 4540 considerentur,
1662 4474 1702 4530 ut
1726 4458 1785 4528 fiat
1815 4456 2037 4547 conspectior
2070 4456 2255 4547 promissio
2289 4471 2324 4531 et

299 4571 342 4638 ad
366 4565 526 4654 singulos
552 4562 739 4654 pertinere.
1338 4561 1512 4650 cogitetur
1530 4563 1712 4654 quomodo
1739 4581 1880 4650 semper
1903 4557 2062 4628 Ecclesia
2090 4559 2237 4631 collecta
2266 4564 2324 4646 sit,

403 4665 576 4738 Nomium
591 4665 699 4752 igitur
716 4660 847 4732 Paulus
870 4660 1173 4731 circumcisionem
1189 4660 1288 4750 sigii·
1336 4677 1372 4734 et
1387 4687 1478 4755 quae
1506 4687 1563 4732 res
1586 4663 1708 4732 secerlt
1729 4662 1921 4732 discrimen
1955 4660 2051 4730 inter
2069 4657 2263 4732 Ecclesiam
2287 4679 2324 4736 et

298 4777 375 4846 lmn
394 4769 553 4838 iustitiae
571 4763 856 4856 lidei,quiaerat
874 4764 1068 4835 testilimtio
1086 4765 1287 4854 incorpore
1336 4759 1520 4840 Etbuicos.
1577 4763 1719 4836 Norunt
1746 4766 1860 4852 legem
1888 4761 2050 4855 utrique,
2090 4776 2125 4833 et
2152 4778 2323 4858 utrosque

297 4867 470 4950 Abrabae
488 4897 506 4939 a
524 4868 600 4940 Deo
622 4867 771 4948 tradita,
797 4865 1116 4936 coeremonesacicns
1138 4889 1219 4934 enm
1243 4868 1287 4934 de
1335 4868 1391 4949 lex
1407 4881 1564 4951 accusat,
1584 4870 1642 4936 sed
1659 4867 1845 4958 promissio
1863 4863 1997 4953 gratiae
2018 4863 2102 4934 facit
2122 4865 2323 4953 discrimen,
2358 4896 2363 4906 ·

297 4974 538 5074 promissione
553 4985 587 5040 ct
602 4971 791 5041 ostendens
810 4967 1080 5058 promissionem
1103 4969 1147 5036 ad
1170 4967 1287 5054 ipsum
1335 4993 1476 5062 semper
1496 4971 1591 5040 enim
1607 4984 1744 5040 tautum
1766 4969 1818 5038 ibi
1839 4968 1927 5050 init,
1959 4979 2010 5037 est
2024 4979 2060 5038 et
2077 4967 2143 5036 ecit
2159 4992 2241 5039 vers
2254 4968 2324 5040 Dei

297 5079 490 5174 pertinere.
541 5073 642 5144 Sicut
663 5087 779 5143 antem
802 5065 985 5142 Abrabam
1010 5071 1288 5141 confirmabatur
1336 5059 1606 5158 Ecclesiasulri
1619 5086 1740 5142 manet
1754 5069 1943 5162 promissio
1964 5083 2001 5140 et
2021 5067 2218 5140 intellectus
2241 5095 2324 5161 pro-

297 5193 445 5273 accepto
470 5175 536 5248 boc
557 5199 651 5244 novo
673 5173 774 5262 signo
800 5175 844 5241 de
868 5173 986 5256 coelo,
1018 5173 1067 5242 sic
1083 5196 1149 5244 uos
1166 5171 1205 5243 in
1220 5194 1287 5242 usu
1337 5174 1519 5244 missionis
1532 5175 1675 5264 gratiae,
1691 5174 1782 5244 sicut
1792 5171 1922 5242 Patrius
1939 5171 2070 5263 iuquit:
2096 5169 2323 5243 Fundamen-

297 5301 603 5362 sacramentorum
626 5275 826 5345 confirmari
845 5289 1002 5366 oportet,
1036 5276 1287 5368 quasinovam
1338 5278 1630 5368 trimaliutlponi
1650 5302 1723 5346 stan
1745 5289 1875 5362 potest,
1902 5274 2092 5364 praeteriti
2112 5279 2209 5366 quod
2228 5279 2323 5367 posi-

297 5410 426 5462 socem
442 5397 502 5452 aut
518 5382 658 5468 signnm
676 5401 716 5446 es
734 5377 832 5448 coelo
856 5377 1111 5470 acciperemus,
1143 5390 1177 5446 et
1201 5377 1289 5448 scire
1340 5393 1416 5452 tum
1443 5394 1512 5463 est,
1541 5383 1637 5472 qnod
1662 5394 1715 5450 est
1737 5377 1904 5448 Christus
1933 5374 2038 5446 teme

298 5491 407 5564 nobis
438 5483 609 5582 applicari
636 5478 918 5570 proscissionem.
969 5475 1041 5550 Sed
1069 5479 1288 5548 consuetudo
1440 5481 1523 5553 Sint
1545 5481 1654 5572 igitur
1678 5483 1715 5549 in
1738 5493 1925 5569 conspectu
1950 5478 2011 5548 illa
2029 5478 2143 5567 prima
2167 5481 2325 5567 exempla

299 5594 406 5674 lacit,
435 5602 473 5658 ut
490 5587 550 5656 illa
573 5581 773 5652 testimonia
797 5577 864 5652 Dei
896 5581 999 5650 nobis
1023 5582 1152 5650 tradita
1176 5579 1290 5652 levius
1340 5579 1615 5657 AdaeetEvae.
1662 5581 1712 5652 Hi
1735 5578 2187 5673 perspicacitatellexeruut
2211 5581 2324 5650 snaio·

301 5705 487 5766 curentur.
538 5683 647 5758 llectc
669 5684 777 5774 igitur
799 5683 992 5772 cogitemus
1015 5685 1059 5752 de
1083 5707 1150 5752 usu
1174 5705 1289 5752 sacra·
1340 5708 1414 5754 rem
1438 5687 1739 5777 propositionem,
1770 5683 1877 5754 Nulla
1901 5681 2088 5772 promissio
2112 5682 2267 5770 pendeus
2282 5709 2324 5754 ex

302 5813 527 5870 aneatorum,
552 5803 585 5858 et
607 5787 758 5856 sciamus
781 5809 854 5852 esse
879 5783 1012 5876 sigilla,
1039 5782 1075 5852 id
1098 5797 1167 5874 est,
1194 5807 1292 5854 com·
1340 5789 1547 5857 conditione
1565 5787 1670 5878 legis,
1693 5801 1745 5858 est
1761 5785 1865 5856 nobis
1882 5798 1957 5854 rata
1971 5798 2006 5852 et
2023 5796 2137 5866 certa,
2164 5779 2233 5880 ipsi
2258 5813 2325 5856 no·

303 5891 582 5968 ...arefactione
599 5891 641 5957 de
659 5887 894 5980 promissione
914 5901 944 5956 ct
965 5885 1225 5961 testificationes
1248 5887 1292 5956 de
1342 5903 1423 5960 rant
1439 5889 1572 5979 legem,
1596 5893 1657 5962 sed
1673 5905 1750 5983 post
1764 5889 1901 5980 lapsum
1918 5885 2164 5977 intelligebant
2178 5909 2216 5956 se
2230 5888 2324 5960 iudi.

352 6002 544 6072 bleranae.
562 5995 665 6063 Orsa.
693 5987 779 6060 Vos..
798 5991 877 6063 XV,
1491 5990 1541 6068 57

1573 2144 1734 2228 Quinte
1774 2160 2077 2230 argumentosus
