5825 6950
581 685 680 760 asts
1188 675 1316 753 ants.
1341 644 1460 756 uss.
1485 640 2022 753 mecetranorum.
2516 684 2591 763 tao

588 878 716 950 genere
737 851 915 942 hnmano,
955 866 991 927 et
1013 853 1124 947 magis
1150 854 1269 928 munit
1295 854 1445 947 imperia
1477 875 1583 946 quam
1637 847 1771 920 litatem
1807 846 1944 919 videre.
2012 846 2105 921 Nam
2146 850 2313 943 cogitatio
2353 852 2591 951 inaequalitatis,

495 1011 497 1018 -
589 962 663 1031 ulla
681 960 750 1031 alia
766 958 937 1051 sapientia
952 956 1010 1029 vel
1029 957 1199 1050 potentia.
1251 952 1356 1029 Etad
1373 952 1584 1045 baneregu-
1636 952 1732 1045 qnod
1781 946 1879 1021 Deus
1929 950 2083 1022 aliorum
2136 954 2287 1043 pcccatis
2322 958 2449 1028 durius
2491 964 2590 1034 irasca-

590 1064 661 1133 lam
679 1062 903 1135 referendum
923 1075 974 1132 est
995 1060 1130 1133 dictum
1148 1057 1251 1131 Pauli
1273 1054 1342 1158 hoc
1361 1058 1454 1134 loco.
1506 1054 1585 1127 Hoc
1635 1068 1713 1139 tur,
1753 1052 1906 1123 aliorum
1932 1067 2042 1124 tetros
2069 1056 2189 1143 lapsus
2211 1058 2385 1152 negligat,
2425 1080 2456 1137 et
2482 1067 2592 1159 aliquos

592 1160 781 1238 boitestum
799 1178 834 1236 et
851 1178 1030 1262 acceptum
1049 1177 1102 1241 est
1123 1162 1438 1240 toram‘salt'attst'c
1462 1173 1585 1237 nostre
1635 1156 1865 1255 excerpserit,
1907 1156 2037 1259 qttibos
2061 1162 2147 1235 velit
2169 1186 2243 1235 esse
2266 1164 2473 1237 familiarior
2495 1172 2593 1261 spretis

591 1254 689 1355 Deo,
729 1266 818 1342 dicit
846 1262 931 1341 haec
970 1268 1045 1363 ipsa
1073 1270 1210 1356 officia,
1252 1272 1490 1365 precationem
1519 1292 1585 1361 pro
1635 1268 1802 1351 caeteris,
1839 1264 1965 1335 tribuit
1988 1266 2064 1337 Deo
2088 1262 2428 1443 προσωποληῖίαν,
2462 1286 2595 1364 quaeest

593 1371 997 1465 potestate,·pietatem‚
1025 1374 1115 1443 tueri
1141 1370 1326 1445 honestam
1349 1372 1587 1463 disciplinam,
1636 1368 1839 1465 tyrannica,
1873 1382 1908 1439 et
1941 1371 2117 1443 excruciat
2149 1383 2285 1443 mentes
2315 1377 2319 1392 '
2347 1372 2482 1443 orribili
2512 1376 2595 1445 dubi-

593 1499 713 1569 pacem
734 1489 769 1548 et
784 1468 975 1562 εὐταξίαν,
1002 1501 1076 1547 esse
1091 1502 1197 1564 opera
1214 1476 1287 1547 Deo
1307 1476 1504 1567 placentia,
1531 1474 1586 1543 vi·
1636 1470 1780 1543 tatione.

594 1578 720 1647 delicet
736 1578 775 1646 in
792 1579 956 1649 credente
972 1602 1037 1651 suo
1053 1581 1197 1665 ordine,
1216 1578 1306 1650 sicut
1322 1578 1407 1649 alibi
1425 1577 1587 1647 debonis
1738 1568 1905 1645 Retrabit
1920 1584 2037 1643 autem
2052 1597 2118 1643 nos
2136 1600 2202 1643 vox
2221 1575 2342 1645 divina
2359 1578 2403 1647 ad
2424 1578 2598 1669 patefactio-

594 1678 762 1774 operibus
786 1679 928 1753 dicitur.
1639 1698 1741 1761 nem,
1780 1700 1871 1770 quae
1892 1674 2047 1745 affirmat
2067 1677 2144 1747 sine
2167 1678 2241 1747 ulla
2258 1678 2487 1771 ¹dubitatione
2507 1682 2595 1753 Deum

1641 1801 1721 1847 vere
1749 1777 1850 1847 irasci
1876 1778 2023 1868 peccatis
2047 1778 2086 1848 in
2110 1780 2295 1862 omnibus,
2331 1796 2402 1852 tam
2428 1782 2463 1851 in
2487 1782 2598 1855 Davide

1641 1904 1746 1975 quam
1769 1880 1807 1948 iu
1833 1878 1950 1952 Saule.
1998 1876 2139 1952 Rursus
2170 1884 2274 1951 etiam
2297 1884 2376 1954 sine
2403 1885 2597 1957 dubitatione

1641 1984 1753 2055 Deum
1772 1983 1927 2074 recipere
1950 2006 2074 2051 omnes
2091 1984 2332 2073 confugientes
2354 1988 2398 2055 ad
2422 1988 2542 2057 lilium:
2564 1990 2600 2059 sic

696 2086 892 2177 Augustini
915 2088 1161 2183 interpretatio
1185 2086 1272 2161 baec
1297 2104 1366 2161 est:
1393 2087 1489 2162 Deus
1511 2092 1588 2163 vult
1641 2084 1798 2156 iudicate
1822 2108 1886 2155 not
1911 2086 2003 2174 cogit
2026 2110 2186 2177 expressa
2217 2088 2427 2180 promissio,
2467 2107 2601 2182 quaeest

594 2212 719 2261 omnes
736 2186 917 2276 homines,
933 2190 970 2262 id
986 2208 1059 2285 est,
1084 2194 1245 2264 omnium
1262 2194 1434 2283 graduum
1451 2208 1485 2265 ee
1502 2216 1588 2283 gen.
1641 2186 1862 2259 universalis.
1914 2182 1961 2258 Et
1982 2189 2027 2258 sit
2045 2190 2173 2259 modus
2189 2190 2319 2285 aliquis
2335 2190 2601 2280 disputationum,

594 2294 685 2364 tium
703 2291 842 2386 aliquos
857 2293 975 2367 salvos
995 2294 1083 2370 lieri.
1116 2291 1255 2366 Deinde
1271 2297 1409 2366 addunt
1425 2297 1586 2391 labyrin.
1641 2314 1704 2361 nec
1735 2301 1952 2383 quaerantur
1988 2290 2232 2362 cavillationes
2263 2294 2306 2363 ad
2346 2294 2599 2365 labefactandam

593 2391 676 2464 titos
700 2395 744 2463 de
770 2390 1108 2486 praedestinatione,
1134 2399 1265 2493 quibos
1290 2400 1428 2469 turbari
1452 2413 1587 2470 mentes
1640 2392 1923 2486 promissionem.
1967 2388 2043 2463 Hac
2059 2392 2213 2487 simplici
2230 2396 2457 2467 enarratione
2471 2399 2600 2466 contenti

595 2520 820 2591 nequaquam
840 2496 1010 2571 utileest:
1037 2500 1586 2597 etillaeturbulentaedisputa-
1638 2496 1763 2566 simos:
1802 2492 1901 2566 Deus
1932 2494 2011 2566 vult
2043 2520 2167 2567 omnes
2195 2493 2359 2568 homines
2394 2498 2507 2569 salvos
2536 2498 2602 2579 beri,

595 2599 711 2671 tiones
726 2598 811 2669 inde
829 2600 1016 2687 oriuntur,
1042 2606 1138 2695 quod
1160 2627 1234 2673 non
1251 2603 1497 2675 consideratur
1513 2602 1585 2673 dis-
1639 2598 1736 2693 quod
1758 2598 1802 2667 ad
1825 2621 1926 2668 suam
1950 2595 2171 2679 voluntatem,
2191 2600 2336 2685 attinet,
2369 2600 2468 2672 iuxta
2489 2602 2601 2671 revela-

595 2701 731 2771 crimen
754 2700 822 2791 lgis
847 2715 883 2773 et
905 2704 1078 2794 gratuitae
1099 2705 1365 2799 promissionis,
1405 2719 1440 2777 et
1471 2708 1586 2777 abdu·
1639 2714 1710 2772 tam
1728 2698 2011 2793 promissionem,
2039 2724 2107 2793 qua
2123 2700 2200 2773 sine
2217 2702 2291 2773 ulla
2308 2704 2529 2776 dubitatione
2543 2702 2602 2771 elli·

595 2815 728 2874 cuntur
742 2817 911 2875 mentesa
931 2806 1081 2897 gratuita
1099 2806 1346 2900 promissione.
1638 2826 1701 2873 car
1724 2816 1776 2873 est
1793 2802 1833 2871 in
1855 2802 2108 2895 accipientibus
2124 2807 2293 2893 verbum,
2318 2820 2355 2879 ct
2372 2830 2411 2877 se
2427 2818 2602 2878 sustentan-

577 2924 581 2930 ·
698 2902 907 2979 intueamur
927 2923 1044 2979 autem
1069 2933 1143 2979 non
1162 2905 1323 2980 homines
1340 2912 1465 2982 otiosis
1484 2934 1586 2981 men-
1638 2906 1733 2976 tibus
1756 2905 1875 2980 verbo.
2592 2960 2596 2967 .

596 3007 691 3079 tibus
710 3006 951 3099 disputantes,
983 3012 1044 3080 sed
1068 3035 1254 3103 oppressos
1278 3014 1370 3083 veris
1388 3014 1585 3095 doloribus,
1738 3004 1889 3079 Causam
1914 3006 2033 3091 addit,
2067 3030 2176 3100 (1¹¹are
2193 3006 2290 3081 Delu
2313 3010 2401 3082 velit
2417 3032 2535 3082 omnes
2555 3004 2604 3081 δῦ·

595 3122 637 3180 ot
657 3132 717 3179 eos
741 3109 804 3203 qui
832 3110 903 3181 iam
926 3113 970 3181 ad
996 3114 1168 3205 supplicia
1193 3118 1393 3201 docuntur,
1432 3112 1489 3186 bis
1512 3140 1586 3186 non
1637 3110 1753 3179 mines
1772 3110 1888 3179 salvos
1908 3109 2037 3181 facere:
2072 3110 2177 3203 quia,
2212 3110 2349 3205 inquit,
2376 3113 2603 3205 proomnibut

596 3222 680 3282 sunt
719 3214 973 3302 proponendae
1007 3218 1230 3309 quaestiones
1268 3220 1312 3287 de
1345 3218 1585 3311 praedestina.
1637 3212 1731 3283 lilius
1755 3211 1924 3304 persolvit
1947 3213 2113 3303 pretium.
2165 3212 2281 3285 Simul
2306 3229 2427 3287 autem
2450 3210 2506 3287 hic
2522 3217 2602 3285 docet

596 3314 715 3397 tione,
741 3315 803 3383 sed
825 3318 978 3386 tenenda
1005 3331 1056 3388 est
1078 3320 1259 3405 doctrina,
1292 3322 1336 3390 de
1361 3346 1430 3415 qua
1454 3322 1587 3393 dicitur
1638 3341 1704 3387 nos
1727 3316 1772 3385 sle
1795 3315 1976 3403 agnitione
2000 3317 2073 3387 veri
2094 3310 2182 3400 Dei,
2209 3318 2253 3387 de
2279 3341 2360 3389 vera
2387 3318 2602 3405 invocatione,

596 3412 683 3486 loan
705 3418 755 3490 1.:
782 3414 898 3488 Filius
916 3418 976 3514 qui
995 3433 1045 3491 est
1063 3420 1100 3490 in
1115 3422 1196 3492 sinn
1216 3417 1335 3515 pat‘ris,
1351 3424 1425 3516 ipse
1442 3447 1585 3494 enarra.
1638 3433 1674 3492 et
1702 3420 1746 3488 de
1772 3424 1878 3488 modo
1910 3417 2126 3492 salvationis.
2179 3414 2232 3491 Ac
2268 3421 2427 3512 primum
2459 3418 2602 3490 discernit

596 3519 649 3588 vit
670 3519 786 3593 nobis.
852 3517 949 3590 Haec
971 3524 1135 3594 voluutas
1158 3527 1202 3594 de
1226 3527 1337 3614 gratia
1358 3543 1392 3598 et
1415 3528 1585 3597 immensa
1638 3537 1759 3593 verum
1769 3519 1915 3592 Deuma
1932 3520 2184 3593 commentitiis
2198 3524 2430 3595 numinibus:
2460 3523 2553 3598 Unus
2565 3533 2603 3592 est

595 3619 840 3692 misericordia
867 3619 933 3691 Dei
962 3649 1122 3714 expresso
1150 3631 1292 3699 decreto
1323 3632 1492 3720 patefacta
1518 3645 1585 3713 est,
1638 3621 1752 3710 Deus,
1776 3623 1911 3716 inquit,
1937 3622 1999 3694 ille
2019 3625 2173 3708 scilicet,
2197 3625 2258 3718 qui
2276 3625 2371 3698 misit
2395 3627 2601 3698 mediatorem

596 3735 632 3794 et
645 3721 721 3794 vult
737 3746 813 3791 eam
832 3721 928 3794 Deus
944 3751 983 3794 ex
1001 3723 1065 3797 hac
1079 3753 1141 3798 sua
1157 3731 1391 3819 promissione
1412 3731 1587 3820 cognosci,
1640 3726 1753 3797 lesum
1766 3723 1963 3797 Christum.
1998 3724 2146 3816 Semper
2160 3729 2255 3796 enim
2273 3742 2417 3816 oportet
2434 3730 2483 3800 sic
2498 3750 2603 3818 appre-

596 3837 631 3892 et
660 3824 848 3916 promissio
874 3842 924 3896 est
957 3831 1189 3918 universalis,
1231 3833 1328 3904 iuxta
1359 3829 1445 3902 haec
1473 3835 1584 3912 (licta,
1638 3825 1747 3900 hendi
1764 3825 1898 3913 Deum,
1922 3843 1962 3900 ut
1977 3824 2074 3899 hunc
2091 3853 2172 3899 vere
2194 3853 2266 3899 esse
2283 3827 2401 3902 Deum
2423 3845 2604 3910 statuamus,

595 3919 830 3998 Macth.1t.:
872 3927 1001 3999 Venite
1025 3936 1068 4001 ad
1099 3958 1155 4003 me
1179 3959 1302 4004 omnes
1328 3937 1389 4028 qui
1418 3937 1584 4006 laboratis
1637 3947 1671 4002 et
1686 3933 1755 4000 lide
1777 3931 1979 4001 intueamur
2000 3943 2037 4002 et
2057 3931 2328 4021 compellemus,
2362 3935 2425 4027 qui
2445 3957 2482 4004 se
2497 3931 2602 4021 patefe-

596 4039 660 4096 etc.
711 4021 877 4105 EtActo.
898 4033 971 4102 tu:
1007 4030 1100 4106 Huic
1124 4061 1248 4107 omnes
1264 4033 1465 4132 Prophetae
1487 4039 1586 4110 testi·
1635 4035 1682 4106 cit
1697 4037 1777 4104 data
1794 4032 2029 4125 promissione
2051 4035 2095 4101 de
2113 4035 2327 4118 mediatore,
2363 4051 2398 4106 et
2421 4035 2546 4106 additis
2563 4047 2604 4101 te·

585 4127 983 4221 'moniomperhibent,
1017 4139 1258 4209 remissionem
1281 4153 1502 4230 peccatorum
1527 4164 1584 4210 ac·
1634 4137 1823 4207 stimoniis.
1868 4135 1965 4206 Sicut
1983 4136 2019 4204 in
2040 4127 2155 4224 primo
2171 4139 2519 4228 praeceptodicitur:
2546 4131 2602 4223 ligo

596 4229 713 4320 cipere
731 4255 794 4322 per
808 4258 938 4304 nomen
954 4236 1029 4306 eius
1043 4264 1165 4309 omsses
1188 4242 1249 4334 qui
1267 4245 1415 4310 credunt
1437 4243 1474 4309 in
1493 4267 1584 4310 eum.
1635 4263 1712 4308 sum
1733 4236 1908 4307 Dominus
1926 4235 2022 4307 Deus
2045 4250 2145 4322 tuns,
2172 4240 2234 4331 qui
2252 4239 2358 4310 eduxi
2383 4255 2418 4310 te
2442 4245 2486 4310 de
2505 4239 2601 4330 Aegy·

594 4327 644 4403 Et
676 4353 778 4425 saepe
811 4339 958 4428 repetita
992 4354 1044 4411 est
1077 4341 1289 4412 universalis
1317 4342 1510 4432 particula,
1550 4357 1586 4413 et
1635 4354 1709 4440 pto.
1774 4339 1878 4409 ltem:
1914 4335 2007 4409 Deus
2031 4356 2169 4430 patrum
2201 4355 2406 4412 nostrorum
2431 4336 2602 4414 Abrabam,

595 4435 691 4503 unde
713 4437 888 4510 certitudo
913 4453 1020 4523 esset,
1052 4442 1080 4510 si
1100 4445 1287 4536 promissio
1304 4471 1377 4515 non
1394 4461 1483 4516 esset
1501 4446 1584 4514 uni·
1637 4445 1751 4526 isaac,
1783 4440 1905 4525 iacob,
1932 4443 2057 4527 idest,
2084 4444 2145 4536 qui
2169 4444 2266 4513 dedit
2284 4446 2532 4532 promissiones
2554 4463 2600 4529 pa·

595 4537 768 4608 versalia?
1267 4603 1276 4643 ,
1635 4546 1749 4614 tribus
1771 4543 1914 4616 nostris.
1967 4539 2104 4614 Omnes
2127 4559 2244 4614 autem
2262 4546 2351 4616 aliae
2374 4547 2600 4638 patefactiooes

670 4732 675 4744 .
698 4638 755 4709 Ad
774 4635 867 4714 hanc
884 4645 1119 4715 universalem
1146 4645 1415 4736 promissionem
1433 4661 1467 4719 et
1486 4673 1583 4718 reve·
1635 4649 1837 4716 referendae
1855 4659 1937 4716 satsat
1959 4649 2001 4715 ad
2020 4641 2110 4714 hanc
2128 4647 2370 4738 praecipuam,
2395 4673 2464 4741 qtta
2479 4673 2512 4718 se
2525 4645 2599 4714 Deus

596 4740 703 4812 latam
720 4743 938 4815 voluntatem
956 4752 1183 4817 accommodo
1202 4763 1234 4818 et
1251 4744 1336 4818 baec
1351 4751 1442 4819 dicta
1461 4749 1582 4824 Pauli:
1615 4751 1794 4842 patefecit
1811 4749 1917 4818 misso
1933 4749 2017 4817 blio.
2069 4749 2214 4819 Etcum
2235 4751 2302 4832 ait,
2331 4749 2434 4822 Unus
2451 4763 2500 4818 est
2518 4749 2600 4825 Deus,

595 4839 692 4913 Deus
716 4845 935 4917 vultumnes
957 4843 1374 4937 bomines'salvosfieri‚
1401 4854 1583 4924 voluntate
1632 4851 1879 4943 complectitur
1911 4864 1980 4921 tres
2011 4875 2190 4944 personas.
2253 4847 2419 4944 Opponit
2440 4844 2598 4921 enimbat

596 4946 748 5017 revelata
770 4947 808 5016 in
830 4951 1082 5040 promissione,
1111 4977 1179 5046 qua
1202 4967 1236 5024 et
1259 4955 1439 5026 verissime
1462 4957 1582 5025 efficax
1632 4955 1765 5025 dictum
1790 4955 1958 5024 omnibus
1982 4953 2234 5046 commentitiis
2257 4955 2486 5037 numinibus,
2519 4963 2552 5020 ut
2568 4948 2595 5014 in

595 5057 647 5114 est
663 5046 701 5114 in
718 5047 781 5134 iis,
815 5052 877 5144 qui
902 5055 1008 5122 verbo
1027 5077 1064 5122 se
1079 5069 1285 5130 sustentant.
1321 5053 1406 5126 ltom
1431 5059 1581 5129 dicitur:
1631 5053 1799 5128 Deutero.
1822 5055 1857 5126 6.
1880 5057 2007 5150 capite:
2041 5054 2140 5126 Audi
2165 5055 2295 5144 lsraia'l,
2321 5056 2499 5128 Dominus
2522 5051 2595 5122 Deus

594 5145 702 5239 Apud
718 5147 834 5220 Deum
847 5170 990 5227 nonest
1011 5157 1166 5247 acceptio
1183 5181 1427 5249 personarum.
1631 5174 1728 5241 tuus,
1756 5158 1932 5229 Dominus
1955 5182 2050 5228 sanus
2075 5173 2139 5232 est.

695 5249 750 5320 Ac
771 5255 1097 5328 manifestissimum
1121 5275 1171 5330 est
1194 5261 1231 5328 in
1261 5261 1354 5330 veris
1376 5263 1579 5352 pavoribus,
1730 5260 1856 5332 Postea
1872 5263 1916 5330 de
1933 5261 2006 5331 lilio
2023 5273 2063 5332 ut
2082 5263 2125 5330 de
2141 5261 2336 5332 mediatore
2353 5260 2525 5354 loquitur,
2546 5251 2591 5320 ubi

592 5353 765 5423 nonalia
795 5359 1038 5428 consolatione
1066 5377 1201 5432 mentes
1233 5363 1321 5452 erigi
1352 5388 1471 5454 posse,
1509 5366 1579 5434 nisi
1629 5363 1758 5434 diserte
1772 5363 1907 5458 inquit:
1934 5359 2053 5432 Homo
2069 5359 2232 5434 Christus
2251 5361 2365 5440 lesus.
2390 5375 2428 5431 ut
2447 5358 2591 5450 significet

592 5455 775 5541 agnitione
792 5457 875 5543 blii,
901 5473 935 5530 et
952 5463 1159 5534 mandatum
1176 5480 1226 5536 est
1249 5468 1447 5535 universale
1463 5469 1505 5537 ad
1525 5482 1578 5537 to·
1628 5489 1663 5534 se
1678 5467 1758 5536 ideo
1775 5491 1870 5536 nttnc
1887 5467 2072 5535 nominare
2081 5463 2226 5550 Filium,
2254 5491 2328 5535 non
2345 5465 2440 5558 quod
2457 5459 2590 5532 excludat

591 5567 667 5624 tum
694 5581 804 5646 genus
826 5555 1023 5631 humanum
1050 5567 1248 5656 pertinens,
1290 5565 1479 5637 sonans'io
1504 5583 1577 5639 toto
1628 5593 1707 5638 eum
1725 5593 1742 5637 a
1760 5569 1966 5649 divinitate,
1994 5570 2054 5637 sed
2074 5569 2168 5662 qstod
2188 5569 2256 5636 iam
2280 5569 2324 5637 de
2346 5567 2530 5636 mediatore
2549 5559 2589 5626 lo·

591 5677 718 5742 genere
744 5655 902 5733 humano
924 5667 968 5735 de
988 5665 1079 5736 filio:
1106 5665 1213 5739 Hunc
1231 5671 1361 5743 audite.
1409 5667 1578 5741 Adhanc
1628 5687 1773 5766 qttatur,
1804 5672 1842 5739 in
1859 5696 1930 5768 quo
1947 5675 2037 5740 duae
2055 5685 2199 5740 naturae
2222 5687 2320 5754 stant,
2353 5669 2473 5738 divina
2491 5679 2521 5733 et
2537 5657 2587 5728 bu·

591 5760 868 5832 consolationem
885 5791 965 5836 cum
984 5763 1070 5838 haec
1085 5773 1176 5842 dicta
1187 5769 1289 5840 Pauli
1306 5778 1576 5842 accommodan—
1628 5799 1742 5846 mana.
1794 5769 1860 5844 Est
1885 5789 2001 5843 autem
2028 5773 2121 5842 inter
2139 5773 2258 5841 omnia
2276 5793 2411 5842 sumnia
2429 5791 2526 5860 opera
2545 5785 2587 5829 sa·

590 5867 664 5943 lus,
688 5857 772 5931 fient
787 5865 1010 5964 dulcissima,
1031 5883 1065 5943 et
1082 5887 1221 5962 gratum
1239 5889 1289 5948 est
1306 5875 1343 5944 in
1357 5875 1431 5948 Deo
1447 5897 1576 5972 aequa·
1626 5877 1779 5968 pientiae
1796 5875 1859 5947 Dei
1883 5899 2086 5967 supremum
2110 5888 2144 5946 et
2162 5875 2427 5946 arcanissimum
2451 5865 2584 5942 omnium

595 1841 675 1941 Qui
702 1842 781 1917 vult
803 1870 928 1918 omnes
944 1841 1113 1919 homines
1133 1847 1261 1925 salsos
1273 1844 1384 1945 fieri,
1408 1858 1443 1921 cf
1457 1844 1515 1920 ad
1533 1870 1588 1921 ae-

738 1947 867 2020 rr‘fafis
889 1950 1121 2045 agnitionem
1143 1956 1347 2053 pervenire,
1385 1962 1447 2031 etc.
