5825 6950
296 743 380 823 set
671 741 777 833 ,xrs
825 722 1132 817 anaantuo'
1154 736 1208 815 nt
1231 730 1417 814 averto.
1447 724 1665 809 toassts
1714 730 1823 816 cae.
1847 738 1962 818 xlv,
2263 735 2342 813 aaa

302 918 394 989 lium
402 912 487 1002 Dei,
502 917 562 986 sed
579 914 816 987 confidentem
835 914 978 1009 propria
995 912 1195 1005 diligentia,
1212 938 1300 1003 pro·
1351 908 1402 982 sic
1419 921 1452 983 et
1470 933 1534 1004 ego
1548 910 1653 982 mitto
1667 932 1742 987 vos.
1793 908 1969 983 Matthaei
1983 908 2129 985 ultimo:
2155 904 2248 983 Ecce
2271 935 2338 1003 ego
2355 996 2358 1003 Ἴ

304 1022 398 1112 priis
429 1020 592 1091 consiliis
617 1031 652 1089 et
682 1019 840 1099 viribus,
878 1031 913 1089 et
937 1020 970 1090 1.
992 1016 1089 1088 Petri
1110 1019 1175 1091 ult.
1197 1016 1300 1089 dicit:
1351 1014 1535 1086 vobiscum
1566 1034 1644 1085 sum
1674 1012 1845 1087 omnibus
1878 1015 2004 1086 diebus
2034 1017 2216 1109 usquead
2248 1033 2336 1084 eorr-

303 1122 484 1212 Vigilate,
523 1122 608 1217 quia
639 1120 860 1191 adversarius
881 1132 997 1191 vester
1026 1120 1191 1190 diabolus
1218 1131 1300 1190 tan·
1349 1114 1625 1189 summationem
1639 1117 1762 1192 secuti.
1811 1115 1881 1186 His
1892 1117 2106 1189 dulcissimis
2121 1131 2155 1188 et
2171 1118 2335 1187 firmissi-

304 1250 415 1321 qnsm
439 1226 498 1295 leo
520 1224 666 1313 rugiens
687 1225 869 1307 circumit,
909 1244 1083 1317 quaerens
1105 1246 1211 1315 quem
1233 1222 1299 1291 de·
1349 1220 1417 1289 mis
1429 1217 1737 1289 consolationibus
1750 1242 1818 1289 nns
1828 1234 2077 1319 sustentemus,
2092 1241 2173 1291 cum
2188 1221 2224 1287 in
2236 1232 2334 1290 tanta

306 1340 426 1414 soret,
454 1327 515 1397 cui
534 1327 684 1396 resistite
705 1326 814 1397 inrtes
837 1326 876 1394 in
896 1324 977 1397 lide.
1029 1321 1147 1393 Homo
1168 1325 1207 1393 io
1229 1318 1318 1394 bac·
1349 1321 1558 1391 confusione
1575 1315 1765 1391 hominum
1781 1337 1958 1414 quaeruut
1982 1322 2092 1391 animi
2115 1325 2158 1391 de
2179 1321 2333 1391 ellicacia

304 1428 559 1521 depravatione
573 1440 719 1498 naturae
734 1429 928 1499 delectatur
942 1425 1015 1497 suis
1030 1426 1156 1513 donis,
1171 1438 1295 1497 etcum
1348 1423 1548 1508 ministerii,
1603 1421 1752 1494 Initium
1766 1446 1854 1513 ergo
1870 1418 1981 1495 buius
2000 1419 2185 1494 concinnit
2204 1446 2333 1493 conso-

308 1544 352 1603 est
363 1530 612 1624 tranquillitas
626 1542 661 1600 ct
675 1530 796 1623 quies,
820 1530 934 1621 placet
946 1527 1015 1599 sibi
1032 1530 1295 1621 propterdona,
1346 1526 1445 1595 latur
1463 1524 1661 1597 Ecclesiam
1683 1540 1718 1598 et
1742 1526 1942 1613 ministros,
1973 1550 2015 1596 ac
2034 1540 2183 1597 testatur
2204 1520 2334 1597 in'bac

310 1650 339 1707 et
369 1632 522 1703 effertur
546 1657 586 1702 ac
618 1630 843 1702 obliviscitur
874 1629 959 1725 Dei,
1005 1643 1040 1700 et
1068 1653 1168 1721 saepe
1196 1645 1292 1699 extra
1346 1628 1418 1698 vita
1433 1627 1576 1697 labores
1590 1649 1665 1697 non
1684 1628 1764 1698 sore
1781 1628 1923 1715 irritos,
1950 1642 1984 1700 et
2007 1643 2088 1722 post
2108 1622 2204 1703 banc
2222 1626 2333 1697 vitam

314 1749 435 1826 mnas,
467 1736 595 1815 idest,
629 1746 726 1805 extra
747 1733 969 1804 vocationem
991 1728 1219 1824 provehitur,
1251 1744 1294 1802 ut
1345 1724 1533 1801 habituros
1547 1742 1774 1799 esseaeterna
1793 1732 1902 1803 bona.

313 1836 411 1909 losiss
428 1858 639 1931 quanquam
655 1848 798 1905 sanctus
809 1857 891 1923 rex,
922 1846 1040 1907 tamen
1060 1835 1100 1903 in
1115 1834 1296 1922 ‚successi-

310 1942 368 2012 bus
382 1938 424 2009 lit
447 1938 641 2024 audacior,
673 1951 709 2009 et
731 1936 866 2009 bellum
889 1952 1009 2009 movet
1033 1936 1111 2007 sine
1138 1936 1293 2007 necessi-

308 2056 390 2125 tate,
423 2041 477 2111 ita
500 2040 672 2111 omnibns
692 2034 902 2111 bominibus
923 2037 1029 2111 multi
1051 2038 1170 2108 tristes
1191 2060 1297 2108 casus

306 2144 492 2224 accidunt,
527 2164 607 2213 cum
633 2141 675 2211 in
697 2142 956 2236 tranquillitate
978 2140 1101 2212 conlisi
1123 2135 1296 2211 humanis

306 2246 466 2319 consiliis
476 2258 540 2314 aut
566 2244 730 2325 fortuna,
759 2244 902 2315 facilius
920 2242 1057 2339 aliquid
1081 2242 1291 2335 suscipiunt,

306 2372 406 2443 quam
422 2348 586 2417 facerent
600 2347 695 2417 tristi
711 2358 890 2437 tempore,
916 2345 1006 2417 sicut
1026 2340 1197 2438 scriptum
1222 2356 1293 2415 ests

307 2451 403 2523 Sedit
431 2449 591 2541 populus
612 2448 827 2518 manducare
847 2460 883 2518 et
906 2447 1049 2533 bibere,
1080 2461 1115 2517 et
1138 2445 1292 2516 surrexit

309 2553 442 2625 ludere.
490 2549 618 2621 Simus
638 2551 748 2639 igitur
762 2550 967 2641 vigilantes,
992 2563 1028 2620 et
1043 2548 1196 2618 maxime
1213 2571 1292 2618 me·

305 2668 439 2725 luamus
454 2652 775 2747 tranquillitatem,
795 2675 886 2746 quae
900 2653 992 2722 solet
1006 2651 1179 2722 omnibus
1191 2674 1293 2721 sum·

300 2756 411 2827 miset
426 2752 566 2825 infimis
581 2754 707 2824 afferre
728 2755 868 2848 aliquos
889 2752 1009 2824 tristes·
1030 2776 1140 2823 casus.
1191 2750 1292 2823 inira

298 2872 410 2929 antem
428 2859 477 2929 de
495 2854 594 2928 Petri
608 2857 710 2949 lapsu
725 2871 757 2927 et
766 2856 996 2927 conversione
1003 2856 1107 2949 plura
1116 2855 1295 2927 dicentur.

633 3074 772 3187 Caput
809 3074 935 3165 XIV.
1037 3142 1041 3145 .

521 3216 615 3331 Non
629 3220 797 3295 turbetur
814 3245 876 3295 cor
891 3231 1066 3298 vestrum·

394 3359 560 3435 Exortus
576 3373 628 3431 est
642 3355 808 3432 Christus
823 3360 968 3451 longam
978 3358 1219 3459 concionem,
1248 3359 1291 3428 in

300 3491 366 3562 qua
391 3465 493 3536 varie
510 3464 635 3535 miscet
653 3457 913 3534 consolationes
938 3477 974 3535 et
1001 3462 1220 3548 doctrinam,
1254 3476 1289 3533 et

300 3568 542 3658 interpellatio
558 3566 703 3657 praebet
722 3565 945 3638 occasionem
966 3565 1069 3637 novis
1091 3566 1287 3651 sententiis,

300 3697 378 3740 tum
393 3670 559 3740 dixisset:
573 3667 656 3739 Non
670 3670 841 3740 turbetur
852 3691 917 3738 cor
928 3681 1083 3740 vestrum
1093 3722 1104 3753 ,
1115 3669 1165 3736 in
1179 3671 1287 3738 domo

307 3775 411 3862 patris
425 3771 499 3842 mei
515 3771 718 3843 mansiones
733 3770 867 3842 multae
881 3785 976 3856 sunt,
992 3771 1118 3851 idest,
1136 3767 1286 3841 Etiamsi

310 3869 363 3944 bic
375 3873 560 3946 toleranda
585 3887 690 3945 erunt
712 3874 841 3958 exilia,
869 3894 1023 3963 maguae
1037 3895 1227 3944 aerumnae
1252 3887 1287 3946 et

310 3999 422 4062 omes,
454 3989 576 4046 tamen
591 3976 736 4062 scitote,
767 3974 1000 4046 vosiocoelo
1021 3977 1151 4057 vitam,
1184 3976 1291 4047 laeti-

309 4080 384 4148 tiam
412 4093 448 4150 et
467 4077 622 4167 gloriam
640 4079 889 4171 sempiternam
909 4101 989 4148 cum
1021 4077 1187 4148 universa
1209 4076 1285 4149 Ee-

307 4181 401 4252 clesia
416 4175 609 4250 habituros
619 4203 715 4264 esse,
730 4194 766 4252 et
780 4180 927 4274 quidem
939 4179 1168 4251 multaesunt
1184 4205 1285 4250 man-

307 4283 433 4356 sinnes.
477 4279 635 4352 Ecclesia
649 4282 718 4352 etsi
738 4295 791 4353 est
812 4283 1117 4371 exigunecoetus,
1145 4284 1176 4352 si
1198 4307 1284 4353 con-

306 4385 438 4456 seratur
457 4387 505 4454 ad
527 4383 721 4476 impiorum
743 4383 1034 4469 multitudinem,
1064 4400 1183 4457 tamen
1208 4409 1285 4455 ma-

306 4509 390 4572 gnos
402 4488 494 4572 erit,
523 4508 591 4556 nec
610 4487 680 4556 fuit
700 4485 823 4556 irritus
846 4485 950 4556 labor
972 4483 1123 4557 Petrum
1138 4501 1175 4558 et
1194 4485 1286 4558 Pro-

305 4583 506 4678 phetarum,
542 4611 611 4658 nec
629 4585 889 4680 Apostolorum
916 4601 954 4658 et
973 4589 1197 4683 sequentium
1221 4615 1284 4680 pa·

305 4703 435 4762 storum
450 4691 555 4761 labor
570 4691 693 4759 inanis
703 4689 794 4776 erit,
811 4689 901 4763 sicut
913 4683 1045 4761 Esaiae
1054 4715 1131 4784 cap.
1148 4687 1208 4774 55.
1227 4693 1284 4762 di·

306 4791 407 4865 eitor:
422 4791 586 4864 Verbum
595 4815 737 4880 meum,
748 4794 847 4888 qnod
860 4795 1046 4883 egreditur
1053 4796 1099 4864 de
1113 4818 1174 4865 ore
1190 4819 1283 4881 meo,

307 4915 377 4966 sao
394 4909 599 4968 revertetur
615 4897 663 4965 ad
685 4917 747 4964 me
765 4918 943 4981 vacuum,
967 4898 1034 4967 sed
1050 4897 1154 4968 faciet
1174 4921 1287 4992 quae-

309 5016 441 5093 cuuque
456 5000 580 5086 volui,
611 5009 649 5068 et
663 4997 936 5089 prosperabitur
952 4997 992 5068 in
1014 4993 1094 5084 his,
1122 5000 1166 5069 ad
1193 5023 1284 5095 quae

308 5099 382 5169 misi
398 5101 508 5176 illud.
554 5100 709 5190 Semper
724 5101 819 5182 luit,
840 5111 916 5188 est,
937 5114 973 5172 et
992 5100 1062 5172 erit
1080 5100 1198 5196 aliqua
1215 5101 1284 5174 Dei

306 5194 458 5275 Ecclesia
483 5216 518 5275 et
549 5225 703 5294 regnum
726 5197 883 5276 Christi.
937 5199 1019 5274 Nec
1042 5218 1151 5276 staret
1177 5229 1284 5276 mun-

305 5300 391 5391 dns,
420 5306 492 5376 uisi
506 5307 623 5400 aliqui
635 5317 753 5376 essent
765 5303 890 5386 electi,
916 5317 1067 5399 propter
1085 5305 1285 5401 quoslleus

303 5419 419 5478 servat
432 5403 781 5496 geuusbumanom:
810 5407 877 5480 etsi
892 5409 1003 5499 igitur
1016 5409 1058 5478 in
1073 5423 1171 5482 tanta
1193 5433 1285 5500 pau·

307 5504 596 5580 titatell'eclesiae
609 5522 771 5601 pastores
781 5531 890 5603 saepe
905 5510 1088 5597 dubitant,
1120 5535 1170 5581 an
1190 5513 1290 5582 iuter

311 5613 483 5685 tuditores
494 5633 583 5682 suos
593 5612 665 5681 siut
678 5611 800 5704 aliqua
811 5614 974 5683 membra
985 5614 1114 5706 populi
1123 5613 1209 5698 Dei,
1229 5628 1284 5685 ta-

309 5726 385 5786 men
403 5711 497 5785 baec
516 5715 614 5786 dicta·
630 5713 882 5784 meminerints
915 5713 999 5784 Non
1020 5728 1217 5787 revertetur
1237 5717 1282 5785 ad

307 5819 519 5888 'severinum
537 5837 707 5889 vacuum,
754 5811 861 5885 item:
887 5813 1121 5905 Evangeli‘om
1143 5830 1195 5888 est
1217 5841 1282 5908 pn-

306 5923 408 5994 tensis
422 5916 507 5992 Ilei.
556 5915 604 5992 Et
618 5915 716 5988 ioan.
732 5916 820 5992 wa
848 5913 949 5992 Sicut
969 5919 1069 5990 misit
1090 5943 1152 5990 me·
1168 5935 1286 6013 pater,

1445 1830 1588 1902 Deinde
1607 1828 1852 1925 interpellatus
1872 1856 1890 1901 a
1915 1826 2078 1913 Thoma,
2117 1856 2191 1929 quo
2214 1835 2334 1935 vadat,

1344 1954 1469 2005 rursus
1509 1934 1663 2007 occurrit
1695 1958 1813 2005 novae
1841 1934 2074 2007 dubitationi.
2137 1936 2335 2023 linguntur

1344 2035 1476 2123 animi,
1507 2036 1645 2107 etiamsi
1659 2036 1790 2107 scimus
1808 2060 1934 2126 magna
1957 2036 2135 2128 praemia,
2166 2060 2329 2127 magnam

1344 2137 1497 2229 gloriam
1515 2132 1694 2211 Ecclesiae
1725 2140 1943 2231 propositam
1969 2162 2064 2224 csse,
2098 2154 2218 2209 tamen
2242 2140 2333 2233 quid

1343 2241 1519 2329 agendum
1537 2240 1600 2323 sit,
1628 2241 1761 2334 quibus
1776 2241 1937 2311 consiliis
1955 2254 2054 2313 tanta
2077 2242 2187 2317 moles
2210 2262 2332 2311 rerum

1343 2343 1496 2429 regenda
1515 2342 1580 2427 sit,
1603 2344 1691 2435 quid
1707 2343 1908 2412 docendum
1923 2344 1988 2428 sit,
2009 2344 2191 2438 quomodo
2204 2346 2333 2413 adrer-

1342 2442 1505 2515 santibus
1518 2445 1680 2535 imperiis
1692 2444 1972 2515 circumferenda
1985 2446 2032 2515 sit
2044 2446 2227 2530 doctrina,
2238 2470 2330 2539 qun-

1343 2547 1454 2616 modn
1480 2546 1624 2635 regendi
1653 2546 1725 2618 siut
1757 2541 1923 2616 homines
1950 2548 2031 2617 sine
2057 2548 2271 2617 exercitibus
2294 2560 2332 2617 et
2408 2596 2411 2605 »

1342 2646 1420 2717 sine
1432 2650 1563 2729 armis,
1586 2643 1755 2720 hocvero
1777 2650 1969 2719 obscurum
1992 2663 2055 2718 est.
2106 2648 2206 2739 Quid
2228 2652 2330 2718 vide·

1343 2763 1407 2820 tur
1420 2750 1630 2831 absurdius,
1654 2774 1763 2843 quam
1784 2774 1916 2843 paucos
1936 2752 2133 2821 imbecilles
2153 2746 2332 2840 homines,
2384 2734 2392 2757 ’

1343 2851 1445 2922 nulla
1461 2852 1653 2923 instructos
1670 2854 1850 2943 potentia,
1878 2852 1974 2924 velut
1995 2874 2161 2933 errones,
2191 2854 2329 2924 discur-

1342 2966 1457 3023 rentes
1474 2978 1541 3053 per
1557 2968 1673 3025 totum
1697 2956 1821 3025 orbem
1843 2967 2038 3040 terrarum,
2066 2956 2187 3025 moliri
2211 2968 2333 3023 mota-

1342 3056 1478 3125 tionem
1510 3056 1611 3127 orbis
1641 3070 1840 3140 terrarum,
1875 3071 1909 3127 et
1932 3056 2096 3148 polliceri
2119 3054 2330 3127 bominibus

1342 3172 1483 3227 aeterna
1500 3159 1616 3241 bona,
1638 3182 1717 3227 cum
1732 3159 1769 3226 in
1789 3156 1955 3228 maximis
1968 3158 2117 3228 miseriis
2142 3172 2332 3229 versentur

1340 3260 1436 3357 ipsi?
1463 3256 1536 3330 Has
1551 3259 1767 3328 obiectiones
1781 3262 1824 3329 de
1838 3260 2054 3331 absurditate
2077 3262 2167 3332 tanti
2187 3262 2330 3331 consilii

1341 3374 1376 3430 et
1407 3362 1451 3431 de
1483 3362 1696 3431 difficultate
1715 3360 1887 3453 praecidit
1909 3359 2091 3451 Christus,
2126 3385 2253 3434 omnes
2271 3362 2330 3433 iu·

1340 3464 1447 3549 bens,
1485 3479 1525 3534 ut
1548 3479 1742 3558 sequantur
1764 3462 1931 3554 Apostoli
1952 3489 1989 3535 se
2011 3469 2161 3547 ducem,
2200 3482 2233 3538 et
2261 3489 2325 3535 suo

1339 3567 1592 3637 uniusauxilin
1609 3567 1806 3649 confidant,
1841 3569 1973 3638 seinte
1996 3571 2227 3661 perfectorem·
2247 3581 2328 3640 tan-

1340 3683 1395 3738 tae
1421 3671 1496 3755 rei,
1535 3693 1576 3740 se
1596 3669 1720 3762 populi
1746 3671 1886 3740 animos
1910 3669 2167 3745 inclinaturum
2190 3695 2264 3740 esse
2282 3673 2327 3738 ad

1338 3760 1574 3861 Eeangelium
1593 3773 1876 3865 amplectendum
1889 3827 1903 3856 ,
1921 3788 1955 3844 et
1969 3775 2162 3844 'ducturum
2177 3775 2326 3844 creden-

1339 3888 1391 3944 tes
1414 3878 1459 3944 ad
1475 3872 1612 3960 Deum,
1646 3897 1686 3944 se
1705 3877 1846 3944 frenum
1869 3875 2086 3946 iniecturum
2108 3899 2187 3946 esse
2203 3889 2325 3968 tyran-

1339 3976 1407 4050 nis.
1460 3973 1594 4068 Magna
1611 3969 2005 4067 baeopromisaesunt,
2027 4001 2120 4070 quae
2137 3977 2246 4066 longe
2266 3999 2327 4046 su-

1337 4089 1467 4178 perant
1480 4079 1600 4148 omnia
1617 4073 1775 4158 bumana·
1797 4079 1947 4149 cunulis
1970 4091 2004 4149 et
2029 4075 2205 4149 humanas
2224 4079 2328 4150 sires.

1340 4179 1424 4251 ldeo
1444 4181 1495 4251 ab
1512 4181 1638 4272 impiis
1656 4181 1879 4272 sapientibus
1895 4179 2009 4251 effuse
2029 4181 2207 4258 ridentur.
2237 4177 2330 4250 ·Secl=

1337 4306 1404 4354 nos
1425 4283 1467 4352 in
1486 4278 1647 4352 Ecclesia
1670 4284 1822 4352 sciamus
1842 4277 1939 4351 banc
1956 4281 2234 4354 consolationem
2265 4305 2324 4347 ve-

1338 4410 1434 4470 ram,
1460 4399 1494 4456 et
1511 4385 1708 4454 necessario
1726 4385 1978 4454 inculcandam
1994 4406 2070 4454 esse
2090 4383 2263 4472 singolis,
2287 4397 2330 4450 nt.

1337 4488 1448 4556 animi
1472 4489 1640 4556 adversus
1663 4487 1891 4558 difficultates
1911 4485 2144 4578 professionis
2162 4479 2326 4566 Evange-

1337 4589 1377 4658 lii
1399 4591 1438 4658 io
1465 4590 1540 4659 vita
1559 4589 1697 4679 privata
1719 4601 1754 4659 et
1775 4588 2204 4690 publicaconlirmentur.
2250 4583 2331 4653 Hac

1336 4691 1523 4764 occasione
1534 4691 1642 4762 dicit:

1513 4853 1703 4956 Egestam
1716 4858 1803 4947 sats,
1832 4855 1990 4946 cerias,
2018 4863 2055 4928 al
2068 4853 2161 4939 vila,

1438 4995 1489 5070 Et
1521 4993 1702 5092 emphasis
1728 5009 1782 5067 est
1806 4997 1848 5066 in
1880 4991 2206 5067 dernoastrationes
2246 4985 2328 5083 Ego·

1339 5125 1402 5193 ego
1416 5101 1585 5194 inquam,
1608 5097 1802 5184 liliusDei,
1829 5097 1960 5168 missus
1970 5111 2012 5168 ut
2024 5095 2094 5168 sim
2106 5099 2199 5180 dua,
2220 5107 2255 5165 ct
2277 5095 2324 5163 li-

1337 5207 1482 5274 beratnr
1497 5203 1675 5275 adiuvabo
1690 5225 1840 5286 vos,ero
1852 5199 2037 5270 vobiscum
2051 5199 2224 5292 usquead
2238 5221 2325 5266 con·

1337 5305 1614 5378 summationem
1627 5305 1750 5377 seculi.
1789 5299 1866 5372 Ero
1878 5301 1933 5371 via
1944 5354 1958 5387 ,
1969 5299 2011 5370 id
2024 5311 2329 5385 demonstrator

1339 5409 1439 5495 viae,
1464 5411 1572 5479 dator
1581 5406 1739 5486 consilii,
1774 5405 1906 5474 tollens
1922 5423 1984 5488 ea,
2012 5425 2105 5496 quae
2125 5401 2184 5471 vel
2204 5399 2324 5493 priva-

1337 5512 1419 5592 tim,
1452 5511 1510 5580 vel
1526 5510 1670 5602 publice
1682 5506 1891 5578 itersalutis
1901 5505 2116 5596 impediunt,
2148 5501 2228 5592 Ego
2246 5525 2327 5570 sum

1337 5614 1491 5694 veritas,
1514 5613 1643 5696 idest,
1666 5607 1970 5679 veraedoctrinae
1979 5607 2029 5676 de
2047 5607 2232 5676 volontate
2245 5600 2325 5688 Dei,

1337 5717 1438 5785 etde
1460 5715 1573 5784 salute
1596 5727 1741 5784 aeterua
1763 5723 1890 5796 autor,
1922 5705 2039 5798 sugite
2056 5721 2091 5777 et
2112 5703 2327 5776 execramini

1336 5839 1465 5887 omues·
1489 5814 1683 5911 opiniones
1705 5837 1790 5884 cuns
1817 5835 1900 5882 mea
1925 5809 2090 5882 doctrina
2116 5821 2329 5898 popnantes.

1335 5916 1522 6014 D'eni'que,
1545 5913 1626 6009 Ego
1638 5939 1720 5988 sum
1735 5914 1832 6007 vita,
1860 5914 1985 6000 idest,
2011 5933 2090 5982 mea
2102 5909 2332 6000 marsplarst
