5825 6950
345 674 442 753 teta
512 672 619 753 xut.
670 672 709 751 5.
734 671 1035 753 uusnnstto
1063 676 1114 751 ΙΝ
1137 674 1309 755 EPlST..
1324 668 1476 751 etum
1501 672 1569 751 AD
1595 670 1954 757 COLOSSENSES.
2015 678 2121 757 CAP.
2147 678 2214 761 ili.
2266 682 2389 757 '1274

341 839 497 947 Propter
522 872 621 946 quae
646 845 741 919 venit
765 847 826 919 iro
850 844 932 919 Dei
947 875 1065 949 super
1081 847 1195 945 filios
1219 848 1344 925 iuobs-
1396 847 1518 924 vitam.
1554 847 1680 945 item:
1709 848 1892 923 iustificati
1909 851 1978 925 fide
2000 876 2118 949 pacem
2143 849 2316 924 habemus
2338 856 2383 925 ad

581 1036 590 1043 ‚
713 946 876 1022 discatiat
902 960 993 1035 stc.=
1394 948 1521 1023 Deum.
1574 948 1682 1035 item,
1714 950 1895 1027 Rom.8.:
1932 954 1973 1028 Si
1997 980 2119 1027 scimus
2147 954 2229 1043 filii,
2261 978 2384 1027 somus

439 1051 538 1127 Nota
562 1054 607 1127 sit
632 1049 771 1147 phrasis
794 1054 967 1131 Hebraea.
1018 1052 1105 1127 Filii
1128 1056 1339 1128 inobedien.
1390 1065 1424 1123 et
1450 1048 1629 1129 haeredes.
1692 1053 1801 1128 item:
1846 1054 1942 1127 Haec
1966 1074 2017 1131 est
2044 1060 2113 1129 vita
2142 1072 2301 1145 aeterna,
2340 1072 2382 1128 ut

339 1162 443 1237 tiae,-
472 1158 512 1227 id
546 1170 615 1240 est,
667 1154 831 1239 homines
858 1158 1122 1245 inobedientes,
1166 1160 1337 1233 utFiiius
1388 1147 1630 1245 agnoscaul'te
1645 1184 1766 1229 verrem
1787 1156 1922 1245 Deum,
1948 1176 1980 1231 et
1998 1182 2103 1255 quem
2122 1160 2247 1231 misisti
2264 1160 2379 1233 iesum

340 1260 580 1353 perditionis,
607 1262 642 1329 id
666 1275 736 1342 est,
763 1260 857 1331 lilius
873 1262 1049 1350 perditus,
1077 1264 1142 1333 etsi
1158 1259 1335 1353 emphasis
1386 1282 1461 1327 esse
1476 1256 1668 1336 Christum.
1718 1258 1890 1333 Nominat
1907 1277 2024 1333 atatem
2047 1262 2291 1335 inobedientes
2306 1258 2375 1332 hoc

341 1364 447 1432 estin
467 1356 692 1451 hacpluasi,
724 1364 825 1458 qnasi
841 1364 953 1443 dicat.
980 1366 1145 1455 proprius
1163 1366 1335 1457 perditio·
1386 1362 1484 1451 ioco,
1511 1356 1572 1455 qni
1597 1366 1783 1435 discedunt
1801 1390 1819 1435 a
1840 1366 1976 1455 regula:
2004 1364 2125 1436 Milita
2150 1367 2280 1435 bonnm
2305 1364 2374 1435 mi-

339 1468 393 1535 nis
407 1460 474 1559 (ut
492 1466 590 1534 lilius
605 1480 655 1534 est
671 1465 835 1557 proprius
859 1465 991 1559 patris)
1012 1492 1075 1537 seu
1092 1467 1148 1537 eui
1166 1470 1332 1537 domiua-
1383 1462 1496 1535 titiam
1521 1467 1677 1535 retinens
1700 1466 1805 1535 iidem
1825 1482 1858 1539 ct
1873 1468 2003 1537 bonam
2021 1468 2285 1538 conscientiam.

338 1585 397 1636 tur
420 1567 593 1657 perditio.
645 1564 759 1636 Filius
782 1568 874 1647 irae,
913 1568 1006 1637 lilius
1029 1592 1127 1648 reus,
1167 1571 1331 1663 proprius
1667 1570 1670 1579 ¹

337 1671 482 1753 irae,'id
500 1683 552 1738 est
561 1704 581 1748 ‚·
598 1683 726 1743 reatus.
774 1668 916 1741 ‘Deinde
933 1684 966 1740 et
984 1695 1036 1759 res
1054 1671 1330 1747 consideremus.
1725 1740 1731 1753 ,

334 1773 480 1842 Dictum
497 1765 703 1840 ‘Panliboc
727 1771 805 1841 loco
830 1772 983 1861 positum
1014 1776 1228 1862 adiungatur
1250 1776 1329 1844 aliis
1463 1754 1627 1839 'phrasis
1646 1768 1833 1855 Paullus,
1861 1770 1898 1839 in
1924 1774 2047 1841 eodem
2074 1766 2219 1839 bomine
2243 1786 2366 1842 cenato

335 1873 555 1945 testimoniis
573 1874 618 1941 de
633 1896 725 1943 nova
742 1874 945 1945 obedientia
963 1886 1086 1946 eontra
1102 1872 1328 1949 Antinoums.
1380 1873 1566 1942 nominare
1603 1870 1754 1943 veterius
1792 1869 1994 1954 homiuem,
2029 1883 2062 1943 et
2098 1886 2305 1942 vetustatem
2334 1888 2367 1941 et

1444 1624 1692 1730 Posteaquam
1712 1630 1870 1703 aruntis
1888 1641 2034 1703 veterem
2050 1626 2234 1703 hominem
2250 1640 2313 1708 etr.

336 1976 561 2045 Firmissime
582 1975 677 2042 enirn
694 1978 850 2045 tenenda
874 1992 926 2048 est
943 1979 1082 2063 regula:
1120 1978 1238 2049 Milies
1263 1983 1327 2049 bo.
1377 1977 1584 2045 exteriorem
1606 1968 1816 2055 hominem,
1847 1972 2015 2069 reliquias
2043 1989 2188 2043 uatttrae
2214 1974 2366 2043 carnalis

334 2102 415 2147 narn
438 2078 608 2145 iciilitiam
629 2077 785 2146 retinens
808 2076 912 2147 fidem
937 2093 972 2149 et
994 2083 1124 2151 bonam
1143 2084 1325 2158 conscien-
1377 2080 1535 2151 vitiosae.
1561 2066 1566 2083 ⁸
1589 2068 1723 2149 Ccintra
1742 2088 1827 2147 sero
1848 2102 1980 2149 novrun
2005 2072 2186 2147 homiuem
2210 2092 2242 2147 et
2259 2078 2362 2145 novi-

335 2182 429 2253 tiam.
486 2180 541 2251 Ac
558 2180 792 2247 certissimum
811 2182 862 2251 εει
877 2198 1018 2250 ruentes
1036 2184 1073 2251 in
1089 2184 1219 2253 scelera
1238 2211 1326 2255 con·
1376 2196 1482 2251 tatem
1500 2180 1662 2273 spiritus,
1690 2196 1722 2250 et
1741 2182 1944 2252 interiorem
1965 2174 2165 2261 bominem,
2191 2192 2364 2269 quuertus

332 2296 383 2351 tra
407 2278 665 2350 conscientiam
690 2279 1265 2377 effundereSpiritum,sanctum,
1292 2304 1325 2359 ct
1376 2286 1414 2355 in
1438 2297 1577 2369 merite,
1611 2282 1847 2381 voiuntateucl
1874 2284 1980 2352 co'rcle
2005 2306 2094 2351 nova
2128 2280 2188 2347 iux
2218 2294 2250 2349 et
2277 2280 2362 2348 novi

332 2386 459 2453 iterum
479 2384 556 2452 lieri
574 2408 652 2452 reos
668 2398 830 2454 aeternae
848 2410 999 2477 poenae,
1018 2388 1085 2456 nisi
1103 2412 1225 2460 rursus
1239 2416 1322 2465 con·
1366 2390 1501 2477 ‘motus
1513 2386 1646 2479 accensi
1672 2400 1754 2461 saint
1769 2408 1787 2451 a
1804 2369 1878 2477 ¹lilio
1897 2380 1982 2461 Dei,
2008 2406 2093 2451 vore
2119 2378 2302 2467 Evangelii
2327 2392 2363 2450 et

332 2500 531 2557 vertantur.
583 2484 678 2573 Quia
690 2510 850 2574 expresse
866 2488 1014 2572 dicitnr,
1044 2494 1075 2563 i.
1093 2486 1255 2565 Corinth.
1272 2492 1323 2563 61:
1374 2486 1514 2580 Spiritu,
1526 2476 1675 2575 sancto,
1699 2502 1736 2557 nt
1751 2484 1786 2556 2.
1805 2466 1968 2558 Corinth.
1984 2484 2018 2557 4.
2035 2484 2180 2553 dicitur:
2207 2484 2362 2553 interior

333 2586 384 2659 Ne
400 2588 552 2668 erretis,
579 2612 643 2656 nec
660 2604 890 2673 scortatores,
916 2614 981 2660 nec
997 2592 1149 2665 adulteri
1166 2594 1323 2683 posside.
1374 2590 1695 2683 bom02renovator
1718 2590 1762 2659 de
1778 2580 1842 2656 ‘die
1865 2588 1903 2656 iu
1927 2590 2033 2661 aton».
2087 2582 2134 2655 Et
2158 2578 2243 2653 haec
2266 2597 2360 2653 recte

331 2694 420 2760 bunt
444 2714 597 2778 regnum
620 2686 706 2773 Dei,
732 2690 881 2771 scilicet,
908 2705 990 2761 tom
1014 2718 1093 2762 cum
1119 2697 1321 2780 suottalec,
1374 2686 1604 2781 intelligenda
1637 2706 1744 2766 sunt:
1787 2688 1932 2761 Novitas
1963 2692 2000 2761 lit
2031 2690 2069 2757 in
2099 2708 2181 2754 vera
2213 2708 2361 2755 conver-

333 2807 413 2863 suut
439 2794 492 2863 rei
516 2806 679 2861 aeternae
705 2794 840 2867 mortis.
904 2788 949 2865 iit
975 2792 1091 2865 Galat.
1114 2795 1171 2872 5.:
1216 2794 1319 2869 'l’alia
1372 2798 1492 2879 sione,
1520 2822 1599 2889 epm
1615 2821 1699 2865 voce
1714 2790 1900 2883 Evangelii
1918 2816 2006 2863 nova
2026 2791 2085 2861 lux
2103 2790 2141 2856 in
2157 2802 2273 2858 mente
2296 2809 2359 2878 per

332 2898 499 2966 iacientes
526 2917 673 2984 regnum
697 2894 762 2964 Dei
784 2898 1128 2985 nonpossidebuut,
1152 2898 1320 2973 stetu·
1371 2900 1486 2970 iiiiurn
1526 2900 1758 2983 accenditur,
1803 2908 1837 2965 et
1870 2896 1977 2965 datrrr
2009 2894 2164 2985 Spiritus
2198 2902 2359 2971 sanctus,

333 2998 374 3065 tri
388 3002 424 3071 ἰ.
453 2996 496 3069 Si
515 3019 635 3066 rursus
653 2996 882 3094 implicantur
900 3000 1079 3089 prioribus
1097 3005 1318 3083 contamina·
1371 3004 1498 3087 ficiem,
1535 3000 1744 3084 laetitiam„
1767 2996 2027 3067 invocationem
2056 3010 2090 3066 et
2121 2992 2209 3061 alios
2242 3005 2359 3061 motus

332 3098 511 3186 tionibus,
543 3098 629 3169 fient
655 3098 704 3167 eis
730 3100 1114 3193 posteriora'deteriora
1141 3104 1319 3193 prioribus
1370 3108 1517 3192 incoans
1545 3104 1658 3195 qualis
1687 3101 1760 3192 ipse
1791 3112 1852 3167 est.
1918 3094 1990 3167 Nec
2023 3098 2082 3167 fiat
2110 3088 2168 3160 hic
2197 3093 2357 3163 confusio

330 3197 521 3307 ‘lsflffiidi'i
544 3199 593 3289 igis
615 3201 710 3270 iusta
740 3190 994 3287 proveibiumi
1023 3200 1319 3293 Canis'¹i·evers11s
1370 3204 1557 3295 Evangelii
1586 3218 1620 3274 et
1650 3194 1923 3295 philosophiae,
1971 3197 2061 3271 sicut
2090 3194 2235 3291 quidam
2266 3192 2357 3263 falso

329 3308 370 3375 ad
388 3306 564 3375 vomitum
582 3313 645 3372 etc.
697 3298 794 3371 Haec
815 3294 1320 3425 esi'evegac'ertissimurbest,
1369 3310 1585 3399 scripserunt
1607 3306 1798 3375 novitatem
1826 3325 1899 3371 esse
1924 3302 2115 3383 rationem,
2149 3316 2271 3365 sentias
2295 3316 2357 3363 ve-

250 3484 251 3503 ,
330 3424 361 3480 et
381 3404 571 3479 execrandi
589 3419 672 3476 suut
687 3402 893 3493 Ant'tnami,
920 3403 982 3504 qui
999 3408 1137 3498 lingunt
1156 3405 1318 3482 homines
1369 3425 1548 3494 tustatcm.
1594 3408 1670 3484 sea
1692 3404 1873 3478 sciendum
1894 3414 1946 3472 est
1966 3404 2070 3472 etiam
2091 3396 2262 3471 rationem
2278 3396 2355 3465 sine

328 3536 399 3581 esse
422 3488 539 3580 iustos
556 3510 644 3592 lide‘,
669 3507 805 3577 etiainsi
828 3522 1052 3609 perseverent
1069 3513 1108 3582 in
1125 3513 1318 3584 sceleribus
1370 3516 1443 3587 lilio
1470 3512 1565 3598 Dei,
1613 3512 1690 3602 sine
1721 3532 1807 3578 voce
1838 3503 2021 3594 Evangelii
2055 3515 2087 3574 et
2116 3499 2194 3573 sine
2218 3496 2357 3589 Spiritu

325 3628 445 3684 sonita
473 3610 740 3685 c⁰n³tlfflll³m0
853 3691 860 3706 ,
1368 3632 1489 3690 sancto
1517 3639 1591 3702 esse
1616 3624 1823 3683 vetustatem
1839 3599 1886 3680 'et
1909 3607 2084 3681 tenebras.
2144 3599 2241 3672 ilaec
2268 3599 2355 3672 alibi

428 3715 483 3804 Ac
506 3714 688 3807 perspicue
710 3711 892 3806 loquimur
916 3701 960 3782 dt
984 3737 1076 3782 nova
1101 3715 1318 3804 obedientia,
1368 3718 1546 3814 copiosius
1570 3717 1739 3808 explicata
1762 3725 1857 3783 sunt.

326 3818 512 3902 videlicet,
535 3839 664 3884 novam
690 3807 931 3885 obedientiain
955 3839 1029 3884 non
1053 3839 1127 3884 esse
1149 3818 1316 3888 meritum
1469 3817 1638 3905 Nominat
1653 3830 1768 3886 antem
1792 3807 1851 3884 hic
1867 3809 2001 3882 Paullus
2018 3833 2151 3881 novum
2172 3799 2355 3876 bominem

327 3944 384 4002 seu
421 3918 575 4012 pretium
611 3919 703 3986 vitae
734 3931 913 4000 aeternae,
959 3931 993 3988 et
1027 3915 1146 3989 tamin
1185 3945 1315 3990 novam
1368 3919 1829 4008 imaginem-Deinbirecte
1843 3915 2062 4003 intelligatur
2075 3908 2161 3980 haec
2178 3906 2353 3977 doctrina.

326 4021 569 4094 obedientiam
595 4043 636 4088 eo
660 4019 737 4110 ipso
763 4021 993 4088 necessariam
1020 4042 1114 4103 esse,
1148 4023 1231 4115 quia
1257 4017 1316 4092 hic
1365 4019 1588 4113 Acigrrstinns
1619 4022 1873 4109 interpretatur
1904 4015 2094 4105 imaginem
2119 4016 2164 4082 de
2187 4008 2354 4102 potentiis

326 4129 414 4195 ordo
437 4127 477 4194 in
499 4121 576 4192 Deo
603 4121 772 4190 immotus
794 4135 862 4206 est,
907 4135 948 4192 ut
971 4135 1130 4193 creatura
1165 4125 1315 4194 creatori
1363 4121 1433 4196 hoc
1457 4129 1577 4198 modo.
1632 4121 1811 4193 inanima
1835 4132 1919 4190 sunt
1942 4139 2043 4188 mens
2066 4115 2162 4207 ipsa,
2188 4110 2353 4202 cogitatio

327 4229 481 4298 obediat.
536 4221 754 4312 lteszuia
769 4223 862 4292 iiiios
878 4223 947 4294 Dei
965 4223 1137 4309 venit‚ut
1155 4225 1314 4297 destruat
1364 4242 1397 4299 et
1418 4243 1546 4303 motus.
1597 4221 1694 4296 ilaec
1708 4223 1776 4294 tria
1799 4221 1849 4291 sic
1872 4219 2125 4290 accommodat.
2177 4207 2355 4283 delemus

326 4345 527 4420 peccatum,
550 4348 624 4395 non
645 4341 681 4393 ut
706 4315 891 4395 coufirr'net
917 4325 1097 4395 licentiam
1121 4327 1251 4398 ruendi
1275 4327 1312 4402 in
1362 4329 1467 4400 Pater
1484 4345 1533 4400 εει
1552 4327 1658 4400 veluti
1677 4325 1803 4406 Mens,
1829 4319 1962 4406 Filius,
1991 4319 2110 4410 imago
2127 4312 2242 4385 Patris
2257 4314 2354 4402 cogi-

325 4433 470 4502 scelera.
521 4427 604 4498 Non
630 4426 708 4496 ideo
733 4429 901 4517 pependit
919 4427 955 4498 in
974 4452 1075 4496 cruce
1092 4428 1128 4496 in
1155 4425 1313 4500 horribi-
1363 4433 1498 4504 tatione
1522 4433 1659 4522 genita,
1694 4427 2031 4518 Spiritnssanctus,
2061 4429 2253 4490 utmotus.
2303 4409 2353 4485 Et

326 4533 420 4606 libus
437 4531 641 4609 doloribus,
668 4544 707 4599 ot
732 4541 770 4599 tu
795 4521 1000 4598 sumast'ibi
1024 4529 1203 4600 licentiam
1227 4557 1313 4602 eon·
1363 4535 1420 4624 pie
1439 4559 1477 4604 ac
1497 4538 1691 4624 prudenter
1715 4530 1778 4601 ista
1794 4524 2101 4597 considerantibus
2117 4539 2190 4586 non
2215 4515 2280 4585 erit
2295 4515 2354 4584 in-

326 4633 526 4706 taminandi
551 4647 585 4704 te
612 4627 824 4700 libidinibus
845 4648 877 4703 et
899 4631 978 4700 aliis
999 4627 1202 4707 sceleribus.
1361 4652 1459 4726 grata
1485 4631 1570 4706 haec
1594 4633 1755 4718 collatio,
1781 4629 1864 4722 qnia
1882 4641 1975 4696 certe
1991 4625 2108 4692 anima
2125 4631 2175 4688 est
2193 4617 2353 4690 testimo·

427 4735 553 4808 Tertio
574 4733 759 4803 necessitas
777 4748 827 4805 est
854 4733 958 4804 etiarn
984 4746 1128 4823 propter
1146 4735 1310 4807 ordinem
1361 4738 1462 4808 nium
1489 4741 1530 4804 de
1555 4735 1650 4822 Deo,
1685 4747 1719 4805 et
1743 4733 1820 4802 vult
1847 4751 1912 4798 nos
1939 4723 2038 4801 Dens
2067 4721 2281 4811 intelligere,
2315 4743 2351 4790 se

324 4863 448 4912 causae
466 4854 500 4910 et
522 4836 686 4914 effectus,
711 4836 794 4926 quia
816 4834 878 4903 ubi
905 4849 955 4904 εει
979 4835 1016 4903 in
1034 4838 1140 4904 corde
1155 4833 1312 4925 Spiritus
1363 4835 1647 4912 esseEssentiam
1667 4835 1945 4924 intelligentem,
1972 4827 2182 4916 cogitantem
2202 4844 2293 4900 sese,
2316 4834 2351 4892 et

324 4959 484 5026 sanctus,
515 4939 566 5008 ibi
591 4962 663 5008 non
692 4950 813 5023 regnat
838 4949 1037 5027 peecatum,
1069 4940 1129 5006 sed
1155 4935 1310 5032 Spiritus
1361 4943 1556 5012 matricem.
1616 4937 1686 5008 Sed
1712 4939 1752 5005 ad
1778 4929 1864 5004 haec
1888 4929 2077 5022 Augustini
2101 4925 2193 4996 dicta
2218 4925 2263 4992 de
2285 4946 2351 5015 po-

325 5059 484 5128 sanctns,
509 5041 605 5111 iuxta
627 5040 780 5108 dictum:
806 5037 845 5109 si
870 5039 1025 5108 actiones
1042 5040 1160 5110 carnis
1181 5041 1310 5131 spiritu
1360 5043 1481 5114 tentiis
1499 5037 1566 5112 boc
1582 5043 1691 5112 addo:
1720 5035 1901 5108 Potentiae
1920 5033 2168 5122 intelligendas
2185 5049 2258 5096 esse
2275 5047 2348 5095 non

324 5143 601 5225 mortificabitis,
631 5141 769 5213 vivetis.
836 5139 909 5208 Nec
941 5155 1059 5210 taroen
1094 5141 1154 5210 iiia
1189 5139 1309 5228 phrasi
1332 5193 1337 5222 ,
1360 5159 1561 5230 corruptas,
1595 5147 1655 5214 sed
1681 5143 1736 5212 vel
1760 5135 2235 5226 integrasvelrcnascentes·
2289 5125 2349 5198 Sit

325 5248 475 5318 utimur:
507 5245 607 5314 Bona
632 5266 739 5332 opera
763 5256 845 5311 sunt
870 5243 1061 5311 necessaria
1087 5244 1309 5326 adsalutem,
1331 5230 1336 5340 l
1358 5243 1548 5336 adliphes.
1565 5247 1734 5338 scriptum
1751 5257 1820 5312 est:
1850 5238 1991 5310 induite
2007 5261 2139 5306 novom
2156 5227 2350 5314 bominem,

324 5350 405 5442 quia
435 5347 648 5435 intelligitur
672 5346 718 5413 de
742 5344 881 5416 merito.
940 5343 1056 5414 Simul
1079 5345 1174 5415 enim
1200 5345 1307 5434 gratis
1358 5349 1420 5441 qrti
1447 5351 1642 5418 secundnm
1669 5345 1785 5416 Deum
1814 5355 1951 5414 creatus
1981 5352 2051 5424 est,
2090 5337 2129 5406 in
2156 5331 2290 5404 iusticia
2314 5343 2350 5400 et

324 5465 466 5542 propter
483 5450 731 5528 mediatorem,
747 5458 781 5515 et
800 5470 862 5534 per
876 5469 957 5514 eum
973 5446 1165 5536 accipimus
1182 5449 1307 5516 remis·
1358 5451 1541 5522 sanctitate
1565 5449 1733 5519 veritatis.

324 5553 458 5622 sionem
492 5564 735 5643 peccatorum,
777 5547 1049 5638 imputationem
1083 5547 1241 5618 iustitiae
1273 5564 1308 5620 et
1459 5548 1529 5620 Hic
1545 5575 1618 5620 non
1635 5552 1671 5620 lit
1690 5559 1827 5618 tantum
1852 5541 2088 5635 potentiarum
2111 5533 2262 5616 mentio,
2286 5533 2346 5603 sed

323 5653 613 5734 vivificationem,
639 5675 679 5719 ac
699 5649 872 5718 efficimur
887 5645 1056 5719 haeredes
1081 5649 1172 5719 vitae
1195 5664 1307 5721 atter·
1359 5651 1435 5724 vuit
1455 5652 1496 5720 in
1513 5653 1680 5743 potentiis
1702 5674 1774 5722 esse
1798 5645 1970 5717 iusticiam
1993 5657 2026 5712 et
2046 5651 2200 5708 sanctam
2219 5635 2348 5706 verita-
2397 5701 2409 5716 ,

324 5757 519 5841 nae,sicot
538 5749 797 5848 ipseDomiuus
814 5751 948 5842 inquit:
974 5747 1051 5838 Ego
1068 5751 1176 5821 vitam
1193 5767 1306 5822 aeter·
1358 5769 1450 5836 tem,
1486 5755 1620 5834 idest,
1654 5751 1864 5823 viritiocere
1888 5747 1925 5817 in
1949 5743 2052 5816 nobis
2078 5761 2176 5808 veras
2199 5735 2348 5806 noticias

323 5879 403 5926 nam
425 5857 555 5932 doeis.
608 5854 720 5926 item:
762 5851 835 5943 Qui
855 5853 961 5924 babet
976 5847 1304 5938 Christum,babet
1356 5857 1401 5926 de
1416 5855 1510 5942 Deo,
1537 5855 1672 5926 firmam
1692 5851 1928 5924 assensionem
1954 5859 1988 5916 et
2011 5842 2207 5925 iusticiam,
2232 5842 2267 5908 id
2286 5851 2350 5922 est,
