5825 6950
565 707 644 785 403
807 725 811 737 ι
942 684 1673 766 .·1.ru11s·s1u1sscn1rra
1698 682 2000 763 arsames.
2155 703 2174 745 ··
2215 674 2229 745 ’-
2527 692 2591 773 tot

568 878 793 952 nondebest
808 896 829 945 s
844 864 1145 943 nobiserteuoari
1160 862 1275 935 nostri
1289 862 1420 955 lapsos.
1462 858 1557 951 Quia
1610 864 1706 955 quod
1724 861 1769 933 sit
1781 882 1864 931 vere
1877 872 1913 931 et
1927 874 2056 932 ustura
2071 854 2181 946 Deus,
2192 854 2408 953 ,intelligunt
2423 864 2494 958 ipsi
2508 864 2592 939 Pon-

572 1004 697 1053 omues
714 976 938 1049 horribiliter
952 971 1143 1043 offendunt
1158 968 1293 1049 Deum,
1316 978 1361 1036 et
1375 966 1560 1036 conscissi·
1610 964 1740 1049 tilices,
1771 964 1835 1057 qui
1859 957 1953 1032 hanc
1974 984 2096 1033 vocem
2120 974 2290 1057 uuquam
2313 986 2490 1037 summam
2512 970 2593 1041 bt„

571 1086 621 1155 tis
633 1084 677 1153 in
691 1104 776 1151 vero
789 1097 1014 1169 agone,cum
1031 1072 1138 1144 sentit
1153 1070 1241 1139 iram
1259 1065 1350 1151 Dei,
1372 1067 1478 1157 longe
1494 1067 1562 1137 ali.
1611 1062 1792 1159 phemiam
1817 1082 2045 1144 execrantur,
2079 1086 2119 1135 ac
2148 1064 2361 1161 nequidem
2385 1072 2593 1142 audiendum

572 1200 628 1255 ter
643 1185 801 1274 disputat
822 1183 869 1251 de
883 1179 956 1252 suis
976 1174 1143 1269 peccatis,
1174 1192 1283 1264 quam
1305 1169 1439 1241 otiosae
1462 1192 1563 1239 men·
1613 1168 1766 1260 amplius
1780 1167 1959 1252 iudicant,
1982 1170 2044 1239 sed
2067 1180 2107 1239 ut
2124 1169 2292 1240 adversus
2307 1172 2496 1243 manifeste
2512 1174 2595 1244 blas-

573 1303 638 1359 tcs.
690 1284 876 1374 Quantum
890 1281 960 1351 fuit
975 1278 1076 1347 Adae
1092 1290 1127 1346 et
1143 1270 1240 1344 Evae
1263 1285 1464 1363 peccatam,
1484 1292 1563 1365 'quo
1613 1266 1784 1362 phemum
1813 1269 1892 1339 sine
1921 1272 2146 1343 dubitatione
2183 1273 2437 1363 pronunciant·
2464 1267 2596 1345 senten·

574 1387 822 1475 intelligebant
846 1398 960 1455 totum
982 1375 1180 1449 humanum
1202 1396 1314 1463 genus
1339 1374 1503 1445 incidisse
1526 1374 1565 1441 in
1614 1374 1718 1445 tiam:
1744 1369 2062 1444 Reusestmortis.
2111 1370 2503 1470 llic-cogitatusquam
2521 1372 2596 1449 hor.

575 1504 755 1562 aeternam
772 1488 861 1557 iram
876 1482 957 1569 Dei,
974 1504 1039 1551 nec
1052 1494 1129 1549 turn
1145 1479 1315 1548 videbant
1331 1476 1433 1547 illum
1448 1500 1565 1547 esem·
1615 1476 1746 1545 rendae
1763 1474 1930 1544 tenebrae
1948 1475 2084 1545 fuerint
2098 1475 2136 1544 in
2155 1476 2218 1546 illo
2236 1492 2357 1563 eoem,
2380 1480 2442 1573 qui
2460 1494 2597 1550 vocatur

575 1592 679 1684 plum
692 1587 910 1662 remissionis
927 1594 1151 1677 peccatorum
1160 1631 1173 1666 ,
1200 1603 1266 1649 nec
1287 1592 1451 1669 poterant
1463 1579 1566 1649 aliud
1617 1578 1772 1669 populus
1783 1574 1861 1645 Dei.
1912 1577 2087 1650 Doctores
2101 1590 2138 1649 et
2154 1582 2410 1669 gubernatores
2426 1582 2595 1673 praecipui

577 1707 749 1776 statuere,
773 1690 893 1760 nisiae
908 1707 1055 1779 prorsus
1072 1706 1146 1753 esse
1162 1682 1318 1753 abiectos
1332 1704 1353 1750 a
1369 1680 1464 1765 Deo,
1478 1680 1568 1749 sicut
1618 1694 1689 1750 tam
1712 1692 1797 1749 sunt
1823 1678 1938 1768 ignari
1963 1680 2238 1771 promissionum
2263 1695 2298 1753 et
2320 1684 2596 1756 testimoniorum

578 1795 759 1877 diabolos,
783 1794 897 1862 donee
910 1810 1034 1859 rursus
1054 1787 1164 1855 erecti
1188 1798 1291 1867 sunt,
1316 1786 1397 1855 data
1414 1785 1568 1877 promis-
1617 1776 1906 1875 propheticorum
1920 1782 1967 1850 de
1980 1777 2137 1867 Christo,
2148 1797 2188 1855 ut
2202 1784 2360 1855 iudicent
2377 1788 2595 1856 execrandam

579 1897 682 1969 sione
697 1892 916 1965 remissionis
935 1901 1082 1983 propter
1098 1888 1213 1959 filium
1228 1884 1306 1958 Dei.
1619 1879 1875 1975 blasphemiam
1900 1882 1972 1953 dici
1995 1886 2040 1955 de
2054 1880 2205 1971 Messio,
2229 1886 2325 1979 quod
2349 1888 2394 1958 sil
2416 1889 2515 1959 iilius
2530 1886 2595 1973 Dei,

680 1995 885 2069 Retinenda
908 2006 960 2063 est
983 1992 1093 2082 igitur
1115 1988 1307 2070 sententia,
1346 2010 1452 2081 quam
1477 1986 1568 2057 dixi:
1619 1987 1710 2057 sicut
1735 1998 1769 2055 et
1791 1983 1878 2055 alibi
1897 1998 2042 2077 propter
2054 1981 2150 2055 hauc
2171 1988 2285 2080 ipsam
2309 2012 2432 2059 vocem
2450 1991 2595 2061 indicam

579 2099 808 2172 immutabile
821 2098 1028 2167 mandatum
1042 2092 1110 2163 Dei
1127 2114 1218 2176 esse,
1243 2090 1473 2183 quantumvis
1494 2113 1570 2159 ma·
1620 2113 1701 2159 eum
1719 2087 1951 2177 lapidandum
1968 2108 2054 2163 esse.
2106 2086 2231 2160 Minus
2243 2090 2451 2161 mirandum
2466 2105 2534 2177 est,
2549 2094 2596 2161 sed

579 2226 649 2292 gna
665 2214 748 2272 sunt
762 2215 921 2291 peccata,
947 2208 988 2266 ut
1011 2209 1153 2285 agentes
1172 2194 1428 2286 poenitentiam
1446 2194 1571 2261 redsa·
1621 2214 1731 2283 seque
1748 2184 1967 2261 horrendum
1985 2186 2043 2261 his
2063 2193 2251 2283 postremis
2266 2194 2489 2285 temporibus
2505 2194 2597 2265 tantis

581 2328 662 2375 snus
691 2305 735 2373 ad
758 2301 896 2385 Deum,
933 2298 1063 2369 fiducia
1095 2296 1396 2367 reconciliationis
1426 2306 1571 2386 propter
1620 2291 2599 2389 tenebrisoppressamluisseEcclesiam,tanquamprae-

580 2403 786 2484 Christum,
810 2426 876 2471 nec
892 2413 1039 2493 propter
1054 2399 1335 2488 magnitudinem
1353 2398 1469 2467 nostri
1493 2396 1572 2486 lap-
1620 2395 1796 2466 dictiones
1819 2395 1931 2485 pictae
1953 2411 2038 2466 sunt
2062 2396 2100 2463 in
2124 2390 2189 2465 hac
2211 2397 2286 2486 ipsa
2311 2394 2480 2485 historia,
2521 2420 2597 2493 qum

579 2531 641 2579 sus
657 2510 900 2596 desperemus,
935 2503 996 2572 sed
1018 2514 1216 2571 statuamus
1239 2500 1344 2589 longe
1370 2499 1572 2569 anteferen-
1621 2497 1778 2567 ostendit
1799 2518 1938 2588 semper
1962 2499 2151 2589 praecipue
2166 2497 2207 2567 in
2224 2494 2383 2570 Ecclesia
2400 2523 2476 2571 esse
2494 2496 2597 2571 hostes
2635 2540 2636 2545 κ

582 2613 665 2679 dam
695 2630 769 2677 esse
789 2604 984 2698 potentiam
1005 2603 1072 2671 filii
1093 2601 1161 2671 Dei
1186 2604 1353 2684 omnibus
1382 2597 1571 2671 hominum
1622 2594 1759 2670 Christi
1775 2596 1986 2684 Pontifices,
2021 2600 2084 2693 qui
2107 2616 2266 2692 pugnant
2283 2604 2403 2673 desua
2422 2604 2597 2674 autoritate

581 2709 745 2801 peccatis.
794 2706 870 2777 Nec
887 2700 932 2777 ad
949 2704 1107 2797 reliquos
1124 2706 1244 2794 lapsus
1269 2707 1442 2775 addamus
1466 2702 1572 2772 etiam
1622 2700 1847 2791 etpotentia,
1873 2723 2038 2793 oppressa
2057 2704 2136 2773 lnce
2160 2722 2263 2775 verte
2286 2706 2467 2778 doetrinae
2485 2702 2594 2775 Evan-

582 2806 860 2903 hlssphemiam,
890 2831 981 2901 quae
1004 2821 1145 2877 accursu
1167 2804 1282 2879 Deum
1305 2803 1505 2893 mendacii,
1538 2815 1573 2874 et
1623 2803 1707 2893 gelii
1726 2806 1770 2871 ds
1787 2802 1859 2872 filio
1874 2801 1953 2876 Dei.

582 2927 691 3003 negat
711 2910 847 2988 remitti
871 2920 1029 2999 peccata,
1062 2908 1154 2978 sicut
1176 2906 1263 2979 Saul
1291 2921 1326 2978 et
1356 2906 1462 2977 ludas
1492 2907 1572 2975 ideo
1726 2903 1873 2975 initium
1891 2905 1988 2977 tertii
2006 2918 2106 2978 aetus
2129 2908 2175 2977 ab
2196 2920 2279 2979 ortu
2302 2905 2398 2979 Solis
2419 2926 2594 2979 sumamus.

584 3020 821 3097 damnantur,
847 3012 930 3106 quia
947 3034 1022 3079 non
1037 3012 1188 3081 credunt
1208 3011 1278 3081 sibi
1295 3023 1439 3101 propter
1460 3008 1574 3078 lilium
1624 3007 1736 3080 Nocte
1760 3008 1856 3076 enim
1879 3008 1919 3077 in
1943 3009 2090 3079 aedibus
2111 3008 2263 3080 Hennae
2285 3025 2320 3081 et
2336 3005 2517 3103 Caiphae,
2547 3034 2596 3079 co-

584 3118 653 3191 llei
678 3128 859 3209 peccatum
883 3113 1027 3185 remitti.
1077 3108 1126 3182 Et
1148 3110 1237 3184 Cain
1260 3126 1443 3183 accusatur
1467 3107 1574 3184 huius
1626 3132 1701 3182 ram
1728 3108 1961 3181 Pontificibus
1984 3125 2019 3181 et
2042 3109 2293 3183 Sacerdotibus
2319 3113 2496 3183 confessio
2522 3115 2595 3181 inter

584 3214 849 3310 blasphemiae,
887 3216 983 3309 quod
1005 3236 1081 3283 uon
1103 3212 1315 3285 redierit-ad
1336 3212 1474 3294 Deum,
1513 3212 1574 3285 sed
1626 3212 1756 3282 multas
1772 3212 2006 3283 contumelias
2020 3213 2111 3284 facta
2126 3225 2189 3285 est.
2230 3212 2458 3285 Nuncmsne
2476 3216 2596 3285 ducitur

584 3320 768 3392 addiderit
796 3317 901 3389 etiam
935 3311 1178 3407 blasphemam
1203 3340 1341 3385 vocem:
1382 3312 1504 3386 Maius
1525 3328 1576 3386 est
1614 3310 1790 3385 'Christus
1815 3316 1860 3385 ad
1889 3316 2129 3405 magistratum
2149 3315 2352 3407 politicum,
2390 3318 2456 3387 ubi
2486 3340 2595 3387 nomn

486 3498 489 3504 ,
584 3435 770 3517 peccatum
787 3443 919 3510 meum,
935 3442 1042 3513 quam
1061 3432 1101 3489 ut
1118 3417 1258 3486 veniam
1276 3418 1415 3512 assequi
1432 3418 1576 3510 possim.
1628 3418 1762 3486 crimen
1778 3418 1811 3485 oi
1824 3417 2011 3497 obiicitur,
2034 3418 2327 3512 plausibileapud
2349 3414 2534 3492 ethnicum
2548 3444 2597 3510 gu·

664 3523 761 3594 llaec
777 3523 933 3593 breviter
947 3522 1031 3592 satis
1046 3520 1092 3591 sit
1107 3519 1237 3590 dixisse
1253 3523 1298 3590 de
1314 3516 1382 3591 hoc
1396 3522 1497 3609 loen,
1514 3519 1577 3612 qui
1628 3519 1872 3609 bernatorem,
1897 3519 2060 3593 videlicet
2077 3515 2173 3591 hune
2193 3522 2373 3611 captiuum
2389 3523 2503 3594 fuisse
2518 3537 2598 3593 auto·

588 3651 633 3698 ex
655 3624 855 3718 praecipuis
881 3645 977 3693 unus
998 3635 1051 3692 est
1079 3622 1118 3691 in
1145 3616 1294 3692 historia
1317 3621 1512 3714 passionis,
1544 3633 1578 3690 et
1628 3621 1959 3706 rem‘seditionum,
1985 3635 2020 3692 et
2037 3622 2200 3694 affectare
2214 3644 2374 3713 regnum.
2427 3621 2599 3720 Repetitur

586 3728 790 3800 doctrinam
807 3723 971 3816 inprimis
983 3723 1108 3795 utilem
1124 3723 1251 3808 tradit,
1270 3745 1439 3816 quaenos
1454 3726 1578 3794 admo·
1629 3736 1666 3793 et
1687 3723 1837 3794 alterum
1854 3723 2007 3808 crimen,
2032 3725 2129 3818 quod
2146 3725 2259 3796 lilium
2276 3725 2342 3796 Dei
2365 3747 2402 3793 se
2416 3727 2540 3800 lecerit
2554 3723 2598 3795 hic

587 3844 654 3902 net
667 3831 714 3900 de
726 3841 846 3900 nostra
861 3826 1086 3914 infirmitate,
1108 3839 1145 3898 et
1160 3826 1441 3896 consolationem
1456 3845 1579 3898 neces-
1631 3825 1803 3916 captivus.
1860 3823 1944 3895 Duo
1967 3825 2079 3916 igitur
2104 3826 2254 3897 crimina
2285 3828 2447 3896 omniurn
2483 3851 2597 3901 summa

589 3931 721 4002 sariam
742 3929 928 4022 proponit,
953 3930 1049 4020 quod
1063 3925 1161 3998 Deus
1179 3951 1254 4002 uon
1275 3930 1580 4019 velit-desperare,
1631 3928 1863 3996 conferuntur
1883 3928 1922 3996 in
1943 3923 2148 4014 Christum,
2176 3924 2395 4020 blasphemia
2419 3943 2453 4002 et
2483 3932 2598 4012 seditio,

590 4031 822 4126 quantumvis
839 4026 1061 4100 horribiliter
1074 4030 1295 4123 lapsos‚qnia
1310 4029 1455 4101 Petrum
1472 4030 1577 4098 etiam
1631 4051 1783 4120 qnorum
1803 4027 1952 4099 alterum
1976 4032 2127 4122 primam
2145 4032 2299 4103 tabulam
2323 4031 2503 4124 decalogi,
2531 4034 2597 4103 alte-

593 4157 676 4204 cum
692 4131 850 4223 periurio
868 4144 902 4202 et
917 4130 1138 4201 execratione
1158 4128 1214 4201 sui
1235 4146 1441 4220 negantem,
1474 4125 1579 4202 Chri·
1631 4153 1711 4200 rum
1730 4133 1916 4200 secundam
1930 4135 2067 4206 evertit.
2577 4191 2578 4198 ,

593 4249 670 4306 stus
693 4232 903 4324 respiciens,
929 4247 1078 4305 revocat
1098 4234 1144 4301 ad
1166 4230 1438 4324 poenitentiam,
1464 4247 1497 4302 et
1516 4234 1578 4300 ad·
1733 4229 1937 4302 Recitemus
1958 4248 2074 4305 asrtem
2097 4235 2254 4314 breviter
2274 4229 2383 4304 huius
2399 4249 2502 4306 actus
2520 4257 2599 4328 prae·

593 4351 719 4408 monet
732 4358 814 4406 eum
831 4332 1057 4404 dulcissimae
1072 4334 1185 4419 vocis,
1202 4357 1307 4428 quam
1323 4335 1475 4404 dixerat:
1503 4330 1579 4426 Ego
1632 4335 1752 4426 cipuas
1767 4347 1900 4422 partes:
1916 4357 1999 4405 nam
2016 4359 2140 4406 omnes
2157 4358 2322 4406 enarrare
2337 4359 2443 4407 nemo
2460 4341 2561 4410 etiam
2574 4337 2599 4404 in

593 4438 718 4528 rogavi
742 4461 808 4528 pro
829 4450 865 4506 te
885 4434 1007 4516 Petra,
1031 4459 1078 4504 ne
1096 4435 1232 4506 deficiat
1250 4438 1335 4506 tides
1357 4451 1427 4507 tua.
1479 4434 1581 4507 Hanc
1630 4435 1840 4525 longissimo
1856 4461 1962 4530 opere
1979 4438 2118 4528 poterit.
2161 4436 2304 4508 Primus
2322 4438 2600 4512 locusestexen·

593 4564 718 4610 vocem
733 4538 802 4609 sibi
817 4550 1019 4631 proponant
1033 4538 1111 4627 piae
1126 4551 1272 4623 mentes,
1287 4561 1325 4608 ac
1339 4538 1450 4608 sciant
1468 4538 1580 4606 iillum
1633 4539 1731 4630 plum
1750 4562 1901 4627 poenae,
1927 4540 2159 4631 proditionis,
2181 4563 2262 4610 eum
2279 4539 2383 4610 ludas
2399 4537 2602 4612 horribiliter

595 4639 665 4713 Dei
690 4665 754 4732 pro
771 4640 920 4730 singulis
937 4653 1116 4729 precatum
1138 4659 1230 4725 esse,
1255 4641 1316 4732 qui
1338 4654 1480 4727 agentes
1498 4663 1582 4729 pue·
1633 4640 1788 4730 seipsum
1806 4643 1968 4732 damnat,
1984 4656 2019 4713 et
2034 4643 2102 4712 sibi
2120 4657 2266 4715 mortem
2285 4645 2492 4728 consciscit,
2508 4660 2544 4720 ut
2560 4644 2602 4710 in-

596 4743 806 4829 amentiam,
831 4741 1125 4830 fideconlugiuut
1140 4743 1184 4809 ad
1201 4744 1337 4832 ipsum,
1364 4743 1455 4812 sicut
1476 4756 1582 4832 supra
1635 4755 1754 4831 gentes
1768 4743 1943 4813 cmuciatus
1955 4746 2154 4834 abrumpat.
2205 4743 2400 4829 Secundus,
2422 4746 2602 4836 exemplum

599 4846 693 4914 clare
714 4844 824 4915 dixit:
861 4843 944 4914 Non
971 4865 1038 4933 pro
1061 4838 1117 4912 his
1140 4855 1278 4914 tantum
1302 4867 1408 4933 rogo,
1437 4847 1495 4914 sed
1518 4865 1582 4932 pro
1635 4841 1850 4937 hypocrisis,
1876 4846 1971 4937 quod
1987 4847 2108 4917 Iudaei
2126 4844 2256 4918 nolunt
2270 4848 2382 4939 pollui
2407 4849 2562 4936 ingressu
2574 4846 2602 4913 in

597 4945 767 5016 omnibns
781 4943 981 5029 credituris,
998 4955 1033 5014 et
1054 4947 1197 5037 (pridem
1216 4942 1254 5013 in
1271 4946 1349 5036 ipso
1362 4966 1525 5014 sermone
1539 4948 1581 5015 ad
1636 4945 1872 5036 praetorium,
1896 4947 2030 5017 interea
2052 4971 2137 5017 vero
2159 4949 2326 5038 polluunt
2350 4973 2385 5018 se
2404 4951 2518 5040 impio
2534 4971 2601 5020 con·

596 5046 745 5116 Petrum
765 5047 913 5115 mandat
933 5041 987 5131 ei,
1011 5059 1050 5115 ut
1073 5069 1283 5132 conversus,
1309 5045 1491 5120 confirmet
1512 5047 1606 5116 ira·¹
1635 5047 1716 5116 silio
1743 5047 1978 5118 interficiendi
2000 5048 2161 5121 Messias.
2215 5049 2377 5136 Tertius,
2406 5053 2535 5143 duplex
2558 5073 2603 5119 ac·

596 5162 684 5220 tres.
711 5150 715 5157 ’
735 5144 820 5216 ldixi
833 5148 878 5216 de
890 5146 996 5231 locis,
1018 5147 1081 5239 qni
1096 5149 1134 5216 in
1150 5143 1218 5218 hoc
1243 5151 1398 5219 secundo
1420 5164 1500 5220 actu
1523 5152 1585 5219 de·
1636 5147 1789 5226 curatio,
1807 5152 1903 5240 quod
1920 5145 1978 5220 hic
1994 5153 2153 5242 captivus
2169 5152 2214 5224 sit
2229 5147 2456 5243 blasphemus
2473 5168 2506 5224 et
2521 5151 2602 5222 sedi-

601 5249 724 5341 seripti
753 5261 852 5330 sunt,
888 5247 1022 5339 inquo
1044 5249 1512 5339 diligenterconsideranda
1534 5263 1586 5320 est
1635 5250 1757 5333 tiosus,
1773 5251 1822 5320 sic
1838 5251 1921 5320 inde
1937 5275 2048 5345 usque
2065 5256 2110 5323 ab
2127 5254 2231 5325 initio
2246 5255 2479 5325 certaminum
2498 5253 2605 5326 Eccle-

600 5350 774 5420 confessio
796 5344 950 5430 Christi,
977 5369 1073 5441 ¹quoe
1094 5363 1145 5420 est
1174 5353 1419 5423 testimonium
1444 5355 1488 5421 de
1510 5352 1584 5420 tilio
1636 5353 1719 5436 siae,
1734 5373 1814 5420 cum
1827 5352 1985 5443 imperiis
1998 5369 2031 5426 et
2047 5353 2604 5446 Pontificibus‚Prophetae,Apo·

599 5447 688 5536 Dei,
721 5451 837 5541 palam
852 5463 885 5519 et
901 5450 1032 5520 diserte
1053 5451 1184 5522 fatetur
1205 5475 1241 5522 se
1257 5479 1330 5526 esse
1348 5470 1384 5525 et
1404 5453 1585 5534 Messinm,
1637 5455 1738 5536 stuli,
1753 5465 1784 5522 et
1803 5447 1932 5524 horum
1949 5457 2143 5542 auditores,
2165 5452 2221 5526 his
2238 5458 2378 5528 duobus
2394 5453 2604 5530 atrocissimis
2635 5461 2636 5530 i

600 5568 635 5622 et
648 5553 763 5623 tilium
776 5549 842 5621 Dei
853 5545 1066 5637 ,habentem
1080 5554 1239 5623 divinam
1255 5572 1440 5642 naturam,
1457 5569 1492 5627 et
1506 5557 1585 5648 qui·
1637 5555 1848 5624 criminibus
1862 5558 2001 5627 onerati
2017 5573 2121 5643 sunt,
2154 5559 2485 5652 quorumcogitatio
2503 5555 2603 5629 homi·
2635 5595 2636 5602 κ

596 5656 680 5723 dem
699 5657 742 5724 de
758 5651 1035 5733 resurrectione,
1068 5657 1160 5723 etde
1177 5657 1298 5730 divina
1317 5659 1475 5752 potentia
1493 5658 1586 5728 clare
1637 5679 1700 5725 nes
1715 5659 1916 5728 moderatus
1929 5661 2040 5730 multo
2057 5661 2183 5731 durius
2204 5663 2395 5750 excruciat,
2422 5687 2526 5758 quam
2540 5679 2603 5728 om·

596 5757 848 5826 concionatur:
875 5754 1055 5826 Videbitis
1077 5755 1192 5824 lilium
1221 5753 1584 5829 hominis·sedentem
1637 5759 1697 5826 nia
1719 5760 1963 5850 erudelissima
1987 5764 2175 5854 supplicia,
2202 5765 2332 5857 qnibus
2358 5788 2504 5856 corpora
2527 5765 2603 5831 lare-

597 5861 644 5927 ad
656 5861 817 5929 dextram
831 5857 1034 5938 maiestatis,
1048 5870 1083 5927 et
1097 5852 1165 5927 hoc
1178 5859 1295 5951 ipsum
1311 5857 1586 5942 diciaChristo,
1638 5873 1772 5937 rantur.
1823 5858 2002 5950 Quartus,
2031 5863 2215 5936 Confessio
2247 5861 2382 5939 Christi
2403 5870 2448 5938 de
2470 5877 2603 5954 utroque
