5825 6950
321 718 401 793 sos
661 667 669 677 ’
732 720 820 795 xu.
869 712 1167 841 euanusuo
1196 714 1248 791 m
1270 712 1460 793 avano.
1484 710 1699 791 toauuts.
1748 710 1855 789 ese.
1880 715 1981 791 xtv.
2288 722 2365 795 eoo

319 914 421 980 meo,
457 892 499 964 id
521 903 592 973 est,
626 910 684 963 me
711 905 938 983 agnoscentes
967 890 1220 978 mediatorem,
1243 905 1315 963 sta·
1365 884 1701 984 comminiscuntur,
1727 901 1813 960 tunc
1829 872 1985 981 diligetis
2000 876 2075 972 rne',
2102 914 2183 963 cum
2207 888 2276 985 legi
2300 914 2358 963 sa-

318 1009 467 1068 luentes
501 1016 565 1067 vos
588 1006 733 1086 propter
753 1019 810 1066 me
830 995 950 1086 recipi.
1012 992 1060 1065 Et
1082 989 1168 1065 haec
1189 997 1313 1066 eadem
1364 991 1573 1064 tisfeceritis.
1633 990 1715 1062 Non
1747 1004 1798 1062 est
1824 986 2088 1093 baeclMosaica
2110 995 2255 1081 concio,
2293 998 2354 1068 sed

317 1100 406 1167 fides
422 1109 559 1169 statuat
573 1096 703 1189 recipi,
728 1096 939 1171 etexaudiri
953 1117 1074 1188 preces
1087 1110 1247 1191 nostras,
1275 1111 1312 1171 et
1362 1090 1517 1179 Christi,
1543 1094 1606 1190 qni
1620 1096 1766 1165 mandat
1790 1093 1903 1186 accipi
1924 1108 1960 1167 et
1981 1094 2128 1168 retineri
2151 1098 2353 1171 doctrinam

318 1222 393 1271 non
409 1201 492 1269 iore
506 1220 563 1269 eas
577 1198 710 1269 irritas.
1361 1190 1549 1285 Evangelii
1565 1197 1638 1280 sui,
1662 1208 1698 1267 et
1721 1195 1818 1267 credi
1834 1192 2052 1287 Evangelio,
2082 1210 2117 1269 et
2136 1202 2353 1292 amplecten-

419 1299 585 1390 Quinto:
620 1295 832 1390 Cogitentur
852 1299 892 1371 in
915 1298 1088 1393 petitione
1111 1321 1169 1371 res
1188 1313 1311 1393 peten-
1362 1299 1458 1369 tibus
1471 1295 1706 1387 Evangelinm
1721 1297 1899 1389 promittit
1913 1296 2088 1390 Spiritum
2107 1316 2289 1390 sanctum,
2316 1318 2352 1377 et

316 1404 402 1487 dae,
425 1404 524 1475 bona
540 1402 687 1493 spiritus
707 1415 743 1473 et
755 1403 931 1493 corporis,
956 1403 1046 1473 sicut
1072 1416 1108 1473 et
1126 1402 1202 1495 ipsa
1221 1428 1311 1497 qno·
1361 1398 1513 1474 affirmat
1527 1397 1624 1473 hunc
1640 1414 1778 1475 coetum
1795 1422 1868 1472 esse
1883 1398 2095 1489 Ecclesium,
2122 1404 2245 1491 idest,
2277 1428 2352 1478 esse

318 1506 454 1576 tidiana
485 1503 611 1596 petitio
644 1504 831 1597 utriusque
859 1506 1000 1595 generis
1030 1504 1127 1575 bona
1151 1507 1311 1597 comple·
1361 1514 1499 1573 coetum
1523 1502 1692 1574 dilectum
1717 1503 1814 1589 Deo,
1855 1503 1916 1597 qui
1943 1504 2073 1574 retinet
2092 1507 2277 1591 mandate,
2312 1508 2350 1579 id

325 1609 438 1681 rtitor.
1361 1619 1431 1695 est,
1459 1608 1678 1692 doctrinam,
1703 1628 1809 1701 quarn
1825 1602 1989 1675 Christus
2004 1608 2170 1692 tradidit,
2201 1622 2236 1679 et
2258 1608 2350 1682 sicut

420 1706 521 1779 llaec
545 1710 592 1779 de
611 1708 818 1801 precatione
834 1707 992 1780 breviter
1012 1710 1194 1793 recensui,
1226 1712 1310 1805 quis
1360 1708 1526 1793 tradidit,
1551 1708 1716 1780 videlicet
1741 1704 1997 1795 Evangelinm,
2032 1712 2128 1803 qnod
2154 1712 2256 1782 docet
2282 1736 2349 1781 nos

327 1810 493 1882 illustrari
507 1808 725 1882 bocdictnm
742 1823 857 1882 textus
880 1810 957 1881 sine
972 1807 1037 1882 hac
1053 1836 1310 1883 commemora·
1361 1813 1405 1879 de
1435 1810 1653 1903 poenitentia
1675 1824 1709 1881 et
1731 1809 1940 1879 remissione
1960 1822 2202 1902 peccatorum,
2247 1826 2282 1885 et
2304 1816 2349 1883 de

325 1915 413 1983 tione
430 1938 509 1983 non
526 1926 651 2005 potest.
683 1912 788 1985 Nunc
805 1913 844 1982 in
859 1914 1068 2009 quotidiana
1086 1914 1311 1987 invocatione
1361 1912 1433 1984 vita
1456 1924 1599 1984 aeterna
1619 1924 1764 2006 propter
1786 1906 1986 1997 Christum,
2020 1926 2055 1985 et
2076 1914 2180 1986 docet
2202 1915 2281 2008 quis
2303 1916 2352 1987 sit

319 2012 384 2085 hoc
398 2016 539 2087 dictum
554 2017 660 2087 uobis
673 2038 934 2109 proponamus,
959 2028 993 2087 et
1011 2016 1241 2101 inculcemus,
1267 2032 1310 2090 nt
1358 2010 1525 2088 Christus
1542 2016 1728 2090 mediator.
1968 2087 1970 2096 ,

316 2120 483 2189 accedere
499 2120 546 2188 ad
564 2117 702 2203 Deum,
728 2132 763 2189 et
778 2130 897 2210 petere
914 2118 1009 2189 bona
1025 2119 1211 2195 discamus.
1264 2118 1308 2191 ln
1460 2114 1509 2189 Et
1522 2118 1666 2211 copulat
1687 2114 1755 2189 hoc
1773 2116 1854 2188 loco
1868 2112 2032 2189 Christus
2054 2114 2285 2209 Evangelinm
2313 2134 2348 2191 et

317 2214 381 2291 hac
403 2220 626 2312 experientia
656 2222 744 2292 fient
766 2216 854 2291 haec
876 2221 985 2291 verba
1016 2222 1233 2295 illustriora:
1264 2224 1307 2294 ln
1360 2216 1532 2309 Spiritum
1561 2235 1740 2302 sanctum,
1779 2242 1844 2291 nec
1870 2219 1956 2290 ullis
1975 2219 2151 2311 promittit
2172 2220 2354 2312 Spiritum·

319 2324 463 2393 nomine
478 2346 579 2408 meo,
606 2323 725 2410 idest,
751 2347 808 2393 me
823 2337 1051 2412 agnoscentes
1065 2324 1309 2416 mediatorem,
1360 2322 1397 2398 S.
1420 2324 1490 2392 nisi
1515 2323 1578 2405 iis,
1613 2323 1675 2417 qni
1699 2324 1846 2407 docent,
1878 2322 2030 2392 audiunt
2062 2334 2096 2393 et
2124 2324 2346 2414 amplectun-

324 2426 441 2495 eoulisi
464 2448 523 2495 me
546 2426 778 2497 intercessore
798 2438 831 2497 et
856 2427 1084 2518 deprecatore
1106 2450 1171 2519 pro
1194 2430 1308 2515 vobis,
1359 2441 1418 2495 tur
1439 2424 1685 2516 Evangelium.
1741 2420 1875 2496 Eadem
1906 2424 2079 2495 sententia
2104 2444 2185 2494 mor
2207 2440 2344 2517 repete-

328 2526 383 2595 cni
404 2540 498 2619 pater
521 2541 686 2598 aeternna
707 2529 896 2621 praecipue
924 2528 1072 2599 tradidit
1100 2530 1307 2622 promissio·
1359 2541 1433 2598 tur':
1469 2526 1508 2600 Si
1523 2528 1604 2623 quis
1620 2526 1738 2619 diligit
1751 2550 1827 2613 me,
1858 2548 2058 2597 sermonem
2080 2546 2199 2595 meum
2225 2548 2343 2597 serva-

324 2650 402 2697 nem
422 2631 629 2714 sacerdotii,
664 2644 810 2721 propter
829 2654 887 2699 me
909 2642 1004 2701 certo
1028 2632 1106 2703 vnlt
1128 2634 1308 2719 exaudire,
1360 2630 1429 2716 bit,
1462 2644 1497 2701 et
1513 2644 1611 2722 pater
1623 2652 1723 2702 meets
1738 2629 1862 2720 diliget
1876 2651 1977 2715 eum,
2008 2640 2044 2701 et
2058 2628 2102 2697 ad
2116 2651 2198 2698 eum
2224 2630 2345 2699 venie-

319 2742 396 2799 etse
409 2730 490 2802 vnit
503 2731 555 2803 sic
568 2732 637 2803 coli
645 2783 658 2818 ,
685 2745 721 2802 et
743 2728 813 2803 boc
832 2725 972 2803 honore
992 2733 1106 2817 affici,
1141 2736 1306 2806 videlicet
1360 2756 1456 2817 mus,
1483 2748 1517 2805 et
1536 2732 1756 2803 mansionem
1779 2732 1873 2823 apud
1899 2753 1980 2800 eom
2001 2728 2180 2803 iaciemus.
2233 2728 2376 2801 Pror-¹

317 2832 541 2902 invocatione
563 2833 654 2904 sacta
673 2833 762 2915 lide,
794 2856 856 2905 sen
880 2833 1008 2905 fidncia
1031 2836 1169 2907 domiui
1192 2838 1307 2910 nostri
1358 2858 1419 2906 sus
1437 2835 1531 2904 idem
1547 2848 1614 2921 est,
1639 2836 1735 2927 qnod
1760 2834 1831 2903 iam
1856 2832 1948 2917 dixi,
1973 2834 2018 2902 de
2029 2829 2197 2902 Ecclesia.
2249 2831 2344 2905 Haec

315 2932 391 3005 lesu
414 2931 573 3020 Christi,
610 2936 718 3009 etsie
747 2936 955 3007 invocantes
983 2938 1206 3030 experiemur
1229 2940 1308 3010 sine
1358 2950 1410 3009 est
1439 2938 1537 3009 enim
1565 2938 1724 3021 mansio,
1763 2936 1897 3019 idest,
1935 2935 2106 3027 templum
2130 2930 2217 3020 Dei,
2252 2936 2343 3007 sicut

314 3036 382 3105 nlla
400 3038 629 3108 dubitatione
642 3060 764 3129 preces
777 3038 934 3111 efficaces
949 3062 1041 3128 esse,
1073 3055 1107 3113 et
1125 3044 1306 3130 salutaria,
1357 3062 1460 3131 saepe
1475 3052 1511 3111 et
1527 3062 1607 3109 vere
1624 3038 1778 3112 Ecclesia
1793 3049 1940 3137 vocatur
1952 3036 2124 3127 templum
2143 3036 2231 3106 Dei:
2257 3036 2343 3109 Ser·

315 3162 401 3231 quae
417 3152 568 3231 petunt,
594 3141 803 3233 impetrare,
836 3154 902 3218 etc.
1359 3154 1484 3213 vantes
1513 3164 1711 3211 termonem
1743 3162 1880 3217 meum,
1921 3137 2054 3223 idest,
2092 3138 2343 3227 amplectentes

695 3309 702 3328 ,
753 3309 760 3327 ,
785 3310 793 3326 ,
826 3308 834 3327 ,
857 3310 865 3329 ,
1357 3242 1614 3335 Evangelinm,
1639 3243 1789 3334 diligent
1806 3264 1880 3323 me,
1905 3261 1988 3309 vere
2006 3262 2062 3309 rue
2077 3238 2214 3323 colent,
2232 3255 2266 3310 et
2285 3241 2342 3310 di-

654 3306 701 3383 S‘
716 3306 882 3409 <3thth
897 3335 966 3389 ’Μ’
1356 3347 1546 3436 ligeutnra
1563 3360 1662 3437 patre
1679 3366 1775 3427 meo,
1809 3356 1843 3415 et
1857 3342 1895 3411 iu
1917 3336 1975 3410 his
1998 3335 2254 3427 habitabimus,
2280 3342 2343 3435 qni

410 3443 534 3518 Multa
558 3459 641 3520 aunt
661 3442 773 3520 huius
793 3446 921 3541 capitis
944 3446 1098 3543 insignia
1124 3447 1238 3538 dicta,
1271 3464 1306 3524 et
1357 3458 1462 3530 e'runt
1475 3449 1646 3541 templum
1664 3460 1699 3520 et
1715 3442 1872 3518 Ecclesia
1889 3456 2009 3514 nostra
2025 3454 2182 3523 aeterua,
2199 3439 2266 3514 ‘his
2288 3444 2343 3513 vi-

313 3551 414 3620 valde
429 3550 539 3640 digna
555 3551 746 3635 memoria,
780 3564 821 3623 ut
843 3574 965 3643 supra:
1000 3551 1115 3624 Nemo
1137 3553 1234 3626 veuit
1259 3555 1304 3626 ad
1356 3566 1429 3623 tam
1451 3565 1488 3622 et
1509 3553 1657 3643 gloriam
1680 3562 1858 3638 aeternam
1883 3547 2058 3620 dabimus.
2124 3544 2204 3615 Non
2233 3547 2343 3636 igitur

312 3666 468 3744 patrem,
508 3651 580 3722 nisi
606 3675 673 3745 per
698 3653 825 3726 hlium.
881 3651 990 3726 Item:
1017 3653 1091 3746 Qui
1115 3655 1213 3727 videt
1237 3681 1305 3743 me,
1357 3656 1532 3726 incertum
1548 3667 1598 3726 est
1614 3675 1705 3748 qnae
1719 3653 1786 3738 sit,
1810 3664 1845 3722 et
1858 3631 1922 3720 uhi
1937 3649 1982 3720 sit
1993 3646 2168 3733 Ecclesia,
2194 3672 2267 3718 uon
2291 3661 2343 3718 est

313 3755 409 3826 ridet
427 3767 578 3846 patrem.
635 3750 742 3826 ltem:
770 3755 951 3850 Quicquid
974 3757 1146 3849 petieritis
1169 3773 1302 3850 patrem
1356 3758 1479 3851 politia
1496 3757 1697 3839 Platonica,
1727 3767 1768 3825 ut
1795 3748 1957 3822 homines
1986 3750 2088 3842 impii
2117 3751 2341 3835 cavillantur,

316 3855 354 3924 in
375 3857 522 3926 nominc
553 3877 656 3949 meo,
705 3851 774 3928 hoc
802 3859 941 3932 faciam.
1007 3857 1076 3932 His
1105 3861 1304 3952 insignibus
1355 3862 1417 3930 sed
1440 3873 1494 3930 est
1514 3860 1634 3952 aliqua
1655 3855 1806 3929 visibilia
1821 3851 1997 3938 Ecclesia,
2029 3850 2109 3922 vult
2133 3853 2229 3920 enim
2245 3849 2343 3920 Dens

312 3960 415 4028 etiarn
440 3959 616 4052 quaedam
636 3973 822 4054 sequentes
846 3962 1039 4052 particulae
1064 3965 1304 4034 adnumerari·
1355 3986 1453 4033 suam
1483 3964 1682 4034 doctrinam
1712 3959 1807 4029 inter
1835 3950 2000 4026 homines
2029 3953 2144 4044 spargi
2155 3963 2173 4037 ‚'
2206 3975 2342 4038 sonare,

314 4059 375 4128 dae
391 4072 517 4146 erunt,
542 4060 583 4130 in
597 4057 702 4132 biset
718 4059 804 4132 haec
819 4065 994 4135 sententia
1013 4079 1085 4136 est:
1118 4063 1158 4136 Si
1182 4065 1303 4155 diligi·
1356 4065 1536 4150 exandiri,
1569 4063 1660 4134 sicut
1682 4061 1852 4152 scriptum
1876 4071 1945 4129 est:
1978 4054 2020 4125 ln
2043 4077 2185 4126 omnem
2211 4071 2341 4128 terram

316 4161 356 4231 tis
373 4187 449 4242 me,
475 4165 642 4234 mandata
657 4187 736 4234 mea
751 4179 908 4246 servate,
940 4178 975 4236 et
998 4187 1063 4256 ego
1086 4169 1220 4256 rogabo
1240 4191 1297 4255 pa·
1355 4166 1465 4237 exivit
1485 4189 1593 4237 sonus
1613 4185 1750 4238 eornm.
1807 4159 1889 4234 Non
1920 4160 1995 4230 vult
2016 4153 2211 4230 Ecclesiam
2239 4157 2342 4226 abdi-

318 4273 418 4356 trem,
443 4277 480 4334 et
494 4264 596 4335 dabit
611 4266 714 4336 vobis
729 4267 840 4336 alium
854 4268 1082 4361 paracletum.
1132 4267 1224 4338 Nam
1245 4265 1303 4339 hic
1354 4283 1426 4338 tam
1445 4291 1530 4339 esse
1553 4269 1591 4337 ln
1612 4265 1776 4344 latebris,
1808 4275 1871 4334 ant
1892 4261 2068 4350 ignotam,
2108 4259 2180 4328 imo
2205 4281 2342 4349 semper

316 4361 410 4434 locus
423 4365 580 4456 primum
595 4367 699 4438 docet
714 4367 845 4460 quibus
859 4370 967 4439 detnr
980 4368 1136 4462 Spiritus
1151 4386 1304 4443 sanctus.
1355 4393 1431 4441 earn
1446 4371 1483 4438 in
1500 4368 1691 4440 certamina
1707 4389 1787 4438 cum
1804 4364 1963 4457 imperiis
1987 4375 2021 4434 et
2043 4355 2237 4458 hypocritis
2258 4384 2343 4450 pro·

315 4459 451 4539 Deinde
481 4467 571 4560 quid
593 4468 657 4538 sit:
697 4470 802 4541 tertio
825 4494 917 4564 qnae
936 4471 1009 4543 siut
1029 4471 1197 4544 beneficia
1219 4498 1304 4566 pro·
1355 4471 1472 4545 traxit.

313 4569 405 4655 pria,
429 4593 493 4643 scu
506 4571 570 4665 qui
586 4571 730 4641 effectus
746 4571 896 4663 proprii.
946 4572 1001 4644 Ac
1015 4577 1230 4666 proponitur
1244 4573 1304 4647 bic
1455 4570 1521 4646 Est
1548 4571 1658 4664 igitur
1687 4581 1807 4642 coetus
1829 4565 2015 4650 visibilis,·
2035 4563 2185 4647 scilicet,
2218 4574 2259 4632 ut
2282 4558 2341 4634 hic

313 4669 504 4764 descriptio
520 4696 562 4744 ac
576 4673 772 4744 consolatio
787 4669 964 4746 Ecclesiae
982 4676 1202 4753 dulcissima.
1354 4676 1586 4757 describitur,
1608 4674 1823 4766 amplectens
1847 4685 1882 4740 et
1906 4667 2157 4738 circumferens
2176 4660 2341 4754 Evange-

411 4771 480 4846 Est
521 4787 640 4846 antem
675 4775 791 4868 prima
835 4791 868 4848 et
902 4778 1092 4871 praecipue
1130 4779 1304 4873 quaestio,
1354 4780 1464 4864 lium,
1498 4792 1533 4849 et
1561 4787 1705 4848 renatus
1730 4773 1867 4865 Spiritu
1896 4781 2035 4853 sancto,
2068 4788 2271 4860 quanquam
2301 4767 2342 4834 in

310 4872 481 4962 quidnam
511 4888 548 4948 et
573 4877 638 4948 nbi
669 4879 717 4949 sit
739 4877 917 4961 Ecclesia,
954 4902 1016 4953 sen
1038 4881 1170 4976 quibus
1198 4884 1304 4954 detur
1355 4878 1421 4952 hac
1443 4882 1515 4953 vita
1539 4875 1623 4950 huic
1645 4875 1777 4948 visibili
1799 4873 1913 4945 coetui
1944 4893 2018 4938 nnn
2049 4868 2165 4940 renati
2193 4868 2342 4938 admixti

308 4971 464 5064 Spiritus
486 4979 655 5050 sanctus?
694 4979 752 5049 Ad
776 4975 869 5050 hanc
890 4983 1132 5075 quaestionem
1155 5007 1303 5078 respon·
1354 4996 1457 5065 suut,
1483 4981 1548 5077 qni
1566 4997 1707 5064 tamen,
1739 4975 1823 5073 quia
1849 4977 1893 5044 de
1918 4970 2078 5042 doctrina
2102 4991 2182 5040 cum
2208 4969 2351 5040 renatis·

308 5077 395 5149 dent
408 5081 519 5152 verba
536 5093 666 5152 textus:
696 5080 736 5152 Si
757 5081 909 5173 diligitis
931 5108 1007 5168 me,
1033 5087 1201 5156 mandata
1224 5110 1302 5156 mea
1354 5086 1598 5169 consentiunt,
1624 5083 1663 5152 in
1683 5077 1749 5152 hac
1766 5077 1836 5148 vita
1859 5099 1934 5147 non
1956 5071 2193 5144 excluduntur
2214 5095 2255 5141 ex
2272 5067 2342 5141 Ec-

306 5195 463 5268 servate‚
496 5197 532 5255 et
551 5183 684 5272 rogabo
701 5174 836 5273 palrem
853 5197 937 5272 etc.,
972 5187 1107 5268 idest,
1139 5188 1201 5258 ille
1222 5212 1304 5260 coe·
1354 5187 1474 5259 clesia.
1524 5186 1640 5262 Sensu
1657 5180 1820 5274 cognosci
1836 5190 1950 5271 potest
1967 5171 2053 5246 haec
2075 5187 2179 5256 uota,
2210 5173 2341 5242 scilicet

308 5289 386 5367 tus,
413 5285 480 5375 qni
496 5308 615 5356 mensu
630 5280 868 5376 Evangelium
883 5290 1004 5375 docet,
1028 5289 1148 5370 audit,
1174 5304 1209 5363 et
1226 5315 1304 5362 am·
1355 5314 1425 5361 vox
1447 5287 1657 5380 Evangelii,
1699 5283 1750 5356 ibi
1773 5294 1868 5354 certo
1892 5292 1945 5352 est
1965 5275 2124 5349 Ecclesia
2155 5297 2236 5344 vera
2261 5268 2340 5352 Dei,

308 5381 501 5478 plectitur,
533 5397 586 5458 est
607 5399 727 5458 coetus
750 5386 904 5477 diligens
922 5415 1004 5476 me,
1035 5405 1071 5464 et
1095 5393 1302 5476 donabitur,
1353 5392 1418 5462 ubi
1435 5406 1538 5463 sonat
1552 5413 1642 5483 pura
1664 5410 1732 5457 vox
1744 5382 1951 5478 Evangelii,
1982 5403 2047 5450 nec
2071 5377 2177 5462 alibi,
2210 5374 2280 5442 nisi
2302 5375 2342 5444 in

307 5499 473 5575 regetur,
517 5500 553 5559 et
577 5487 857 5563 sanctificabitur
879 5489 1019 5584 Spiritu
1041 5506 1173 5566 sancto.
1232 5491 1303 5565 Hic
1354 5490 1423 5566 hoc
1440 5508 1542 5564 coetu
1558 5489 1751 5586 quaerendi
1766 5501 1850 5560 sunt
1861 5484 1979 5567 electi,
2003 5481 2099 5550 iuxta
2116 5477 2224 5547 illud:
2240 5473 2342 5564 Quos

307 5603 433 5660 coetus
452 5603 505 5660 est
518 5584 676 5660 Ecclesia
693 5591 778 5663 Dei.
830 5589 929 5664 Haec
949 5608 1002 5665 est
1014 5619 1116 5678 vera,
1136 5595 1302 5686 simplex,
1354 5597 1476 5686 elegit,
1509 5592 1574 5665 hos
1591 5606 1625 5664 et
1643 5591 1791 5662 vocavit.
1841 5586 1938 5659 Haec
1953 5587 1997 5654 de
2013 5577 2170 5652 Ecclesia
2187 5577 2342 5672 primum

306 5692 456 5782 propria
474 5703 508 5760 ct
522 5690 642 5761 nativa
657 5692 833 5764 sententia
849 5688 957 5766 huius
971 5697 1058 5788 toci,
1087 5721 1153 5768 uec
1167 5697 1302 5770 iutelli-
1354 5694 1517 5770 hocloco
1534 5695 1758 5769 considerare
1775 5693 1928 5784 prodest,
1946 5680 2197 5758 etbocdictum
2207 5673 2340 5796 Christi

305 5809 441 5876 gantur
458 5785 547 5862 haec
562 5793 669 5863 verbs
684 5797 730 5863 de
752 5794 839 5884 legis
861 5798 1024 5870 doctrina
1046 5799 1123 5871 sine
1138 5795 1303 5890 Evange-
1354 5803 1528 5872 addamus
1544 5797 1691 5870 caeteris
1707 5795 1810 5867 dictis
1818 5843 1831 5879 ,
1859 5810 1950 5886 qnae
1969 5787 2125 5858 citantur
2144 5784 2190 5851 de
2211 5781 2343 5849 descri-

303 5887 377 5978 lio,
404 5910 447 5967 nt
469 5889 640 5965 Monachi
662 5918 809 5988 prorsus
830 5896 985 5970 alienam
1008 5902 1219 5978 senteutiam
1244 5871 1330 6000 hic}
1355 5902 1478 5996 ptione
1492 5899 1687 5985 Ecclesiae,
1713 5909 1755 5970 ut
1772 5917 1855 5966 oves
1879 5913 1977 5962 meae
2000 5909 2121 5956 vocem
2144 5903 2257 5953 meam
2279 5901 2343 5950 au·

359 5999 543 6066 Macares.
574 6000 677 6065 Oeen.
705 5999 789 6066 Vos.
809 6000 888 6071 XV.
927 6075 932 6084 ¹
1599 6003 1650 6074 20
