5825 6950
515 696 589 769 dit
1118 683 1249 759 Plllls.
1277 678 1397 758 Mtte.
1422 680 1637 758 SCRIPTA
1664 674 1977 759 EXEGETlCA.
2382 724 2383 727 π
2496 686 2576 760 ste

522 888 589 938 res.
648 860 734 935 ldeo
759 860 863 934 toties
883 859 1012 931 elamat
1034 856 1152 929 David
1177 855 1306 927 Psalm.
1331 856 1438 930 stu:
1464 854 1521 927 'Da
1574 850 1722 937 Simon,
1764 847 1978 939 Mstbsties,
2007 846 2219 940 Zacharias,
2251 850 2430 946 Baptista,
2453 851 2576 926 'Chri-

521 964 614 1041 mibi
632 965 864 1037 intellectum.
916 960 1023 1032 ltem:
1056 960 1127 1031 Fae
1149 984 1232 1031 cnm
1253 982 1357 1029 servo
1382 972 1445 1028 tuo
1468 980 1521 1027 se·
1574 968 1666 1035 stus,
1693 952 1873 1047 Apostoli.

526 1071 684 1143 cundum
712 1066 994 1137 misericordiam
1029 1076 1148 1147 tuam,
1196 1075 1230 1132 et
1258 1060 1523 1132 iustificationes

528 1176 616 1243 doce
632 1194 707 1255 mc,
731 1180 766 1239 et
778 1170 817 1243 2.
833 1166 951 1240 Paral.
966 1164 1031 1240 20.
1045 1164 1193 1235 dicitur:
1213 1159 1304 1233 Cum
1320 1165 1523 1254 ignoramus

529 1274 617 1368 quid
648 1294 752 1364 agere
778 1270 991 1353 debeamus,
1022 1266 1116 1337 oculi
1142 1265 1260 1336 nostri
1278 1267 1323 1336 ad
1349 1280 1385 1337 ta
1411 1265 1524 1356 respi·
1677 1253 1794 1329 Antea
1820 1256 1966 1329 recitata
1987 1271 2040 1329 est
2060 1258 2248 1349 promissio
2272 1258 2427 1351 Spiritus
2452 1262 2581 1339 sancti,

531 1376 643 1448 ciunt.
698 1370 803 1443 Hanc
833 1369 1033 1456 doctrinam
1062 1391 1283 1439 exerceamus
1319 1368 1359 1436 in
1394 1367 1525 1439 nostris
1576 1384 1674 1431 nunc
1688 1363 1732 1431 de
1748 1380 1811 1431 sus
1826 1381 1979 1458 persone
1993 1355 2157 1433 Christus
2176 1364 2356 1457 loquitur,
2386 1386 2428 1435 ac
2450 1388 2582 1435 ocens-

532 1475 699 1568 perieulis
713 1473 948 1569 quotidianis,
980 1472 1178 1564 quodcum
1200 1470 1389 1556 faciemus,
1420 1492 1524 1561 erpe—
1577 1464 1625 1533 rit
1640 1463 1765 1535 tacitae
1781 1461 1980 1555 quaestioni
1990 1462 2264 1555 Apostolorum,
2296 1466 2361 1559 qui
2386 1461 2484 1537 haud
2507 1468 2582 1537 du-

532 1577 663 1649 rientia
677 1575 821 1649 docebit
837 1596 920 1655 nos,
955 1567 1019 1643 lass
1040 1572 1295 1665 promissiones
1317 1594 1417 1641 veras
1440 1594 1527 1661 esse,
1580 1564 1636 1636 bie
1652 1565 1747 1654 apud
1761 1587 1837 1634 sese
1860 1564 2108 1664 disputabant,
2140 1568 2206 1638 etsi
2227 1568 2447 1669 promittitur
2471 1569 2583 1639 nobis

532 1706 575 1751 ac
597 1703 679 1749 vere
699 1700 766 1749 nos
786 1678 864 1768 regi
885 1675 1055 1758 consilio,
1094 1690 1130 1745 et
1149 1675 1265 1744 iuvari
1286 1674 1527 1745 consolatione
1579 1668 1670 1738 alius
1687 1666 1923 1755 gubernator,
1954 1680 2072 1739 tamen
2091 1667 2180 1739 scire
2202 1670 2388 1769 cupimus,
2420 1671 2584 1763 quidde
2650 1732 2651 1741 .

533 1781 690 1880 Spiritus
706 1778 1073 1870 saneti,sicutinqoit
1089 1773 1268 1848 Christus:
1291 1775 1436 1866 Quanto
1451 1799 1527 1845 ma·
1581 1769 1658 1859 ipso
1673 1769 1834 1841 sutorum
1848 1768 1905 1839 sit.
1954 1766 2181 1860 Respondet:
2217 1769 2293 1844 lmo
2311 1772 2375 1845 etsi
2397 1772 2585 1870 paulisper

533 1885 588 1973 gis
608 1900 710 1977 pater
730 1894 847 1954 vester
863 1880 1024 1951 coelestis
1048 1880 1147 1950 dabit
1170 1879 1345 1970 Spiritum
1368 1894 1528 1951 sanctum
1580 1871 1779 1958 discedam,
1801 1870 1953 1957 moriar,
1985 1872 2136 1943 videbor
2158 1898 2179 1944 a
2199 1875 2301 1944 vobis
2324 1874 2491 1960 avulsus,
2526 1888 2584 1945 ta·

430 2050 433 2057 ,
532 1985 745 2076 petentibus,
811 1981 921 2055 hem:
958 1979 1043 2053 Non
1075 1982 1275 2075 relinquam
1304 2004 1367 2051 vop
1397 1978 1528 2073 orpha.
1580 1994 1758 2044 meumes
1773 1973 2185 2062 revlvlsfflmumttt'le,
2206 1978 2263 2047 ‘bd
2278 1998 2342 2047 Vos
2363 1976 2512 2065 redibo,
2550 1991 2586 2048 et
2650 2068 2651 2071 Ἴ

532 2110 620 2174 110³,
646 2099 711 2162 erc,
1120 2140 1125 2145 Α
1580 2098 1717 2167 semper
1735 2076 1916 2145 vobiscum
1941 2099 2012 2145 ero.
2043 2072 2129 2149 ‚Est
2149 2093 2267 2148 autem
2290 2078 2442 2168 insignis
2465 2079 2584 2169 parti·

878 2244 1082 2327 Vobiscum
1114 2249 1196 2325 era·
1581 2177 2493 2371 titt,¹5:3altttttttlttilt‘lt'ttff
2509 2176 2584 2353 *tt
2650 2246 2651 2307 ³

634 2386 699 2459 Est
715 2401 749 2461 et
765 2387 952 2479 promissio
975 2389 1021 2456 de
1044 2390 1277 2480 perpetuitate
1297 2386 1529 2466 observanda,
1580 2403 1705 2452 omnes
1734 2376 1898 2453 homines
1933 2381 2206 2453 ratiocinantur:
2247 2382 2397 2457 Nullum
2437 2398 2583 2455 coetum

534 2493 687 2567 affirmat
716 2503 886 2583 perpetuo
911 2487 1085 2583 Spiritum
1118 2502 1278 2561 sanctum
1310 2489 1349 2557 io
1373 2486 1528 2559 Ecclesia
1580 2484 1780 2555 durabilem
1809 2507 1900 2562 esse,
1941 2484 2011 2553 nisi
2038 2480 2165 2559 habeat
2184 2500 2315 2557 certam
2341 2486 2497 2578 aliquam
2522 2510 2583 2557 se-

533 2614 859 2671 mensuramus,
896 2591 986 2663 sicut
1010 2586 1144 2665 Mattb.
1165 2592 1231 2662 ult.
1251 2591 1398 2661 dicitur:
1437 2588 1528 2662 Ecce
1580 2588 1660 2655 dem
1677 2599 1710 2656 et
1725 2586 1887 2657 ordinata
1902 2586 2247 2681 imperia,aqnibus
2262 2590 2487 2673 defendatur,
2503 2584 2579 2659 Ec·

533 2720 597 2785 ego
617 2697 799 2765 vobiscum
814 2718 893 2763 sum
908 2716 1019 2786 usque
1040 2697 1086 2763 ad
1108 2694 1450 2763 consummationem
1474 2714 1528 2761 se·
1580 2687 1683 2758 clesia
1700 2712 1765 2757 nec
1777 2694 1896 2772 sedem
1912 2703 2043 2757 certam
2060 2684 2177 2775 babet,
2194 2713 2258 2761 nec
2272 2690 2470 2762 defenditur
2481 2714 2580 2760 con·
2650 2714 2651 2753 t

533 2800 624 2882 culi,
657 2808 690 2867 et
707 2800 741 2868 t.
759 2795 854 2869 Tim.
874 2796 910 2866 8.
937 2791 1094 2865 Ecclesia
1118 2796 1251 2865 dicitur
1273 2798 1373 2863 sedes
1398 2796 1527 2864 verita·
1579 2812 1685 2861 sensu
1705 2811 1846 2880 regum,
1878 2792 1938 2859 sed
1959 2790 2076 2882 potius
2100 2792 2314 2885 opprimitur
2335 2804 2371 2863 et
2390 2792 2583 2877 laceratur,

533 2902 589 2974 tis.
642 2898 845 2970 Hirsutem
860 2912 1041 2989 utrunque
1059 2897 1241 2967 sciendum
1266 2911 1334 2970 est:
1369 2911 1405 2968 et
1426 2920 1522 2965 man
1580 2906 1614 2963 et
1630 2892 1697 2984 ipsi
1712 2893 1805 2963 inter
1818 2914 1892 2961 sese
1907 2894 2071 2963 doctores
2083 2896 2174 2966 male
2188 2889 2395 2981 cohaerent,
2420 2918 2498 2965 nou
2512 2889 2582 2963 ha·
2650 2924 2651 2989 q

533 3025 657 3073 surum
676 3024 749 3071 esse
767 3001 804 3069 in
820 2996 976 3069 Ecclesia
993 2998 1166 3091 Spiritum
1182 3012 1362 3086 sanctum,
1387 3022 1433 3068 ne
1451 2999 1526 3069 nllo
1580 2996 1666 3066 bent
1688 2995 1961 3084 gubernatores,
1995 3020 2147 3089 quorum
2173 2998 2361 3068 autoritate
2385 2998 2582 3067 concordia
2650 3034 2651 3087 3

533 3120 692 3193 tempore
716 3107 901 3194 desperent
926 3096 1107 3187 homines,
1144 3116 1207 3173 aut
1228 3101 1348 3195 aliqua
1374 3116 1468 3171 aetas
1490 3124 1526 3171 se
1581 3097 1673 3167 inter
1688 3118 1750 3167 eos
1765 3096 1977 3181 retineatur,
2011 3122 2084 3169 non
2110 3095 2243 3171 liabent
2264 3112 2435 3191 patronos
2457 3124 2501 3169 ac
2519 3102 2583 3169 de·

534 3205 705 3273 abiectam
722 3216 928 3295 esscpntet‚
955 3217 1129 3274 ettamen
1149 3228 1225 3273 non
1245 3204 1429 3293 alligatum
1453 3226 1527 3273 esse
1578 3200 1735 3271 sensores
1750 3201 1917 3269 adversus
1930 3200 2174 3293 tyrannidem,
2209 3216 2268 3271 aut
2283 3202 2365 3272 odia
2390 3200 2517 3294 populi
2541 3224 2583 3271 ac
2650 3218 2651 3301 j

533 3311 577 3377 sd
593 3308 849 3377 successionem
866 3305 1105 3391 ordinariam,
1127 3318 1331 3390 utvocant,
1356 3320 1418 3377 aot
1438 3306 1526 3377 tito·
1579 3324 1738 3372 suorum.
1787 3298 1952 3393 Denique
1967 3301 2178 3373 miserabilis
2193 3317 2312 3375 coetus
2327 3316 2396 3387 est,
2420 3318 2464 3375 ut
2481 3304 2585 3395 abpo-
2650 3326 2651 3381 3

531 3409 586 3480 los
601 3408 832 3498 dignitatum,
857 3408 917 3480 sed
939 3407 991 3480 ibi
1013 3409 1090 3478 sine
1111 3407 1186 3480 ulls
1204 3407 1429 3480 dubitatione
1442 3406 1526 3500 Spi-
1579 3404 1752 3475 stolorum
1769 3426 1976 3490 aerumnae,
2008 3420 2043 3476 et
2059 3420 2198 3480 nostrae
2220 3405 2450 3500 quotidianae
2475 3408 2584 3476 mise-

531 3512 624 3580 ritus
638 3525 780 3582 sanctus
794 3513 910 3594 adest,
935 3525 970 3582 et
985 3524 1039 3581 est
1055 3511 1195 3596 eilicax,
1227 3511 1292 3580 ubi
1310 3526 1404 3583 recte
1425 3522 1526 3596 sonat
1581 3506 1653 3577 riae
1682 3507 1885 3582 ostendunt.
1951 3506 2043 3596 Quis
2070 3510 2166 3576 enim
2199 3533 2265 3580 nos
2288 3509 2446 3599 respicit,
2482 3534 2585 3578 com-

533 3637 602 3681 vos
625 3610 831 3702 Evangelii,
863 3625 926 3682 ant
947 3626 1041 3683 certe
1066 3612 1132 3683 ubi
1150 3613 1423 3683 fundamentum
1443 3614 1526 3682 {idei
1582 3609 1764 3700 plectitur,
1791 3609 1908 3694 iovet,
1932 3623 1994 3680 aut
2008 3611 2192 3682 defendit?
2225 3609 2375 3682 Plurimi
2392 3633 2521 3700 regum
2551 3626 2586 3682 et

532 3717 718 3786 retinetur.
777 3712 901 3785 Manet
941 3714 1037 3783 enim
1068 3714 1131 3784 illa
1163 3715 1337 3786 sententia
1368 3716 1526 3800 immota,
1582 3711 1781 3803 principum
1800 3712 2010 3803 profitentur
2027 3735 2064 3784 se
2079 3735 2152 3782 esse
2168 3708 2586 3786 hostesnostrsedoctri-

531 3821 569 3892 2.
588 3808 755 3886 Corinth.
781 3816 816 3886 5.
843 3811 1079 3905 Evangelium
1095 3839 1168 3886 esse
1184 3816 1424 3889 ministerium
1442 3816 1526 3908 Spi·
1581 3838 1667 3899 nae,
1682 3827 1716 3884 et
1733 3837 1797 3883 nos
1814 3827 1981 3906 tanquam
1999 3814 2158 3909 victimas
2171 3816 2215 3884 ad
2231 3815 2403 3906 supplicia
2420 3815 2586 3906 rapiunt,

532 3920 623 3988 ritus
645 3919 769 3990 sancti.
832 3915 940 4002 Item,
973 3915 1208 4006 Evangelium
1229 3941 1304 3987 esse
1332 3920 1526 4010 potentiam
1581 3917 1641 3986 ubi
1661 3929 1818 4007 possunt.
1871 3913 2045 4006 Populos,
2070 3918 2134 4009 qui
2151 3941 2217 3986 nos
2230 3919 2349 4002 audit,
2384 3928 2419 3987 et
2442 3917 2586 4008 princi-

518 4016 599 4094 ,Dei
614 4019 659 4087 ad
675 4019 823 4088 salutem
840 4020 940 4090 omni
961 4020 1131 4090 credenti.
1182 4017 1396 4114 Ubicunque
1418 4022 1528 4110 igitur
1581 4043 1639 4109 pes
1655 4019 1741 4110 ipsi,
1756 4019 1817 4111 qui
1835 4018 1948 4088 videii
1964 4019 2091 4089 volunt
2107 4042 2181 4090 non
2197 4015 2388 4090 abhorrere
2402 4020 2447 4090 ab
2458 4015 2586 4090 Evan-

533 4135 635 4191 sonat
652 4144 718 4189 vor
734 4115 933 4209 Evangelii,
949 4118 1166 4210 ibiSpiritus
1178 4135 1318 4213 sauctus
1333 4137 1384 4194 est
1395 4125 1526 4198 efficax.
1580 4121 1691 4209 gelio,
1722 4133 1791 4214 aut!
1807 4119 1934 4190 leviter
1955 4137 2081 4192 curant
2103 4144 2188 4201 nos,
2222 4137 2283 4193 aut
2303 4134 2379 4192 arte
2401 4137 2586 4210 premunt.

540 4223 548 4232 '
637 4218 707 4290 Hic
722 4222 930 4293 observetur
946 4235 979 4292 et
996 4217 1064 4290 hoc
1079 4222 1204 4310 ingens
1223 4224 1430 4296 beneficium
1447 4222 1527 4310 Dei,
1579 4222 1742 4314 Denique
1757 4218 1912 4292 humasse
1930 4225 2102 4314 praesidia
2119 4247 2265 4316 prorsus
2280 4225 2379 4294 nulla
2394 4217 2588 4310 habemus,

534 4323 630 4416 qnod
661 4345 865 4415 quanquam
895 4323 957 4394 lux
978 4319 1164 4412 Evangelii
1187 4326 1416 4412 obscuratur,
1449 4330 1527 4398 dia·
1579 4325 1671 4394 sicut
1686 4325 1723 4392 in
1740 4321 1889 4394 Psalmis
1906 4325 2075 4417 scriptum
2100 4339 2166 4395 est:
2202 4323 2306 4396 Pater
2325 4340 2359 4397 et
2382 4338 2497 4395 mater
2521 4329 2588 4398 de·

533 4427 619 4494 bolo
635 4425 808 4496 excitante
825 4447 979 4525 errores,
999 4437 1033 4494 et
1046 4419 1253 4496 hominibus
1267 4429 1527 4519 negligentibus
1580 4425 1801 4518 reliquerunt
1825 4449 1892 4496 me.
1949 4425 2080 4497 Sumus
2096 4428 2223 4517 igitur,
2249 4429 2344 4522 qnod
2360 4429 2405 4496 ad
2421 4422 2587 4500 humana

534 4527 592 4615 pia
608 4529 745 4606 studia,
772 4540 891 4596 tamen
907 4525 1076 4598 filiusDei
1092 4531 1217 4597 sedens
1230 4531 1272 4598 ad
1288 4531 1446 4600 dextram
1463 4556 1525 4624 pa·
1578 4528 1753 4619 praesidia
1768 4529 1912 4608 attinet,
1939 4524 2102 4618 orphani.

533 4632 617 4708 tris,
650 4651 691 4696 ac
705 4634 800 4700 dona
818 4631 908 4697 dans
924 4624 1147 4708 hominibus,
1179 4632 1332 4702 subinde
1353 4633 1527 4706 instaurat
1681 4627 1750 4702 Sed
1768 4632 1935 4701 adversus
1951 4625 2043 4701 banc
2060 4628 2209 4719 speciem
2227 4623 2389 4702 Christus
2404 4653 2471 4700 nos
2494 4657 2588 4701 con-

533 4731 770 4803 ministerium
795 4727 1004 4819 Evangelii,
1043 4745 1084 4802 ut
1104 4730 1236 4802 Paulus
1266 4736 1310 4803 ad
1338 4731 1468 4827 Ephes.
1492 4733 1526 4806 4.
1580 4729 1732 4817 solatur,
1758 4731 1939 4825 inquiens:
1967 4731 2042 4802 lmo
2060 4757 2132 4804 non
2148 4732 2346 4826 relinquam
2365 4757 2428 4802 vos
2443 4717 2589 4826 orplra-

534 4832 669 4923 inquit:
696 4827 743 4900 Et
766 4853 907 4901 causam
931 4827 1036 4902 buius
1058 4833 1266 4924 amplissimi
1290 4839 1448 4909 muneris
1471 4863 1527 4908 re·
1580 4857 1665 4919 nos,
1690 4833 1846 4917 etiamsi,
1878 4857 1996 4926 reges,
2037 4836 2232 4926 principes,
2263 4836 2431 4926 imperia,
2464 4861 2589 4928 popu-

536 4933 639 5018 citat,
675 4957 719 5002 ne
734 4927 911 5004 Ecclesiae
926 4935 1087 5026 procellis
1104 4937 1272 5024 agitatae,
1304 4941 1402 5010 velut
1425 4941 1525 5032 porri
1581 4936 1655 5016 lus,
1681 4936 1842 5006 doctores
1858 4960 1921 5005 vos
1937 4959 2009 5008 non
2026 4951 2167 5026 tegunt,
2193 4958 2257 5027 ego
2272 4951 2389 5008 tamen
2407 4961 2473 5006 vos
2495 4963 2589 5028 pro-

535 5037 631 5104 varia
649 5035 831 5104 doctrinae
845 5056 974 5124 genera
998 5039 1276 5128 amplectantur,
1301 5055 1335 5112 et
1357 5055 1525 5137 tanquam
1579 5051 1693 5126 tegam
1708 5062 1748 5106 ac
1764 5040 1922 5112 servabo.
1974 5037 2050 5108 Hac
2066 5038 2305 5108 consolatione
2326 5061 2416 5130 opus
2441 5051 2495 5109 est
2512 5037 2590 5110 Ec·

533 5138 648 5208 ventis
661 5137 903 5208 doctrinarum
925 5137 1221 5210 circumferantur
1244 5145 1287 5211 ad
1313 5143 1401 5212 alios
1421 5158 1528 5238 atque
1578 5139 1702 5212 clesiae
1725 5137 1812 5226 Dei,
1845 5155 1884 5212 ut
1911 5141 2063 5212 sciamus
2087 5163 2290 5212 mansuram
2314 5163 2406 5225 csse,
2438 5141 2588 5212 etiamsi

534 5239 790 5322 aliosiurores,
813 5253 854 5310 ut
870 5234 1017 5312 Ethnici
1037 5237 1400 5329 nuncBaccbanalis,
1427 5271 1526 5318 nnnc
1579 5238 1777 5314 nonhabet
1797 5257 1927 5314 certam
1949 5243 2086 5324 sedem,
2119 5257 2180 5314 aut
2199 5243 2431 5334 imperiorum
2453 5243 2589 5312 delen·
2650 5237 2651 5240 '

534 5337 665 5411 Martis
682 5338 815 5426 Salios,
842 5341 1194 5436 nnncCorybsntes‚
1229 5368 1325 5414 nunc
1347 5347 1416 5417 alia
1440 5373 1525 5440 por..
1577 5345 1726 5420 sionem.
1777 5343 1862 5414 Ideo
1874 5367 1976 5436 saepe
1989 5344 2136 5435 repetita
2152 5357 2203 5417 est
2217 5338 2303 5414 haec
2315 5344 2529 5431 consolatio,
2547 5361 2591 5418 nt
2650 5417 2651 5434 ,

535 5455 632 5514 tenta
658 5443 910 5533 excogitabant.
968 5440 1151 5514 Omnibus
1178 5447 1305 5517 seculis
1328 5471 1441 5520 novae
1467 5452 1525 5521 in·
1577 5441 1702 5517 Esaiae
1715 5447 1826 5538 capite
1842 5446 1922 5522 51.:
1956 5443 2066 5517 Posui
2082 5447 2189 5518 verba
2206 5469 2282 5516 mea
2295 5446 2332 5514 in
2350 5467 2412 5516 ore
2433 5458 2521 5526 tuo,
2551 5461 2589 5518 et
2650 5447 2651 5506 l

534 5543 768 5615 staurationes
785 5541 965 5617 Ecclesiae
995 5545 1107 5616 iactae
1135 5559 1233 5620 sunt.
1287 5547 1373 5622 Post
1394 5550 1524 5624 Mosen
1577 5550 1703 5618 umbra
1718 5571 1844 5618 manus
1859 5572 1956 5619 meae
1972 5562 2119 5648 protego
2144 5561 2196 5634 te,
2228 5559 2268 5618 ut
2290 5547 2429 5638 plantes
2450 5550 2587 5638 coelos,
2650 5591 2651 5624 1

535 5647 702 5718 excitatns
745 5661 797 5718 est
829 5646 994 5731 Samuel,
1042 5659 1121 5737 post
1159 5647 1360 5722 Samuelem
1392 5650 1525 5741 David,
1578 5650 1613 5719 id
1631 5663 1700 5723 est:
1729 5647 1881 5722 lnstituo
1898 5650 2135 5723 ministerium
2147 5645 2355 5740 Evangelii,
2390 5651 2426 5720 id
2446 5653 2588 5720 abim-
2650 5640 2651 5706 l

532 5759 611 5834 post
634 5745 805 5819 Davidem
829 5745 949 5833 Elias,
985 5749 1116 5821 deinde
1138 5745 1317 5839 Elisaens,
1354 5771 1433 5846 post
1457 5753 1523 5828 hos
1578 5752 1683 5841 pcriis
1713 5776 1786 5822 non
1813 5755 2042 5839 defendetur,
2078 5755 2140 5824 sed
2169 5751 2288 5844 potins
2316 5754 2485 5822 atrociter
2514 5777 2586 5844 op-

531 5842 677 5939 Esaias,
717 5850 903 5928 Ieremias.
944 5850 1094 5939 Daniel,
1129 5849 1336 5944 Zacharias,
1379 5856 1523 5946 Esdras,
1572 5856 1809 5946 pugnabitur,
1835 5857 1913 5928 ideo
1929 5856 2100 5948 polliceor
2117 5856 2191 5947 ipse
2207 5854 2467 5940 defensionem,
2490 5878 2584 5944 pro-
2650 5863 2651 5876 ¹

1759 1114 1851 1195 Non
1874 1114 2082 1220 relinquam
2109 1146 2171 1193 vos
2197 1116 2399 1225 orphanos.
