5825 6950
572 690 672 775 rste
792 712 799 723 ·
1135 676 1264 753 ratu
1290 671 1408 757 mut.
1434 671 1649 753 scalers
1675 659 1976 755 uxuuurtcit.
2288 703 2292 717 ·
2499 686 2571 760 tate

577 883 612 941 et
628 862 789 938 accendit
809 860 915 931 fldem
931 869 967 927 et
984 850 1073 925 alios
1088 865 1208 922 motus
1229 845 1451 941 spirituales,
1477 846 1568 919 sicut
1621 862 1796 923 catorum.
1851 848 1907 921 De
1929 842 1988 920 bis
2009 847 2279 943 quaestiouibus
2302 849 2389 922 alibi
2413 852 2533 944 copiose
2553 872 2577 932 ct

578 973 625 1042 ad
650 967 795 1039 Galatas
809 964 844 1035 δ.
867 959 1017 1033 dicitur:
1042 952 1093 1029 llt
1114 952 1386 1045 promissionem
1412 948 1569 1044 Spiritus
1622 953 1793 1045 explicate
1817 951 2036 1023 dictumest.

582 1066 799 1163 accipiamus
820 1079 886 1165 per
905 1060 1024 1134 fidem.
1075 1054 1174 1127 llaec
1195 1069 1279 1126 sunt
1300 1054 1405 1124 initia
1422 1074 1570 1142 regene—
2036 1064 2041 1075 ·

581 1174 730 1246 rationis
755 1163 1011 1249 inconversis,
1045 1161 1089 1230 de
1111 1183 1179 1253 qua
1203 1157 1336 1228 dicitur
1359 1152 1492 1228 Roma.
1516 1155 1571 1227 E:

583 1276 659 1367 Qui
692 1272 821 1367 spiritu
854 1266 923 1339 Dei
957 1262 1164 1344 ducuntur,
1203 1255 1243 1329 bi
1275 1272 1360 1329 sunt
1391 1258 1457 1327 lilii
1492 1254 1573 1330 Dei.
1725 1254 1766 1326 ld
1792 1272 1863 1329 est:
1891 1255 1992 1329 Sicut
2014 1269 2116 1327 antea
2133 1254 2290 1329 habuisti
2311 1260 2356 1330 de
2374 1274 2407 1331 te
2427 1262 2477 1331 vel
2499 1286 2580 1358 super

582 1379 698 1452 ltem:
733 1372 772 1448 Si
796 1372 876 1467 quis
897 1367 1061 1461 spiritum
1087 1359 1222 1437 Christi
1244 1386 1318 1431 uon
1350 1357 1479 1445 habet,
1513 1352 1572 1428 hle
1624 1374 1660 1433 te
1682 1360 1885 1431 testimonia
1911 1358 2068 1452 Spiritus
2092 1358 2217 1433 sancti.

585 1506 660 1553 nou
686 1492 737 1551 est
760 1476 848 1548 eius.
899 1470 1132 1563 Nequaquam
1161 1464 1256 1533 enim
1290 1460 1357 1533 boc
1386 1465 1575 1545 docemus,

585 1580 769 1655 bominem
787 1578 918 1649 iustum
938 1596 1030 1656 esse,
1056 1584 1119 1641 aut
1141 1566 1349 1637 sanctificari
1360 1616 1372 1651 ,
1399 1578 1463 1635 aut
1483 1562 1574 1633 libe-

587 1685 660 1757 rari
676 1712 694 1755 a
712 1694 853 1775 peccato
871 1690 904 1749 et
921 1702 940 1745 a
958 1686 1072 1743 morte
1088 1685 1230 1741 aeterna
1253 1667 1407 1760 propriis
1424 1668 1576 1746 viribus,
1729 1663 1771 1733 ln
1795 1663 1865 1733 fine
1888 1664 1997 1757 primi
2022 1664 2146 1754 capitis
2167 1668 2321 1739 redditio
2345 1684 2397 1741 est
2419 1696 2585 1764 congruent

587 1802 650 1859 aut
671 1782 886 1857 actionibus:
921 1779 981 1849 scd
1006 1771 1092 1845 haec
1110 1770 1340 1844 sanctificatio
1361 1782 1397 1841 et
1419 1768 1569 1837 vivifica·
1628 1768 1671 1835 ad
1696 1766 1852 1841 initium.
1905 1765 2006 1837 Sicut
2035 1762 2324 1865 bortatus'sum,
2349 1784 2390 1843 ut
2421 1778 2585 1869 praecipiat

588 1892 640 1961 tio
656 1910 747 1979 opus
762 1899 815 1956 est
831 1880 919 1967 Dei,
946 1876 1132 1949 efficientis
1150 1896 1226 1944 eam
1246 1894 1310 1941 suo
1331 1870 1471 1965 Spiritu
1494 1892 1576 1939 san·
1629 1868 1725 1949 aliis,
1758 1883 1799 1941 ut
1824 1870 1973 1940 doceant
1998 1869 2185 1951 salutaria,
2228 1872 2264 1941 id
2289 1876 2490 1946 mandatum
2515 1904 2588 1951 num

590 2006 667 2075 cto,
694 2004 729 2061 et
744 2001 829 2059 tunc
845 1983 959 2055 renati
977 2003 1060 2049 vere
1081 1990 1165 2049 sunt
1179 1975 1353 2065 templum
1370 1971 1450 2042 Dei.
1499 1967 1579 2043 Etsi
1631 1992 1772 2065 qouque
1803 1970 1870 2041 tibi
1903 1972 2126 2043 commendo.
2178 1971 2319 2045 Rursus
2347 1992 2463 2049 autem
2491 1980 2591 2053 inserit

1748 1116 1958 1197 Secundum
1986 1114 2239 1221 praecedentes
2259 1115 2483 1221 prophetias.

1702 1523 1858 1599 Habeas
1880 1520 2001 1619 fidem
2031 1536 2062 1599 ct
2089 1524 2227 1601 bonam
2254 1530 2513 1607 conscientiam.

2627 404 2633 589 i

590 2094 686 2167 enirn
721 2085 809 2159 haec
842 2082 1072 2157 sanctificatio
1100 2094 1151 2149 cst
1177 2077 1375 2171 proprietas
1408 2075 1580 2147 attributa
1632 2076 1737 2145 breve
1756 2074 1902 2158 dictum,
1928 2076 2025 2167 quod
2045 2073 2141 2143 velut
2158 2098 2294 2145 summa
2314 2092 2365 2149 est
2380 2080 2549 2153 doctrinae
2562 2086 2590 2154 io
2637 2120 2638 2129 κ

590 2192 743 2287 Spiritui
763 2203 904 2273 sancto,
938 2202 1057 2259 tamen
1083 2204 1206 2251 verum
1231 2194 1302 2259 est,
1342 2178 1449 2248 simul
1470 2190 1580 2250 totam
1631 2172 1788 2247 Ecclesia
1819 2177 2051 2247 necessariae:
2091 2171 2245 2247 Milites
2272 2176 2410 2249 bonam
2432 2179 2592 2267 militiam,

591 2296 934 2377 divinitatemesse,
966 2287 1057 2357 sicut
1070 2281 1190 2377 inquit
1206 2277 1384 2351 Dominus
1406 2274 1485 2352 lob.
1505 2278 1581 2351 lb:
1634 2279 1788 2351 retinens
1822 2270 1938 2371 fidem
1972 2286 2004 2349 et
2038 2274 2176 2348 honam
2211 2279 2481 2355 conscientiam.
2543 2286 2593 2357 llis

592 2398 789 2487 Veniemus
807 2394 852 2464 ad
878 2413 978 2475 eum,
1002 2400 1038 2459 et
1062 2385 1284 2455 mansionem
1307 2384 1402 2473 apud
1423 2405 1504 2452 eum
1528 2380 1582 2449 fa·
1633 2382 1774 2452 duobus
1793 2381 1909 2451 titulis
1932 2380 2181 2470 complectitur
2197 2393 2307 2454 totam
2323 2386 2434 2459 vitam
2447 2383 2593 2460 Christia-

593 2502 738 2573 ciemus.
787 2494 866 2566 Hoc
881 2494 1007 2583 ingens
1023 2491 1159 2562 bonum
1177 2487 1439 2577 agnoscendum
1455 2496 1527 2568 est,
1548 2495 1584 2551 et
1634 2508 1735 2553 uam:
1763 2506 1872 2577 quare
1888 2483 2114 2554 notissimum
2129 2485 2175 2557 sit
2195 2487 2383 2569 omuibus,
2419 2502 2452 2560 et
2474 2490 2516 2561 sit
2536 2506 2595 2563 taa-

594 2604 671 2676 Deo
689 2598 822 2693 gratiae
835 2597 1010 2687 agendae,
1037 2592 1132 2684 quod
1148 2590 1322 2657 immensa
1336 2585 1584 2656 misericordia
1634 2610 1741 2681 quam
1765 2586 1886 2676 regula
1908 2585 2015 2657 vitae.
2065 2582 2158 2657 Cum
2180 2600 2297 2658 autem
2324 2591 2595 2685 vocabulasupra

595 2708 645 2777 ita
665 2728 703 2775 se
725 2714 871 2795 propter
894 2698 1009 2768 filium
1033 2691 1212 2775 demittit,
1237 2702 1278 2760 ut
1301 2686 1394 2760 banc
1416 2688 1584 2757 miseram
1634 2700 1796 2759 enarrata
1824 2687 1897 2759 sint
1921 2688 1960 2757 in
1987 2686 2097 2756 simili
2123 2689 2238 2774 dicto,
2271 2688 2373 2761 Finis
2394 2684 2544 2767 mandati
2561 2711 2597 2767 est

596 2822 760 2879 naturam
778 2817 813 2873 et
829 2821 982 2892 magnas·
996 2797 1120 2867 sordes
1136 2789 1254 2863 adbuc
1276 2790 1584 2861 circumferentem
1635 2790 1780 2869 dilectio
1803 2803 1887 2875 etc.,
1913 2812 1988 2858 non
2010 2789 2102 2860 addo
2125 2784 2183 2862 hic
2207 2793 2407 2883 longiorem
2428 2801 2596 2869 enarratio·
2640 2862 2641 2902 1

597 2925 716 2982 tamen
738 2904 905 2996 recipiat,
946 2916 981 2969 et
1003 2920 1085 2967 vere
1106 2897 1146 2964 in
1168 2918 1208 2964 ea
1231 2894 1342 2975 adsit,
1370 2916 1447 2963 eam
1471 2904 1585 2980 regat,
1635 2918 1733 2965 nem:
1762 2906 1900 2963 tantum
1918 2886 1986 2962 hoc
2003 2893 2151 2977 addam,
2177 2908 2369 2989 utrumque
2385 2912 2520 2991 oportet
2533 2902 2599 2989 regi,

598 3010 766 3082 defendat
788 3020 910 3077 contra
933 2999 1115 3083 diabolos,
1149 3011 1184 3068 et
1207 2997 1286 3066 luce
1302 3010 1337 3066 et
1353 2996 1425 3065 vita
1441 3008 1584 3065 aeterna
1633 2997 1740 3065 fidem
1758 3008 1791 3067 et
1808 2997 1938 3065 bonam
1955 2995 2224 3081 conscientiam,
2257 3022 2332 3067 non
2355 2998 2598 3088 imaginationi-

599 3117 729 3183 donett
755 3122 790 3180 et
812 3128 974 3178 curemus
994 3098 1062 3171 hoc
1086 3113 1227 3172 tantum
1252 3098 1389 3169 bonnm
1413 3097 1585 3179 retinere,
1623 3099 1703 3168 -bus
1718 3091 1905 3179 humanis,
1931 3099 1990 3166 'scd
2009 3099 2118 3167 verbo
2141 3094 2220 3169 Dei.
2275 3098 2375 3173 Sicut
2401 3101 2600 3175 diciturGa-

598 3238 665 3285 nec
681 3212 927 3284 contristemus
951 3205 1125 3298 Spiritum
1144 3214 1305 3271 sanctum
1328 3199 1426 3268 falsis
1442 3196 1588 3289 opinio-
1637 3202 1698 3273 lat.
1724 3202 1839 3293 primo
1863 3200 1992 3291 capite:
2026 3198 2066 3271 Si
2084 3199 2164 3294 quis
2186 3200 2282 3271 aliud
2300 3200 2534 3294 Evangetium
2552 3208 2600 3275 do.

599 3318 725 3401 nibus,
751 3326 813 3384 aut
829 3310 987 3403 lapsibus
1004 3319 1128 3376 contra
1145 3302 1418 3385 conscientiam,
1442 3314 1588 3393 propter
1638 3318 1710 3387 cet,
1736 3296 1923 3373 anathema
1943 3302 1997 3375 sit.
2050 3299 2157 3387 ltem,
2182 3301 2439 3380 Psalm.118.:
2465 3307 2599 3379 Lucerna

601 3442 692 3514 qtros
712 3415 886 3488 deseritur
913 3408 1022 3482 bomo
1047 3422 1081 3479 et
1105 3405 1178 3479 ruit
1200 3404 1239 3476 in
1260 3426 1409 3496 reguum
1432 3401 1588 3491 diaboli,
1639 3406 1789 3499 pedibus
1820 3405 1907 3474 meis
1938 3403 2086 3474 verbum
2118 3417 2230 3479 guum,
2287 3403 2397 3491 hem,
2435 3406 2600 3482 Ezechieli,

600 3537 640 3595 ut
652 3522 690 3594 2·
705 3517 801 3593 Petri
817 3519 854 3590 2·
870 3515 1013 3585 disllur·
1639 3511 1752 3601 capite
1765 3508 1842 3579 20.:
1869 3506 1913 3576 lu
1930 3507 2123 3598 praeceptis
2138 3508 2225 3578 meis
2242 3510 2436 3588 ambulate.
2473 3512 2540 3583 Nec
2552 3515 2602 3582 liu·

704 3621 920 3711 Quanquam
945 3628 1062 3685 autem
1082 3627 1225 3684 renatus
1246 3623 1298 3680 est
1319 3608 1492 3701 templum
1509 3605 1590 3692 Dei,
1640 3626 1723 3703 gant
1756 3610 1825 3681 sibi
1847 3605 2010 3682 homine.
2033 3608 2089 3677 vel
2112 3609 2293 3697 dogmata,
2326 3613 2385 3682 νει
2409 3616 2537 3696 mum,
2562 3615 2602 3682 „1

604 3738 640 3796 el
655 3724 694 3792 31¹
709 3748 750 3792 ⁰⁰
764 3745 884 3792 revera
902 3733 951 3790 ⁰³1
971 3715 1158 3796 dlvlsslffls
1186 3729 1221 3786 el
1236 3735 1390 3782 crescere
1409 3712 1448 3782 in
1465 3735 1505 3781 eo
1521 3734 1588 3778 1¹⁰·
1640 3713 1891 3784 conscientiam
1909 3711 1983 3782 suis
2003 3712 2321 3802 imaginationibus
2341 3717 2421 3788 sine
2439 3719 2540 3790 verbo
2554 3715 2602 3786 llei

604 3850 686 3897 vam
702 3827 816 3896 lucem
833 3838 866 3894 et
883 3819 1197 3894 sanctificationem
1219 3837 1400 3884 accensam
1415 3837 1434 3884 a
1450 3811 1590 3904 Spiritu
1641 3817 1698 3888 vel
1720 3829 1844 3888 contra
1867 3815 2017 3886 verbum
2041 3812 2119 3888 Dei,

606 3945 728 4000 sancto
754 3940 910 4019 oportet:
944 3938 1061 3992 carneo
1089 3915 1176 3988 baec
1200 3918 1374 3987 sententia
1392 3931 1512 3984 manet
1530 3939 1590 3984 ve-

606 4055 665 4118 ra,
700 4051 885 4123 personam
910 4027 1036 4094 iustam
1062 4043 1150 4105 esse,
1182 4021 1219 4088 id
1247 4032 1317 4104 est,
1351 4018 1490 4110 placere
1515 4018 1590 4089 Deo

606 4157 679 4203 nou
695 4144 839 4225 propter
854 4129 1065 4206 novitatem,
1081 4125 1140 4192 sed
1156 4125 1310 4212 reputari
1327 4121 1455 4189 iustam
1475 4120 1592 4209 impu·
1911 4087 2052 4198 Capul
2101 4091 2346 4178 secundum.

605 4249 678 4307 tata
703 4235 736 4302 ei
760 4230 899 4302 iusticia
916 4225 1072 4310 Christi,
1096 4237 1131 4294 et
1154 4224 1289 4314 placere
1313 4236 1459 4320 propter
1478 4222 1591 4290 fitium
2030 4285 2033 4290 ,

606 4335 837 4406 mediatorem
873 4332 947 4403 sola
978 4328 1057 4397 lide.
1118 4323 1171 4395 lta
1205 4339 1397 4416 utrumque
1426 4323 1594 4405 sciamus,
1746 4317 1861 4414 Supra
1877 4325 2076 4395 deduobus
2096 4327 2291 4418 praecipuis
2306 4327 2487 4422 capitibus
2500 4331 2606 4400 doctri·

608 4434 969 4508 fierirenovationem
989 4453 1053 4521 per
1077 4427 1250 4519 Spiritum
1276 4439 1455 4509 sanctum,
1485 4438 1518 4494 et
1539 4438 1592 4494 ta·
1643 4451 1710 4496 nae
1733 4427 1866 4496 dictum
1891 4439 1960 4507 est,
1996 4427 2160 4499 videlicet
2184 4431 2227 4498 de
2250 4429 2343 4520 Lege
2367 4449 2404 4504 et
2426 4417 2607 4524 Euangelio·

609 4563 693 4609 men
712 4535 806 4608 hanc
826 4533 1103 4608 consolationem
1129 4531 1174 4598 de
1203 4528 1438 4616 imputatione
1468 4541 1594 4596 tenen-
1617 4524 1621 4612 l
1644 4527 1748 4598 Nunc
1772 4530 1967 4599 doctrinam
1984 4532 2149 4600 debonis
2171 4534 2338 4624 operibns
2363 4538 2483 4622 addit,
2514 4553 2543 4606 et
2562 4557 2605 4603 or·

610 4645 692 4712 dam
716 4663 800 4710 esse.
852 4633 901 4708 Et
921 4632 1014 4706 banc
1035 4635 1141 4702 fidem
1165 4630 1310 4700 caeteris
1342 4630 1536 4699 virtutibus
1561 4641 1595 4698 et
1618 4617 1621 4696 l
1645 4632 1743 4701 ditur
1761 4659 1779 4700 a
1797 4656 1934 4699 strnnoo
1951 4656 2056 4722 opere
2071 4635 2165 4726 quod
2181 4649 2230 4705 est
2247 4639 2426 4725 precatio,
2450 4641 2494 4708 de
2509 4649 2606 4730 quaet

610 4740 988 4828 invocatiouiysemper
1008 4734 1229 4825 praelucere,
1254 4731 1350 4800 iuxta
1373 4731 1484 4816 illud,
1516 4727 1594 4802 Ro·
1644 4729 1703 4802 bic
1726 4733 1822 4802 dicit.
1874 4732 2033 4803 Primum
2064 4735 2224 4804 omnium
2255 4737 2359 4808 facite
2393 4742 2606 4832 precationes,

609 4869 679 4916 ma.
704 4842 758 4917 5.:
807 4838 987 4912 luctificati
1018 4837 1089 4906 fide
1123 4857 1243 4924 pacem
1277 4827 1459 4905 babemus.
1511 4831 1594 4902 Non
1645 4835 1845 4924 significans
1871 4836 1910 4903 id
1932 4859 2021 4926 opus
2050 4859 2123 4905 esse
2148 4837 2304 4925 primum
2327 4857 2360 4912 et
2390 4865 2560 4912 summum
2580 4841 2606 4906 in

542 5030 546 5038 ⁸
609 4946 705 5016 euim
736 4945 857 5016 accedi
887 4953 1002 5036 potest
1034 4939 1080 5008 acl
1109 4940 1220 5006 Deum
1256 4936 1332 5004 siue
1366 4932 1432 5005 hac
1466 4957 1595 5006 conso·
1645 4939 1829 5019 credente,
1866 4951 1899 5006 et
1919 4939 2106 5029 proprium
2127 4935 2304 5010 Ecclesiae
2326 4943 2411 5016 Dei.
2463 4943 2604 5016 Continet

608 5047 755 5119 latione·
1084 5079 1088 5084 ·
1645 5054 1761 5109 autem
1778 5033 1836 5109 hie
1851 5039 1950 5108 locus
1964 5039 2215 5130 amplissimam
2232 5045 2434 5114 doctrinam
2452 5047 2493 5114 dc
2510 5041 2604 5112 multis

712 5147 906 5240 Postquam
934 5156 1051 5214 autem
1088 5144 1133 5211 de
1170 5141 1402 5211 conversione
1437 5135 1595 5209 bominis
1645 5143 1769 5225 rebus,
1813 5142 1858 5211 de
1884 5141 2103 5232 precatione,
2140 5143 2184 5213 de
2207 5144 2383 5236 imperiis,
2429 5150 2473 5217 de
2501 5145 2604 5215 finibus

611 5251 845 5324 dictumest:
887 5244 1016 5320 deinde
1038 5245 1206 5315 usitatum
1231 5254 1281 5313 est
1308 5246 1438 5312 addere
1461 5243 1593 5312 doctri·
1645 5267 1706 5314 seu
1735 5243 1864 5314 olliciis
1888 5243 2141 5335 imperiorum,
2178 5245 2223 5314 de
2251 5250 2440 5319 vocatione
2471 5249 2601 5318 omniun

609 5377 693 5426 nam
714 5355 759 5423 de
780 5351 886 5422 bonis
907 5348 1094 5440 operibus,
1123 5369 1230 5440 quam
1250 5346 1403 5416 docendi
1425 5368 1526 5415 eausa
1556 5341 1593 5412 i‘n
1618 5331 1621 5380 t
1644 5342 1850 5435 hominum,
1874 5347 1958 5416 item
1976 5360 2098 5416 contra
2116 5345 2458 5448 προσωποληψίαν,
2487 5353 2559 5421 item
2573 5351 2601 5412 dc

609 5453 674 5527 ltas
695 5453 921 5550 quaestiones
949 5449 1137 5522 distribuo.
1189 5445 1326 5516 Prima:
1361 5444 1462 5534 Quae
1487 5469 1593 5536 opera
1618 5471 1621 5496 ¹
1643 5447 1848 5518 mediatore.
1916 5443 2055 5517 Deinde
2089 5464 2271 5542 praecepta
2303 5469 2338 5523 et
2371 5453 2600 5524 consolationes

608 5561 681 5630 sint
700 5557 874 5630 iacienda.
924 5552 1103 5625 Secunda:
1138 5545 1329 5635 Quomodo
1350 5548 1426 5617 fieri
1445 5548 1592 5637 possint.
1644 5549 1816 5620 matribus
1842 5552 2044 5622 traduntur.

609 5659 750 5732 Tertia:
791 5656 984 5748 Quomodo
1013 5653 1192 5744 placeant,
1232 5673 1314 5720 cum
1346 5650 1523 5743 reliquum
1553 5631 1620 5753 inf
1743 5649 1905 5721 Primum
1926 5666 2044 5721 autem
2074 5648 2132 5722 bic
2157 5653 2267 5724 lector
2294 5655 2470 5746 integram
2497 5653 2600 5726 doctri.

607 5760 977 5850 nobissi‘tpeccatum.
1028 5750 1180 5842 Quarta:
1201 5748 1354 5842 Propter
1370 5773 1457 5844 quas
1472 5773 1590 5820 cattsas
1615 5841 1616 5844 Ἴ
1641 5773 1724 5821 nam
1748 5755 1791 5822 de
1819 5753 2043 5824 invocatione
2069 5756 2163 5845 apud
2194 5778 2267 5825 sese
2297 5760 2447 5852 cogitet,
2488 5758 2598 5850 qutalen

604 5864 765 5934 facienda
780 5862 863 5935 sint.
915 5855 1068 5947 Quinta:
1099 5852 1209 5944 Quod
1226 5852 1272 5926 sit
1293 5855 1483 5925 discrimen
1508 5877 1588 5947 pcc·
1615 5859 1616 5864 ’
1641 5877 1713 5924 esse
1731 5853 1991 5928 invocationem
2010 5857 2048 5924 iu
2063 5853 2220 5929 Ecclesia
2244 5874 2415 5952 oporteat.
2468 5861 2597 5930 Princo
