<?xml version="1.0" encoding="UTF-8"?>
<!DOCTYPE html PUBLIC "-//W3C//DTD XHTML 1.0 Transitional//EN"
    "http://www.w3.org/TR/xhtml1/DTD/xhtml1-transitional.dtd">
<html xmlns="http://www.w3.org/1999/xhtml" xml:lang="en" lang="en">
 <head>
  <title>
</title>
<meta http-equiv="Content-Type" content="text/html;charset=utf-8" />
  <meta name='ocr-system' content='tesseract 3.04.00' />
  <meta name='ocr-capabilities' content='ocr_page ocr_carea ocr_par ocr_line ocrx_word'/>
</head>
<body>
  <div class='ocr_page' id='page_1' title='image "./philippimelanth08bindgoog_0138.png"; bbox 0 0 5825 6950; ppageno 0'>
   <div class='ocr_carea' id='block_1_1' title="bbox 303 689 2330 854">
    <p class='ocr_par' dir='ltr' id='par_1_1' title="bbox 303 689 2330 854">
     <span class='ocr_line' id='line_1_1' title="bbox 303 689 2330 854; baseline 0.001 -37"><span class='ocrx_word' id='word_1_1' title='bbox 303 740 363 817; x_wconf 82' lang='lat' dir='ltr'>rrs</span> <span class='ocrx_word' id='word_1_2' title='bbox 699 741 784 816; x_wconf 86' lang='lat' dir='ltr'>xa.</span> <span class='ocrx_word' id='word_1_3' title='bbox 835 735 1136 816; x_wconf 81' lang='lat' dir='ltr'>aaauuauo</span> <span class='ocrx_word' id='word_1_4' title='bbox 1164 738 1217 813; x_wconf 84' lang='lat' dir='ltr'>ru</span> <span class='ocrx_word' id='word_1_5' title='bbox 1241 703 1426 815; x_wconf 76' lang='lat' dir='ltr'>avano.</span> <span class='ocrx_word' id='word_1_6' title='bbox 1460 733 1676 854; x_wconf 72' lang='lat' dir='ltr'>ioannis</span> <span class='ocrx_word' id='word_1_7' title='bbox 1727 739 1835 814; x_wconf 83' lang='lat' dir='ltr'>car.</span> <span class='ocrx_word' id='word_1_8' title='bbox 1861 741 1927 818; x_wconf 84' lang='lat' dir='ltr'>ru.</span> <span class='ocrx_word' id='word_1_9' title='bbox 2032 689 2037 696; x_wconf 40' lang='lat'>⁶</span> <span class='ocrx_word' id='word_1_10' title='bbox 2254 745 2330 821; x_wconf 80' lang='lat' dir='ltr'>eso</span> 
     </span>
    </p>
   </div>
   <div class='ocr_carea' id='block_1_2' title="bbox 298 909 2374 1932">
    <p class='ocr_par' dir='ltr' id='par_1_2' title="bbox 298 909 2374 1932">
     <span class='ocr_line' id='line_1_2' title="bbox 308 909 2325 1006; baseline 0.002 -20"><span class='ocrx_word' id='word_1_11' title='bbox 308 912 483 988; x_wconf 72' lang='lat' dir='ltr'>Christum.</span> <span class='ocrx_word' id='word_1_12' title='bbox 544 912 616 987; x_wconf 86' lang='lat' dir='ltr'>Cui</span> <span class='ocrx_word' id='word_1_13' title='bbox 645 915 808 988; x_wconf 89' lang='lat' dir='ltr'>omnium</span> <span class='ocrx_word' id='word_1_14' title='bbox 830 915 1042 1002; x_wconf 86' lang='lat' dir='ltr'>electorum,</span> <span class='ocrx_word' id='word_1_15' title='bbox 1074 915 1150 986; x_wconf 90' lang='lat' dir='ltr'>ulla</span> <span class='ocrx_word' id='word_1_16' title='bbox 1173 926 1285 986; x_wconf 85' lang='lat' dir='ltr'>aetate</span> <span class='ocrx_word' id='word_1_17' title='bbox 1337 911 1415 998; x_wconf 81' lang='lat' dir='ltr'>tur,</span> <span class='ocrx_word' id='word_1_18' title='bbox 1440 929 1560 986; x_wconf 87' lang='lat' dir='ltr'>tamen</span> <span class='ocrx_word' id='word_1_19' title='bbox 1579 937 1652 984; x_wconf 87' lang='lat' dir='ltr'>esse</span> <span class='ocrx_word' id='word_1_20' title='bbox 1675 937 1780 1006; x_wconf 89' lang='lat' dir='ltr'>opera</span> <span class='ocrx_word' id='word_1_21' title='bbox 1800 909 1885 1004; x_wconf 90' lang='lat' dir='ltr'>Dei,</span> <span class='ocrx_word' id='word_1_22' title='bbox 1912 916 2002 989; x_wconf 91' lang='lat' dir='ltr'>sicut</span> <span class='ocrx_word' id='word_1_23' title='bbox 2017 911 2144 990; x_wconf 89' lang='lat' dir='ltr'>Esaiae</span> <span class='ocrx_word' id='word_1_24' title='bbox 2158 916 2221 995; x_wconf 86' lang='grc'>46.</span> <span class='ocrx_word' id='word_1_25' title='bbox 2236 922 2325 992; x_wconf 87' lang='lat' dir='ltr'>dici-</span> 
     </span>
     <span class='ocr_line' id='line_1_3' title="bbox 308 1013 2325 1118; baseline 0.004 -32"><span class='ocrx_word' id='word_1_26' title='bbox 308 1020 342 1086; x_wconf 85' lang='lat' dir='ltr'>ric</span> <span class='ocrx_word' id='word_1_27' title='bbox 364 1013 550 1090; x_wconf 75' lang='lat' dir='ltr'>exhibitae</span> <span class='ocrx_word' id='word_1_28' title='bbox 569 1033 655 1092; x_wconf 87' lang='lat' dir='ltr'>suut</span> <span class='ocrx_word' id='word_1_29' title='bbox 684 1033 756 1090; x_wconf 88' lang='lat' dir='ltr'>tres</span> <span class='ocrx_word' id='word_1_30' title='bbox 776 1043 949 1118; x_wconf 77' lang='lat' dir='ltr'>personae</span> <span class='ocrx_word' id='word_1_31' title='bbox 972 1019 1193 1103; x_wconf 84' lang='lat' dir='ltr'>divinitatis,</span> <span class='ocrx_word' id='word_1_32' title='bbox 1226 1018 1283 1086; x_wconf 91' lang='lat' dir='ltr'>di·</span> <span class='ocrx_word' id='word_1_33' title='bbox 1336 1031 1411 1088; x_wconf 89' lang='lat' dir='ltr'>tur:</span> <span class='ocrx_word' id='word_1_34' title='bbox 1449 1017 1523 1109; x_wconf 87' lang='lat' dir='ltr'>Qui</span> <span class='ocrx_word' id='word_1_35' title='bbox 1544 1019 1737 1112; x_wconf 73' lang='lat' dir='ltr'>portamini</span> <span class='ocrx_word' id='word_1_36' title='bbox 1762 1020 1799 1088; x_wconf 93' lang='lat' dir='ltr'>in</span> <span class='ocrx_word' id='word_1_37' title='bbox 1825 1034 1926 1090; x_wconf 82' lang='lat' dir='ltr'>utero</span> <span class='ocrx_word' id='word_1_38' title='bbox 1951 1045 2050 1108; x_wconf 91' lang='lat' dir='ltr'>meo,</span> <span class='ocrx_word' id='word_1_39' title='bbox 2083 1036 2117 1093; x_wconf 90' lang='lat' dir='ltr'>et</span> <span class='ocrx_word' id='word_1_40' title='bbox 2138 1024 2325 1112; x_wconf 81' lang='lat' dir='ltr'><strong>gestamini</strong></span> 
     </span>
     <span class='ocr_line' id='line_1_4' title="bbox 305 1115 2374 1218; baseline 0.003 -29"><span class='ocrx_word' id='word_1_41' title='bbox 305 1120 436 1190; x_wconf 81' lang='lat' dir='ltr'>stinctae</span> <span class='ocrx_word' id='word_1_42' title='bbox 451 1122 651 1213; x_wconf 86' lang='lat' dir='ltr'>perspicuis</span> <span class='ocrx_word' id='word_1_43' title='bbox 664 1121 958 1192; x_wconf 84' lang='lat' dir='ltr'>discriminibus?</span> <span class='ocrx_word' id='word_1_44' title='bbox 1008 1119 1086 1191; x_wconf 89' lang='lat' dir='ltr'>lrno</span> <span class='ocrx_word' id='word_1_45' title='bbox 1104 1115 1191 1190; x_wconf 88' lang='lat' dir='ltr'>haec</span> <span class='ocrx_word' id='word_1_46' title='bbox 1207 1121 1284 1212; x_wconf 89' lang='lat' dir='ltr'>ipsa</span> <span class='ocrx_word' id='word_1_47' title='bbox 1336 1121 1375 1189; x_wconf 92' lang='lat' dir='ltr'>in</span> <span class='ocrx_word' id='word_1_48' title='bbox 1399 1123 1480 1192; x_wconf 83' lang='lat' dir='ltr'>alvo</span> <span class='ocrx_word' id='word_1_49' title='bbox 1506 1145 1605 1207; x_wconf 87' lang='lat' dir='ltr'>mea,</span> <span class='ocrx_word' id='word_1_50' title='bbox 1639 1137 1857 1192; x_wconf 70' lang='lat' dir='ltr'>senescentes</span> <span class='ocrx_word' id='word_1_51' title='bbox 1879 1147 1941 1214; x_wconf 80' lang='lat' dir='ltr'>ego</span> <span class='ocrx_word' id='word_1_52' title='bbox 1965 1145 2029 1193; x_wconf 84' lang='lat' dir='ltr'>vos</span> <span class='ocrx_word' id='word_1_53' title='bbox 2052 1129 2221 1216; x_wconf 79' lang='lat' dir='ltr'>portabo,</span> <span class='ocrx_word' id='word_1_54' title='bbox 2259 1151 2325 1218; x_wconf 75' lang='lat' dir='ltr'>ego</span> <span class='ocrx_word' id='word_1_55' title='bbox 2368 1145 2374 1152; x_wconf 84' lang='lat'>·</span> 
     </span>
     <span class='ocr_line' id='line_1_5' title="bbox 302 1222 2323 1322; baseline 0.004 -30"><span class='ocrx_word' id='word_1_56' title='bbox 302 1223 458 1294; x_wconf 74' lang='lat' dir='ltr'>revelatio</span> <span class='ocrx_word' id='word_1_57' title='bbox 482 1224 720 1310; x_wconf 82' lang='lat' dir='ltr'>clarissimum</span> <span class='ocrx_word' id='word_1_58' title='bbox 744 1225 988 1296; x_wconf 85' lang='lat' dir='ltr'>testimonium</span> <span class='ocrx_word' id='word_1_59' title='bbox 1012 1238 1084 1318; x_wconf 83' lang='lat' dir='ltr'>est,</span> <span class='ocrx_word' id='word_1_60' title='bbox 1124 1223 1190 1296; x_wconf 90' lang='lat' dir='ltr'>toti</span> <span class='ocrx_word' id='word_1_61' title='bbox 1216 1222 1286 1296; x_wconf 85' lang='lat' dir='ltr'>Ec-</span> <span class='ocrx_word' id='word_1_62' title='bbox 1334 1224 1419 1304; x_wconf 84' lang='lat' dir='ltr'>leci,</span> <span class='ocrx_word' id='word_1_63' title='bbox 1446 1247 1509 1315; x_wconf 80' lang='lat' dir='ltr'>ego</span> <span class='ocrx_word' id='word_1_64' title='bbox 1525 1226 1686 1318; x_wconf 79' lang='lat' dir='ltr'>gestabo,</span> <span class='ocrx_word' id='word_1_65' title='bbox 1712 1247 1775 1316; x_wconf 81' lang='lat' dir='ltr'>ego</span> <span class='ocrx_word' id='word_1_66' title='bbox 1791 1226 1949 1302; x_wconf 77' lang='lat' dir='ltr'><strong>salvabo.</strong></span> <span class='ocrx_word' id='word_1_67' title='bbox 2001 1228 2088 1299; x_wconf 85' lang='lat' dir='ltr'>Item</span> <span class='ocrx_word' id='word_1_68' title='bbox 2107 1225 2234 1300; x_wconf 79' lang='lat' dir='ltr'>Esaiae</span> <span class='ocrx_word' id='word_1_69' title='bbox 2249 1253 2323 1322; x_wconf 85' lang='lat' dir='ltr'>cap.</span> 
     </span>
     <span class='ocr_line' id='line_1_6' title="bbox 300 1321 2337 1422; baseline 0.003 -26"><span class='ocrx_word' id='word_1_70' title='bbox 300 1327 413 1396; x_wconf 74' lang='lat' dir='ltr'>deciae</span> <span class='ocrx_word' id='word_1_71' title='bbox 443 1327 613 1398; x_wconf 89' lang='lat' dir='ltr'>omnium</span> <span class='ocrx_word' id='word_1_72' title='bbox 636 1341 854 1420; x_wconf 85' lang='lat' dir='ltr'>teroporum,</span> <span class='ocrx_word' id='word_1_73' title='bbox 893 1328 937 1398; x_wconf 86' lang='lat' dir='ltr'>de</span> <span class='ocrx_word' id='word_1_74' title='bbox 969 1327 1083 1398; x_wconf 88' lang='lat' dir='ltr'>tribus</span> <span class='ocrx_word' id='word_1_75' title='bbox 1112 1325 1284 1418; x_wconf 81' lang='lat' dir='ltr'>personis,</span> <span class='ocrx_word' id='word_1_76' title='bbox 1335 1321 1414 1403; x_wconf 78' lang='lat'><strong>51.=</strong></span> <span class='ocrx_word' id='word_1_77' title='bbox 1442 1327 1551 1397; x_wconf 83' lang='lat' dir='ltr'>Posui</span> <span class='ocrx_word' id='word_1_78' title='bbox 1567 1330 1672 1399; x_wconf 87' lang='lat' dir='ltr'>verba</span> <span class='ocrx_word' id='word_1_79' title='bbox 1690 1352 1766 1398; x_wconf 89' lang='lat' dir='ltr'>mea</span> <span class='ocrx_word' id='word_1_80' title='bbox 1784 1329 1821 1398; x_wconf 89' lang='lat' dir='ltr'>iu</span> <span class='ocrx_word' id='word_1_81' title='bbox 1837 1353 1899 1399; x_wconf 88' lang='lat' dir='ltr'>ore</span> <span class='ocrx_word' id='word_1_82' title='bbox 1922 1344 2004 1416; x_wconf 90' lang='lat' dir='ltr'>tuo,</span> <span class='ocrx_word' id='word_1_83' title='bbox 2039 1343 2079 1422; x_wconf 86' lang='lat' dir='ltr'>et</span> <span class='ocrx_word' id='word_1_84' title='bbox 2095 1333 2221 1402; x_wconf 88' lang='lat' dir='ltr'>umbra</span> <span class='ocrx_word' id='word_1_85' title='bbox 2245 1331 2337 1402; x_wconf 77' lang='lat' dir='ltr'>ma-‘</span> 
     </span>
     <span class='ocr_line' id='line_1_7' title="bbox 298 1424 2323 1529; baseline 0.003 -31"><span class='ocrx_word' id='word_1_86' title='bbox 298 1455 351 1500; x_wconf 87' lang='lat' dir='ltr'>cur</span> <span class='ocrx_word' id='word_1_87' title='bbox 362 1429 476 1520; x_wconf 77' lang='lat' dir='ltr'>igitur</span> <span class='ocrx_word' id='word_1_88' title='bbox 494 1424 556 1500; x_wconf 91' lang='lat' dir='ltr'>hic</span> <span class='ocrx_word' id='word_1_89' title='bbox 571 1431 713 1521; x_wconf 89' lang='lat' dir='ltr'>dicunt,</span> <span class='ocrx_word' id='word_1_90' title='bbox 740 1428 912 1501; x_wconf 70' lang='lat' dir='ltr'>{munem</span> <span class='ocrx_word' id='word_1_91' title='bbox 928 1453 1004 1500; x_wconf 87' lang='lat' dir='ltr'>nou</span> <span class='ocrx_word' id='word_1_92' title='bbox 1018 1431 1142 1501; x_wconf 85' lang='lat' dir='ltr'>fecisse</span> <span class='ocrx_word' id='word_1_93' title='bbox 1157 1429 1282 1520; x_wconf 79' lang='lat' dir='ltr'>signa?</span> <span class='ocrx_word' id='word_1_94' title='bbox 1335 1451 1404 1501; x_wconf 90' lang='lat' dir='ltr'>nus</span> <span class='ocrx_word' id='word_1_95' title='bbox 1422 1432 1672 1522; x_wconf 84' lang='lat' dir='ltr'>meaeprotexi</span> <span class='ocrx_word' id='word_1_96' title='bbox 1689 1445 1739 1516; x_wconf 87' lang='lat' dir='ltr'>te,</span> <span class='ocrx_word' id='word_1_97' title='bbox 1765 1444 1805 1502; x_wconf 91' lang='lat' dir='ltr'>ut</span> <span class='ocrx_word' id='word_1_98' title='bbox 1823 1432 1961 1529; x_wconf 89' lang='lat' dir='ltr'>plantes</span> <span class='ocrx_word' id='word_1_99' title='bbox 1975 1435 2102 1504; x_wconf 89' lang='lat' dir='ltr'>coelos.</span> <span class='ocrx_word' id='word_1_100' title='bbox 2145 1431 2215 1504; x_wconf 86' lang='lat' dir='ltr'>Hic</span> <span class='ocrx_word' id='word_1_101' title='bbox 2230 1434 2323 1505; x_wconf 89' lang='lat' dir='ltr'>clare</span> 
     </span>
     <span class='ocr_line' id='line_1_8' title="bbox 1334 1531 2323 1624; baseline 0.005 -21"><span class='ocrx_word' id='word_1_102' title='bbox 1334 1533 1483 1606; x_wconf 89' lang='lat' dir='ltr'>dicitur:</span> <span class='ocrx_word' id='word_1_103' title='bbox 1519 1531 1608 1624; x_wconf 79' lang='lat' dir='ltr'>Tagi</span> <span class='ocrx_word' id='word_1_104' title='bbox 1638 1535 1819 1606; x_wconf 89' lang='lat' dir='ltr'>ministros</span> <span class='ocrx_word' id='word_1_105' title='bbox 1841 1533 2025 1624; x_wconf 82' lang='lat' dir='ltr'>Evangelii</span> <span class='ocrx_word' id='word_1_106' title='bbox 2045 1538 2172 1609; x_wconf 88' lang='lat' dir='ltr'>umbra</span> <span class='ocrx_word' id='word_1_107' title='bbox 2196 1560 2323 1608; x_wconf 84' lang='lat' dir='ltr'>manus</span> 
     </span>
     <span class='ocr_line' id='line_1_9' title="bbox 1335 1637 2323 1734; baseline 0.004 -28"><span class='ocrx_word' id='word_1_108' title='bbox 1335 1637 1423 1722; x_wconf 88' lang='lat' dir='ltr'>Dei,</span> <span class='ocrx_word' id='word_1_109' title='bbox 1448 1651 1484 1708; x_wconf 86' lang='lat' dir='ltr'>et</span> <span class='ocrx_word' id='word_1_110' title='bbox 1498 1637 1642 1706; x_wconf 89' lang='lat' dir='ltr'>additur</span> <span class='ocrx_word' id='word_1_111' title='bbox 1657 1661 1756 1707; x_wconf 91' lang='lat' dir='ltr'>causa</span> <span class='ocrx_word' id='word_1_112' title='bbox 1774 1638 1905 1721; x_wconf 87' lang='lat' dir='ltr'>finalis,</span> <span class='ocrx_word' id='word_1_113' title='bbox 1931 1654 1971 1709; x_wconf 92' lang='lat' dir='ltr'>ut</span> <span class='ocrx_word' id='word_1_114' title='bbox 1986 1655 2153 1734; x_wconf 85' lang='lat' dir='ltr'>tanquam</span> <span class='ocrx_word' id='word_1_115' title='bbox 2171 1663 2323 1710; x_wconf 89' lang='lat' dir='ltr'>vernans</span> 
     </span>
     <span class='ocr_line' id='line_1_10' title="bbox 1333 1735 2322 1835; baseline 0.005 -27"><span class='ocrx_word' id='word_1_116' title='bbox 1333 1735 1480 1826; x_wconf 86' lang='lat' dir='ltr'>hortus,</span> <span class='ocrx_word' id='word_1_117' title='bbox 1513 1740 1602 1808; x_wconf 92' lang='lat' dir='ltr'>coeli</span> <span class='ocrx_word' id='word_1_118' title='bbox 1628 1755 1858 1812; x_wconf 81' lang='lat' dir='ltr'>conserantur</span> <span class='ocrx_word' id='word_1_119' title='bbox 1881 1743 1985 1812; x_wconf 85' lang='lat' dir='ltr'>novis</span> <span class='ocrx_word' id='word_1_120' title='bbox 2008 1744 2173 1835; x_wconf 83' lang='lat' dir='ltr'>plantis,</span> <span class='ocrx_word' id='word_1_121' title='bbox 2200 1743 2236 1812; x_wconf 89' lang='lat' dir='ltr'>id</span> <span class='ocrx_word' id='word_1_122' title='bbox 2259 1758 2322 1824; x_wconf 89' lang='lat' dir='ltr'>est,</span> 
     </span>
     <span class='ocr_line' id='line_1_11' title="bbox 1331 1833 2322 1932; baseline 0.003 -22"><span class='ocrx_word' id='word_1_123' title='bbox 1331 1843 1437 1911; x_wconf 90' lang='lat' dir='ltr'>multi</span> <span class='ocrx_word' id='word_1_124' title='bbox 1454 1845 1540 1912; x_wconf 88' lang='lat' dir='ltr'>liant</span> <span class='ocrx_word' id='word_1_125' title='bbox 1556 1837 1724 1912; x_wconf 88' lang='lat' dir='ltr'>haeredes</span> <span class='ocrx_word' id='word_1_126' title='bbox 1740 1833 1839 1932; x_wconf 68' lang='lat' dir='ltr'>regni</span> <span class='ocrx_word' id='word_1_127' title='bbox 1865 1845 2034 1916; x_wconf 85' lang='lat' dir='ltr'>coelestis.</span> <span class='ocrx_word' id='word_1_128' title='bbox 2096 1843 2182 1916; x_wconf 87' lang='lat' dir='ltr'>Vult</span> <span class='ocrx_word' id='word_1_129' title='bbox 2204 1858 2322 1916; x_wconf 90' lang='lat' dir='ltr'>autern</span> 
     </span>
    </p>
   </div>
   <div class='ocr_carea' id='block_1_3' title="bbox 297 1941 2322 2172">
    <p class='ocr_par' dir='ltr' id='par_1_3' title="bbox 297 1941 2322 2172">
     <span class='ocr_line' id='line_1_12' title="bbox 299 1941 2321 2069; baseline -0.008 -25"><span class='ocrx_word' id='word_1_130' title='bbox 299 1977 493 2047; x_wconf 73' lang='lat' dir='ltr'>abromum</span> <span class='ocrx_word' id='word_1_131' title='bbox 518 2001 646 2069; x_wconf 89' lang='lat' dir='ltr'>panem</span> <span class='ocrx_word' id='word_1_132' title='bbox 670 1992 731 2049; x_wconf 89' lang='lat' dir='ltr'>aut</span> <span class='ocrx_word' id='word_1_133' title='bbox 752 1978 889 2063; x_wconf 89' lang='lat' dir='ltr'>oleum,</span> <span class='ocrx_word' id='word_1_134' title='bbox 930 1992 970 2049; x_wconf 94' lang='lat' dir='ltr'>ut</span> <span class='ocrx_word' id='word_1_135' title='bbox 992 1974 1155 2051; x_wconf 87' lang='lat' dir='ltr'>Christus</span> <span class='ocrx_word' id='word_1_136' title='bbox 1182 1979 1281 2069; x_wconf 90' lang='lat' dir='ltr'>pavit</span> <span class='ocrx_word' id='word_1_137' title='bbox 1332 1941 1715 2066; x_wconf 58' lang='lat' dir='ltr'>D,⁰&#39;¹⁵h³⁰⁶bf¹¹⁰fi⁰i³</span> <span class='ocrx_word' id='word_1_138' title='bbox 1741 1945 1903 2036; x_wconf 53' lang='lat' dir='ltr'>”gnomis</span> <span class='ocrx_word' id='word_1_139' title='bbox 1936 1949 2024 2038; x_wconf 65' lang='lat' dir='ltr'>Pella</span> <span class='ocrx_word' id='word_1_140' title='bbox 2057 1960 2091 2066; x_wconf 58' lang='lat' dir='ltr'>{i</span> <span class='ocrx_word' id='word_1_141' title='bbox 2113 1948 2321 2039; x_wconf 58' lang='lat' dir='ltr'>praedicari·</span> 
     </span>
     <span class='ocr_line' id='line_1_13' title="bbox 297 2045 2322 2172; baseline -0.008 -25"><span class='ocrx_word' id='word_1_142' title='bbox 297 2080 424 2172; x_wconf 84' lang='lat' dir='ltr'>aliquot</span> <span class='ocrx_word' id='word_1_143' title='bbox 440 2079 576 2166; x_wconf 90' lang='lat' dir='ltr'>millia,</span> <span class='ocrx_word' id='word_1_144' title='bbox 601 2093 636 2150; x_wconf 88' lang='lat' dir='ltr'>et</span> <span class='ocrx_word' id='word_1_145' title='bbox 656 2077 756 2152; x_wconf 91' lang='lat' dir='ltr'>Elias</span> <span class='ocrx_word' id='word_1_146' title='bbox 781 2093 816 2150; x_wconf 88' lang='lat' dir='ltr'>et</span> <span class='ocrx_word' id='word_1_147' title='bbox 839 2079 1002 2152; x_wconf 89' lang='lat' dir='ltr'>Elisaeus</span> <span class='ocrx_word' id='word_1_148' title='bbox 1022 2081 1139 2151; x_wconf 86' lang='lat' dir='ltr'>viduis</span> <span class='ocrx_word' id='word_1_149' title='bbox 1159 2080 1278 2171; x_wconf 87' lang='lat' dir='ltr'>opitu·</span> <span class='ocrx_word' id='word_1_150' title='bbox 1315 2047 1391 2120; x_wconf 68' lang='lat'>‘3¹⁰</span> <span class='ocrx_word' id='word_1_151' title='bbox 1407 2071 1481 2117; x_wconf 69' lang='lat'>‘¹⁰¹¹</span> <span class='ocrx_word' id='word_1_152' title='bbox 1500 2049 1650 2118; x_wconf 72' lang='lat' dir='ltr'><strong>d⁰b¹¹¹m</strong></span> <span class='ocrx_word' id='word_1_153' title='bbox 1668 2061 1719 2118; x_wconf 63' lang='lat'>⁰⁸²</span> <span class='ocrx_word' id='word_1_154' title='bbox 1734 2063 1876 2139; x_wconf 67' lang='lat' dir='ltr'>9¹⁸⁰l&#39;i‘1&#39;</span> <span class='ocrx_word' id='word_1_155' title='bbox 1892 2064 2181 2143; x_wconf 77' lang='lat' dir='ltr'>propagallonem</span> <span class='ocrx_word' id='word_1_156' title='bbox 2196 2045 2322 2120; x_wconf 65' lang='lat' dir='ltr'>Evan-</span> 
     </span>
    </p>
   </div>
   <div class='ocr_carea' id='block_1_4' title="bbox 298 2147 2321 2379">
    <p class='ocr_par' dir='ltr' id='par_1_4' title="bbox 298 2147 2321 2379">
     <span class='ocr_line' id='line_1_14' title="bbox 298 2147 2320 2281; baseline -0.001 -31"><span class='ocrx_word' id='word_1_157' title='bbox 298 2182 353 2252; x_wconf 88' lang='lat' dir='ltr'>lati</span> <span class='ocrx_word' id='word_1_158' title='bbox 366 2196 458 2252; x_wconf 86' lang='lat' dir='ltr'>sunt.</span> <span class='ocrx_word' id='word_1_159' title='bbox 512 2180 611 2257; x_wconf 85' lang='lat' dir='ltr'>Haec</span> <span class='ocrx_word' id='word_1_160' title='bbox 623 2197 658 2254; x_wconf 88' lang='lat' dir='ltr'>et</span> <span class='ocrx_word' id='word_1_161' title='bbox 672 2183 801 2254; x_wconf 86' lang='lat' dir='ltr'>similia</span> <span class='ocrx_word' id='word_1_162' title='bbox 817 2185 1042 2281; x_wconf 89' lang='lat' dir='ltr'>particularia</span> <span class='ocrx_word' id='word_1_163' title='bbox 1060 2184 1278 2255; x_wconf 87' lang='lat' dir='ltr'>incurrentia</span> <span class='ocrx_word' id='word_1_164' title='bbox 1330 2151 1415 2242; x_wconf 64' lang='lat' dir='ltr'>S‘ffi</span> <span class='ocrx_word' id='word_1_165' title='bbox 1431 2147 1495 2220; x_wconf 54' lang='lat'>¹¹³⁵</span> <span class='ocrx_word' id='word_1_166' title='bbox 1522 2165 1657 2220; x_wconf 52' lang='lat' dir='ltr'>mmm</span> <span class='ocrx_word' id='word_1_167' title='bbox 1678 2153 1838 2239; x_wconf 43' lang='lat' dir='ltr'>“imm</span> <span class='ocrx_word' id='word_1_168' title='bbox 1860 2153 1897 2220; x_wconf 58' lang='lat'>5¹¹</span> <span class='ocrx_word' id='word_1_169' title='bbox 1922 2155 2042 2272; x_wconf 56' lang='grc' dir='ltr'>ΨΜ*</span> <span class='ocrx_word' id='word_1_170' title='bbox 2067 2152 2238 2273; x_wconf 52' lang='lat' dir='ltr'>iliricum</span> <span class='ocrx_word' id='word_1_171' title='bbox 2258 2153 2320 2220; x_wconf 71' lang='lat'>‘¹⁰’</span> 
     </span>
     <span class='ocr_line' id='line_1_15' title="bbox 302 2250 2321 2379; baseline 0 -29"><span class='ocrx_word' id='word_1_172' title='bbox 302 2285 336 2352; x_wconf 91' lang='lat' dir='ltr'>io</span> <span class='ocrx_word' id='word_1_173' title='bbox 355 2284 473 2354; x_wconf 91' lang='lat' dir='ltr'>oculos</span> <span class='ocrx_word' id='word_1_174' title='bbox 502 2285 665 2356; x_wconf 90' lang='lat' dir='ltr'>omnium</span> <span class='ocrx_word' id='word_1_175' title='bbox 690 2299 773 2357; x_wconf 90' lang='lat' dir='ltr'>sunt</span> <span class='ocrx_word' id='word_1_176' title='bbox 793 2287 913 2378; x_wconf 78' lang='lat' dir='ltr'>signa,</span> <span class='ocrx_word' id='word_1_177' title='bbox 955 2311 1045 2379; x_wconf 89' lang='lat' dir='ltr'>quae</span> <span class='ocrx_word' id='word_1_178' title='bbox 1067 2281 1279 2358; x_wconf 78' lang='lat' dir='ltr'>exhibentur</span> <span class='ocrx_word' id='word_1_179' title='bbox 1330 2257 1446 2323; x_wconf 66' lang='lat' dir='ltr'><strong>fffl⁸³⁸</strong></span> <span class='ocrx_word' id='word_1_180' title='bbox 1472 2279 1583 2326; x_wconf 39' lang='lat'>‘⁵⁸⁰⁰‘</span> <span class='ocrx_word' id='word_1_181' title='bbox 1614 2254 1681 2324; x_wconf 63' lang='grc' dir='ltr'>ΡΝ)</span> <span class='ocrx_word' id='word_1_182' title='bbox 1705 2250 1773 2324; x_wconf 52' lang='grc' dir='ltr'>ΜΕ</span> <span class='ocrx_word' id='word_1_183' title='bbox 1797 2257 1969 2324; x_wconf 70' lang='lat' dir='ltr'><strong>b⁰⁰⁰fi⁰¹⁰</strong></span> <span class='ocrx_word' id='word_1_184' title='bbox 1993 2271 2121 2344; x_wconf 57' lang='lat' dir='ltr'>braim</span> <span class='ocrx_word' id='word_1_185' title='bbox 2136 2252 2213 2325; x_wconf 57' lang='grc' dir='ltr'>ΠΕΟ</span> <span class='ocrx_word' id='word_1_186' title='bbox 2238 2277 2321 2344; x_wconf 61' lang='lat'>³8¹³·</span> 
     </span>
    </p>
   </div>
   <div class='ocr_carea' id='block_1_5' title="bbox 303 2357 2321 3304">
    <p class='ocr_par' dir='ltr' id='par_1_5' title="bbox 310 2357 2321 2562">
     <span class='ocr_line' id='line_1_16' title="bbox 310 2357 2321 2478; baseline 0.003 -22"><span class='ocrx_word' id='word_1_187' title='bbox 310 2401 435 2478; x_wconf 84' lang='lat' dir='ltr'>propter</span> <span class='ocrx_word' id='word_1_188' title='bbox 453 2386 635 2474; x_wconf 85' lang='lat' dir='ltr'>infideles,</span> <span class='ocrx_word' id='word_1_189' title='bbox 675 2403 714 2458; x_wconf 93' lang='lat' dir='ltr'>ut</span> <span class='ocrx_word' id='word_1_190' title='bbox 741 2391 774 2460; x_wconf 90' lang='lat'>1.</span> <span class='ocrx_word' id='word_1_191' title='bbox 795 2383 959 2465; x_wconf 86' lang='lat' dir='ltr'>Corinth.</span> <span class='ocrx_word' id='word_1_192' title='bbox 979 2387 1035 2460; x_wconf 87' lang='lat'>14.</span> <span class='ocrx_word' id='word_1_193' title='bbox 1048 2389 1204 2460; x_wconf 76' lang='lat' dir='ltr'>&#39;diciturt</span> <span class='ocrx_word' id='word_1_194' title='bbox 1237 2403 1278 2460; x_wconf 90' lang='lat' dir='ltr'>ut</span> <span class='ocrx_word' id='word_1_195' title='bbox 1330 2379 1428 2478; x_wconf 46' lang='grc' dir='ltr'>’ἴως’</span> <span class='ocrx_word' id='word_1_196' title='bbox 1455 2369 1661 2441; x_wconf 56' lang='lat' dir='ltr'>‘mem‘</span> <span class='ocrx_word' id='word_1_197' title='bbox 1689 2359 2139 2450; x_wconf 50' lang='grc' dir='ltr'>υἱΡΓΟΡΨΓῨΙΗΗΠῘ5111Ῑηῖ</span> <span class='ocrx_word' id='word_1_198' title='bbox 2157 2357 2321 2428; x_wconf 63' lang='lat' dir='ltr'>¹¹⁰⁸diu&#39;</span> 
     </span>
     <span class='ocr_line' id='line_1_17' title="bbox 318 2473 1587 2562; baseline 0.006 -8"><span class='ocrx_word' id='word_1_199' title='bbox 318 2489 453 2560; x_wconf 67' lang='lat' dir='ltr'>videlicet</span> <span class='ocrx_word' id='word_1_200' title='bbox 468 2490 561 2559; x_wconf 91' lang='lat' dir='ltr'>moti</span> <span class='ocrx_word' id='word_1_201' title='bbox 574 2485 632 2560; x_wconf 89' lang='lat' dir='ltr'>bis</span> <span class='ocrx_word' id='word_1_202' title='bbox 652 2491 863 2562; x_wconf 86' lang='lat' dir='ltr'>testimoniis</span> <span class='ocrx_word' id='word_1_203' title='bbox 883 2494 1122 2562; x_wconf 88' lang='lat' dir='ltr'>assentiantur</span> <span class='ocrx_word' id='word_1_204' title='bbox 1143 2493 1277 2562; x_wconf 88' lang='lat' dir='ltr'>doctri·</span> <span class='ocrx_word' id='word_1_205' title='bbox 1329 2476 1401 2530; x_wconf 75' lang='lat'><strong>¹¹⁰⁸</strong></span> <span class='ocrx_word' id='word_1_206' title='bbox 1417 2473 1587 2552; x_wconf 66' lang='lat' dir='ltr'><strong>P¹&#39;⁰¹‘3³¹·</strong></span> 
     </span>
    </p>

    <p class='ocr_par' dir='ltr' id='par_1_6' title="bbox 303 2579 2320 3304">
     <span class='ocr_line' id='line_1_18' title="bbox 321 2579 2320 2684; baseline -0.002 -34"><span class='ocrx_word' id='word_1_207' title='bbox 321 2615 390 2676; x_wconf 61' lang='lat' dir='ltr'>nx,</span> <span class='ocrx_word' id='word_1_208' title='bbox 413 2592 483 2662; x_wconf 63' lang='lat' dir='ltr'>ulia</span> <span class='ocrx_word' id='word_1_209' title='bbox 499 2594 600 2684; x_wconf 61' lang='lat' dir='ltr'>signa</span> <span class='ocrx_word' id='word_1_210' title='bbox 617 2617 692 2681; x_wconf 71' lang='lat' dir='ltr'>ii⁰¹¹</span> <span class='ocrx_word' id='word_1_211' title='bbox 709 2617 849 2664; x_wconf 65' lang='lat' dir='ltr'>necesse</span> <span class='ocrx_word' id='word_1_212' title='bbox 866 2608 917 2665; x_wconf 65' lang='lat' dir='ltr'>esc</span> <span class='ocrx_word' id='word_1_213' title='bbox 937 2597 982 2664; x_wconf 65' lang='lat' dir='ltr'>,b</span> <span class='ocrx_word' id='word_1_214' title='bbox 1004 2595 1172 2666; x_wconf 66' lang='lat' dir='ltr'>omnibus</span> <span class='ocrx_word' id='word_1_215' title='bbox 1195 2618 1275 2666; x_wconf 64' lang='lat' dir='ltr'>san.</span> <span class='ocrx_word' id='word_1_216' title='bbox 1431 2579 1536 2650; x_wconf 88' lang='lat' dir='ltr'>Talia</span> <span class='ocrx_word' id='word_1_217' title='bbox 1560 2581 1669 2670; x_wconf 83' lang='lat' dir='ltr'>igitur</span> <span class='ocrx_word' id='word_1_218' title='bbox 1690 2580 1859 2652; x_wconf 88' lang='lat' dir='ltr'>miracula</span> <span class='ocrx_word' id='word_1_219' title='bbox 1886 2593 2074 2680; x_wconf 88' lang='lat' dir='ltr'>perpetuae</span> <span class='ocrx_word' id='word_1_220' title='bbox 2104 2579 2320 2652; x_wconf 80' lang='lat' dir='ltr'>defensionis</span> 
     </span>
     <span class='ocr_line' id='line_1_19' title="bbox 315 2680 2320 2788; baseline 0.004 -26"><span class='ocrx_word' id='word_1_221' title='bbox 315 2694 366 2762; x_wconf 86' lang='lat' dir='ltr'>ctis</span> <span class='ocrx_word' id='word_1_222' title='bbox 378 2693 455 2778; x_wconf 83' lang='lat' dir='ltr'>fieri,</span> <span class='ocrx_word' id='word_1_223' title='bbox 468 2719 538 2766; x_wconf 92' lang='lat' dir='ltr'>nec</span> <span class='ocrx_word' id='word_1_224' title='bbox 554 2710 694 2788; x_wconf 88' lang='lat' dir='ltr'>possent</span> <span class='ocrx_word' id='word_1_225' title='bbox 710 2692 802 2768; x_wconf 88' lang='lat' dir='ltr'>hanc</span> <span class='ocrx_word' id='word_1_226' title='bbox 817 2713 993 2770; x_wconf 83' lang='lat' dir='ltr'>externam</span> <span class='ocrx_word' id='word_1_227' title='bbox 1008 2698 1156 2786; x_wconf 82' lang='lat' dir='ltr'>gloriam</span> <span class='ocrx_word' id='word_1_228' title='bbox 1173 2698 1277 2770; x_wconf 92' lang='lat' dir='ltr'>multi</span> <span class='ocrx_word' id='word_1_229' title='bbox 1330 2681 1840 2776; x_wconf 63' lang='lat' dir='ltr'>qu⁰1id5²fi¹¹¹¹¹issEc⁰¹0⁵322</span> <span class='ocrx_word' id='word_1_230' title='bbox 1876 2699 1909 2754; x_wconf 66' lang='lat' dir='ltr'>‘l</span> <span class='ocrx_word' id='word_1_231' title='bbox 1931 2685 2042 2756; x_wconf 86' lang='lat' dir='ltr'>multa</span> <span class='ocrx_word' id='word_1_232' title='bbox 2069 2680 2320 2776; x_wconf 62' lang='lat' dir='ltr'>PrecibfflEi·</span> 
     </span>
     <span class='ocr_line' id='line_1_20' title="bbox 309 2783 2320 2893; baseline -0 -39"><span class='ocrx_word' id='word_1_233' title='bbox 309 2797 481 2883; x_wconf 61' lang='lat' dir='ltr'>sustinete,</span> <span class='ocrx_word' id='word_1_234' title='bbox 523 2799 600 2868; x_wconf 66' lang='lat' dir='ltr'>gine</span> <span class='ocrx_word' id='word_1_235' title='bbox 632 2800 809 2893; x_wconf 70' lang='lat' dir='ltr'>superbia,</span> <span class='ocrx_word' id='word_1_236' title='bbox 877 2799 947 2871; x_wconf 71' lang='lat' dir='ltr'>Sed</span> <span class='ocrx_word' id='word_1_237' title='bbox 976 2803 1044 2872; x_wconf 63' lang='lat' dir='ltr'>aliq</span> <span class='ocrx_word' id='word_1_238' title='bbox 1068 2815 1151 2870; x_wconf 69' lang='lat' dir='ltr'>sunt</span> <span class='ocrx_word' id='word_1_239' title='bbox 1176 2802 1274 2892; x_wconf 68' lang='lat' dir='ltr'>signa</span> <span class='ocrx_word' id='word_1_240' title='bbox 1329 2786 1453 2856; x_wconf 75' lang='lat' dir='ltr'>tiesiae</span> <span class='ocrx_word' id='word_1_241' title='bbox 1479 2789 1668 2860; x_wconf 76' lang='lat' dir='ltr'>donantur.</span> <span class='ocrx_word' id='word_1_242' title='bbox 1728 2785 1812 2858; x_wconf 69' lang='lat' dir='ltr'>ideo</span> <span class='ocrx_word' id='word_1_243' title='bbox 1836 2787 1955 2882; x_wconf 84' lang='lat' dir='ltr'>inquil</span> <span class='ocrx_word' id='word_1_244' title='bbox 1975 2783 2158 2876; x_wconf 82' lang='lat' dir='ltr'>Christus,</span> <span class='ocrx_word' id='word_1_245' title='bbox 2186 2785 2320 2854; x_wconf 67' lang='lat' dir='ltr'>maiora</span> 
     </span>
     <span class='ocr_line' id='line_1_21' title="bbox 308 2888 2319 2995; baseline -0.008 -23"><span class='ocrx_word' id='word_1_246' title='bbox 308 2899 402 2968; x_wconf 83' lang='lat' dir='ltr'>multo</span> <span class='ocrx_word' id='word_1_247' title='bbox 417 2901 573 2986; x_wconf 85' lang='lat' dir='ltr'>maiora,</span> <span class='ocrx_word' id='word_1_248' title='bbox 605 2926 679 2972; x_wconf 89' lang='lat' dir='ltr'>non</span> <span class='ocrx_word' id='word_1_249' title='bbox 694 2903 910 2974; x_wconf 88' lang='lat' dir='ltr'>incurrentia</span> <span class='ocrx_word' id='word_1_250' title='bbox 934 2905 972 2972; x_wconf 91' lang='lat' dir='ltr'>in</span> <span class='ocrx_word' id='word_1_251' title='bbox 994 2905 1117 2974; x_wconf 89' lang='lat' dir='ltr'>oculos</span> <span class='ocrx_word' id='word_1_252' title='bbox 1141 2903 1276 2995; x_wconf 89' lang='lat' dir='ltr'>populi,</span> <span class='ocrx_word' id='word_1_253' title='bbox 1329 2891 1482 2960; x_wconf 89' lang='lat' dir='ltr'>facturos</span> <span class='ocrx_word' id='word_1_254' title='bbox 1499 2890 1712 2982; x_wconf 86' lang='lat' dir='ltr'>Apostolos,</span> <span class='ocrx_word' id='word_1_255' title='bbox 1739 2889 1870 2961; x_wconf 90' lang='lat' dir='ltr'>scilicet</span> <span class='ocrx_word' id='word_1_256' title='bbox 1889 2914 1994 2984; x_wconf 90' lang='lat' dir='ltr'>quam</span> <span class='ocrx_word' id='word_1_257' title='bbox 2021 2890 2080 2959; x_wconf 86' lang='lat' dir='ltr'>illa</span> <span class='ocrx_word' id='word_1_258' title='bbox 2099 2888 2319 2958; x_wconf 88' lang='lat' dir='ltr'>incurrentia</span> 
     </span>
     <span class='ocr_line' id='line_1_22' title="bbox 306 2985 2320 3096; baseline -0.005 -28"><span class='ocrx_word' id='word_1_259' title='bbox 306 3027 380 3096; x_wconf 88' lang='lat' dir='ltr'>quae</span> <span class='ocrx_word' id='word_1_260' title='bbox 400 3003 812 3075; x_wconf 83' lang='lat' dir='ltr'>universaliterliuntin</span> <span class='ocrx_word' id='word_1_261' title='bbox 827 3001 1005 3093; x_wconf 82' lang='lat' dir='ltr'>Ecclesia,</span> <span class='ocrx_word' id='word_1_262' title='bbox 1034 3020 1075 3077; x_wconf 93' lang='lat' dir='ltr'>ut</span> <span class='ocrx_word' id='word_1_263' title='bbox 1097 3031 1190 3076; x_wconf 86' lang='lat' dir='ltr'>nova</span> <span class='ocrx_word' id='word_1_264' title='bbox 1216 3005 1275 3074; x_wconf 82' lang='lat' dir='ltr'>lux</span> <span class='ocrx_word' id='word_1_265' title='bbox 1329 2993 1367 3060; x_wconf 70' lang='lat'>5¹¹</span> <span class='ocrx_word' id='word_1_266' title='bbox 1390 2991 1663 3083; x_wconf 62' lang='lat' dir='ltr'><strong>0⁰U¹⁰⁵P⁰P¹¹¹b</strong></span> <span class='ocrx_word' id='word_1_267' title='bbox 1713 2991 1915 3074; x_wconf 66' lang='lat' dir='ltr'>P⁰iiffl¹¹⁰2</span> <span class='ocrx_word' id='word_1_268' title='bbox 1941 2991 2081 3082; x_wconf 73' lang='lat' dir='ltr'>Patres,</span> <span class='ocrx_word' id='word_1_269' title='bbox 2110 2985 2320 3084; x_wconf 88' lang='lat' dir='ltr'>Prophetae,</span> 
     </span>
     <span class='ocr_line' id='line_1_23' title="bbox 305 3091 2319 3199; baseline 0 -39"><span class='ocrx_word' id='word_1_270' title='bbox 305 3105 333 3172; x_wconf 75' lang='lat' dir='ltr'>in</span> <span class='ocrx_word' id='word_1_271' title='bbox 346 3107 510 3176; x_wconf 67' lang='lat' dir='ltr'>cordibus</span> <span class='ocrx_word' id='word_1_272' title='bbox 526 3105 687 3197; x_wconf 63' lang='lat' dir='ltr'>pio&#39;mm,</span> <span class='ocrx_word' id='word_1_273' title='bbox 721 3107 810 3177; x_wconf 62' lang='lat' dir='ltr'>alias</span> <span class='ocrx_word' id='word_1_274' title='bbox 831 3109 961 3199; x_wconf 60' lang='lat' dir='ltr'>magis,</span> <span class='ocrx_word' id='word_1_275' title='bbox 986 3109 1074 3180; x_wconf 68' lang='lat' dir='ltr'>alias</span> <span class='ocrx_word' id='word_1_276' title='bbox 1097 3108 1275 3180; x_wconf 65' lang='lat' dir='ltr'>minugss.</span> <span class='ocrx_word' id='word_1_277' title='bbox 1328 3094 1511 3184; x_wconf 69' lang='grc' dir='ltr'>ΑΡΟΒῙΟῙῙ,</span> <span class='ocrx_word' id='word_1_278' title='bbox 1539 3096 1644 3164; x_wconf 78' lang='lat' dir='ltr'>eliam</span> <span class='ocrx_word' id='word_1_279' title='bbox 1664 3095 1857 3182; x_wconf 81' lang='lat' dir='ltr'>singularia</span> <span class='ocrx_word' id='word_1_280' title='bbox 1879 3094 2081 3166; x_wconf 81' lang='lat' dir='ltr'>testimonia</span> <span class='ocrx_word' id='word_1_281' title='bbox 2106 3091 2319 3164; x_wconf 78' lang='lat' dir='ltr'>habuerunl·</span> 
     </span>
     <span class='ocr_line' id='line_1_24' title="bbox 303 3191 2320 3304; baseline 0.004 -31"><span class='ocrx_word' id='word_1_282' title='bbox 303 3207 419 3276; x_wconf 84' lang='lat' dir='ltr'>lustris.</span> <span class='ocrx_word' id='word_1_283' title='bbox 471 3207 543 3279; x_wconf 87' lang='lat' dir='ltr'>Sed</span> <span class='ocrx_word' id='word_1_284' title='bbox 559 3223 676 3280; x_wconf 87' lang='lat' dir='ltr'>tarneu</span> <span class='ocrx_word' id='word_1_285' title='bbox 692 3234 882 3282; x_wconf 90' lang='lat' dir='ltr'>commune</span> <span class='ocrx_word' id='word_1_286' title='bbox 898 3206 967 3282; x_wconf 84' lang='lat' dir='ltr'>hoc</span> <span class='ocrx_word' id='word_1_287' title='bbox 982 3226 1046 3295; x_wconf 86' lang='lat' dir='ltr'>est,</span> <span class='ocrx_word' id='word_1_288' title='bbox 1071 3209 1276 3304; x_wconf 85' lang='lat' dir='ltr'>quod-Pau·</span> <span class='ocrx_word' id='word_1_289' title='bbox 1328 3193 1465 3281; x_wconf 60' lang='lat' dir='ltr'>Adam,</span> <span class='ocrx_word' id='word_1_290' title='bbox 1495 3195 1590 3276; x_wconf 69' lang='lat' dir='ltr'>N0&#39;0&#39;r</span> <span class='ocrx_word' id='word_1_291' title='bbox 1618 3191 1826 3282; x_wconf 54' lang='lat' dir='ltr'>Abraham,</span> <span class='ocrx_word' id='word_1_292' title='bbox 1846 3195 1985 3281; x_wconf 63' lang='grc' dir='ltr'><strong>Μῡὸθδ,</strong></span> <span class='ocrx_word' id='word_1_293' title='bbox 2011 3198 2118 3266; x_wconf 60' lang='lat'><strong>‘1³¹5</strong></span> <span class='ocrx_word' id='word_1_294' title='bbox 2137 3195 2240 3267; x_wconf 57' lang='lat' dir='ltr'>“¹¹¹¹st</span> <span class='ocrx_word' id='word_1_295' title='bbox 2257 3220 2320 3264; x_wconf 78' lang='lat' dir='ltr'>V0·</span> 
     </span>
    </p>
   </div>
   <div class='ocr_carea' id='block_1_6' title="bbox 303 1563 1282 1961">
    <p class='ocr_par' dir='ltr' id='par_1_7' title="bbox 303 1563 1282 1961">
     <span class='ocr_line' id='line_1_25' title="bbox 385 1563 1278 1658; baseline 0 -21"><span class='ocrx_word' id='word_1_296' title='bbox 385 1563 625 1657; x_wconf 82' lang='lat' dir='ltr'>llespondeo:</span> <span class='ocrx_word' id='word_1_297' title='bbox 651 1565 760 1656; x_wconf 78' lang='lat' dir='ltr'>Signa</span> <span class='ocrx_word' id='word_1_298' title='bbox 776 1565 929 1658; x_wconf 89' lang='lat' dir='ltr'>duplicia</span> <span class='ocrx_word' id='word_1_299' title='bbox 945 1579 1048 1651; x_wconf 89' lang='lat' dir='ltr'>suut,</span> <span class='ocrx_word' id='word_1_300' title='bbox 1073 1567 1141 1635; x_wconf 91' lang='lat' dir='ltr'>alia</span> <span class='ocrx_word' id='word_1_301' title='bbox 1157 1567 1278 1637; x_wconf 89' lang='lat' dir='ltr'>incur-</span> 
     </span>
     <span class='ocr_line' id='line_1_26' title="bbox 306 1669 1282 1762; baseline 0.003 -25"><span class='ocrx_word' id='word_1_302' title='bbox 306 1669 402 1738; x_wconf 81' lang='lat' dir='ltr'>rentia</span> <span class='ocrx_word' id='word_1_303' title='bbox 417 1671 457 1737; x_wconf 90' lang='lat' dir='ltr'>in</span> <span class='ocrx_word' id='word_1_304' title='bbox 473 1669 619 1756; x_wconf 90' lang='lat' dir='ltr'>oculos,</span> <span class='ocrx_word' id='word_1_305' title='bbox 645 1683 678 1739; x_wconf 92' lang='lat' dir='ltr'>et</span> <span class='ocrx_word' id='word_1_306' title='bbox 694 1692 815 1739; x_wconf 89' lang='lat' dir='ltr'>sensus</span> <span class='ocrx_word' id='word_1_307' title='bbox 831 1669 972 1762; x_wconf 91' lang='lat' dir='ltr'>populi,</span> <span class='ocrx_word' id='word_1_308' title='bbox 997 1671 1086 1740; x_wconf 84' lang='lat' dir='ltr'>lacta</span> <span class='ocrx_word' id='word_1_309' title='bbox 1109 1669 1282 1740; x_wconf 90' lang='lat' dir='ltr'>divinitus</span> 
     </span>
     <span class='ocr_line' id='line_1_27' title="bbox 306 1773 1281 1868; baseline 0.001 -28"><span class='ocrx_word' id='word_1_310' title='bbox 306 1795 395 1862; x_wconf 87' lang='lat' dir='ltr'>supra</span> <span class='ocrx_word' id='word_1_311' title='bbox 419 1795 650 1841; x_wconf 88' lang='lat' dir='ltr'>communem</span> <span class='ocrx_word' id='word_1_312' title='bbox 675 1787 821 1842; x_wconf 91' lang='lat' dir='ltr'>naturae</span> <span class='ocrx_word' id='word_1_313' title='bbox 851 1774 1033 1854; x_wconf 85' lang='lat' dir='ltr'>ordinem,</span> <span class='ocrx_word' id='word_1_314' title='bbox 1071 1786 1112 1843; x_wconf 91' lang='lat' dir='ltr'>ut</span> <span class='ocrx_word' id='word_1_315' title='bbox 1131 1773 1281 1868; x_wconf 82' lang='lat' dir='ltr'>excitare</span> 
     </span>
     <span class='ocr_line' id='line_1_28' title="bbox 303 1874 1279 1961; baseline 0.002 -19"><span class='ocrx_word' id='word_1_316' title='bbox 303 1888 468 1958; x_wconf 85' lang='lat' dir='ltr'>mortuos,</span> <span class='ocrx_word' id='word_1_317' title='bbox 503 1874 655 1945; x_wconf 88' lang='lat' dir='ltr'>reddere</span> <span class='ocrx_word' id='word_1_318' title='bbox 676 1875 791 1944; x_wconf 88' lang='lat' dir='ltr'>visum</span> <span class='ocrx_word' id='word_1_319' title='bbox 815 1899 936 1961; x_wconf 83' lang='lat' dir='ltr'>caeco,</span> <span class='ocrx_word' id='word_1_320' title='bbox 978 1878 1117 1945; x_wconf 88' lang='lat' dir='ltr'>assiduo</span> <span class='ocrx_word' id='word_1_321' title='bbox 1150 1875 1279 1944; x_wconf 86' lang='lat' dir='ltr'>sarcire</span> 
     </span>
    </p>
   </div>
   <div class='ocr_carea' id='block_1_7' title="bbox 302 3296 2450 3406">
    <p class='ocr_par' dir='ltr' id='par_1_8' title="bbox 302 3296 2450 3406">
     <span class='ocr_line' id='line_1_29' title="bbox 302 3296 2450 3406; baseline 0.003 -30"><span class='ocrx_word' id='word_1_322' title='bbox 302 3309 345 3378; x_wconf 80' lang='lat' dir='ltr'>lus</span> <span class='ocrx_word' id='word_1_323' title='bbox 358 3311 461 3381; x_wconf 89' lang='lat' dir='ltr'>dicit:</span> <span class='ocrx_word' id='word_1_324' title='bbox 489 3307 684 3406; x_wconf 75' lang='lat' dir='ltr'>decepistis</span> <span class='ocrx_word' id='word_1_325' title='bbox 704 3313 868 3405; x_wconf 81' lang='lat' dir='ltr'>spiritum</span> <span class='ocrx_word' id='word_1_326' title='bbox 884 3313 1086 3402; x_wconf 90' lang='lat' dir='ltr'>adoptionis</span> <span class='ocrx_word' id='word_1_327' title='bbox 1108 3313 1276 3393; x_wconf 87' lang='lat' dir='ltr'>liliorum,</span> <span class='ocrx_word' id='word_1_328' title='bbox 1329 3300 1397 3368; x_wconf 68' lang='lat' dir='ltr'>cali</span> <span class='ocrx_word' id='word_1_329' title='bbox 1419 3313 1501 3368; x_wconf 70' lang='lat' dir='ltr'>sunl</span> <span class='ocrx_word' id='word_1_330' title='bbox 1523 3297 1667 3391; x_wconf 67' lang='lat' dir='ltr'>propria</span> <span class='ocrx_word' id='word_1_331' title='bbox 1687 3323 1772 3368; x_wconf 73' lang='lat' dir='ltr'>voce</span> <span class='ocrx_word' id='word_1_332' title='bbox 1792 3297 1869 3371; x_wconf 67' lang='lat' dir='ltr'>Dei·</span> <span class='ocrx_word' id='word_1_333' title='bbox 1922 3297 2049 3368; x_wconf 65' lang='lat' dir='ltr'>loanni</span> <span class='ocrx_word' id='word_1_334' title='bbox 2072 3297 2170 3370; x_wconf 64' lang='lat' dir='ltr'>Deus</span> <span class='ocrx_word' id='word_1_335' title='bbox 2193 3296 2319 3366; x_wconf 61' lang='lat' dir='ltr'>dimi·</span> <span class='ocrx_word' id='word_1_336' title='bbox 2444 3377 2450 3388; x_wconf 85' lang='lat'><em>‚</em></span> 
     </span>
    </p>
   </div>
   <div class='ocr_carea' id='block_1_8' title="bbox 299 3399 2320 3510">
    <p class='ocr_par' dir='ltr' id='par_1_9' title="bbox 299 3399 2320 3510">
     <span class='ocr_line' id='line_1_30' title="bbox 299 3399 2320 3510; baseline -0 -42"><span class='ocrx_word' id='word_1_337' title='bbox 299 3437 358 3505; x_wconf 70' lang='lat' dir='ltr'>quo</span> <span class='ocrx_word' id='word_1_338' title='bbox 389 3415 583 3487; x_wconf 55' lang='lat' dir='ltr'>clamamus</span> <span class='ocrx_word' id='word_1_339' title='bbox 613 3411 718 3487; x_wconf 57' lang='lat' dir='ltr'>Abba</span> <span class='ocrx_word' id='word_1_340' title='bbox 747 3429 857 3510; x_wconf 58' lang='lat' dir='ltr'>parer,</span> <span class='ocrx_word' id='word_1_341' title='bbox 917 3414 1025 3499; x_wconf 65' lang='lat' dir='ltr'>trem,</span> <span class='ocrx_word' id='word_1_342' title='bbox 1057 3411 1189 3489; x_wconf 65' lang='lat' dir='ltr'>unctio</span> <span class='ocrx_word' id='word_1_343' title='bbox 1212 3439 1277 3486; x_wconf 61' lang='lat' dir='ltr'>vos</span> <span class='ocrx_word' id='word_1_344' title='bbox 1330 3425 1411 3471; x_wconf 90' lang='lat' dir='ltr'>meu</span> <span class='ocrx_word' id='word_1_345' title='bbox 1425 3401 1559 3472; x_wconf 89' lang='lat' dir='ltr'>clarum</span> <span class='ocrx_word' id='word_1_346' title='bbox 1580 3421 1811 3494; x_wconf 87' lang='lat' dir='ltr'>personarum</span> <span class='ocrx_word' id='word_1_347' title='bbox 1829 3401 1995 3474; x_wconf 91' lang='lat' dir='ltr'>ostendit.</span> <span class='ocrx_word' id='word_1_348' title='bbox 2038 3399 2169 3470; x_wconf 87' lang='lat' dir='ltr'>Paulus</span> <span class='ocrx_word' id='word_1_349' title='bbox 2186 3401 2223 3468; x_wconf 94' lang='lat' dir='ltr'>in</span> <span class='ocrx_word' id='word_1_350' title='bbox 2240 3422 2320 3469; x_wconf 90' lang='lat' dir='ltr'>coe-</span> 
     </span>
    </p>
   </div>
   <div class='ocr_carea' id='block_1_9' title="bbox 296 3498 2321 3815">
    <p class='ocr_par' dir='ltr' id='par_1_10' title="bbox 296 3498 2321 3815">
     <span class='ocr_line' id='line_1_31' title="bbox 297 3498 2319 3609; baseline -0.006 -25"><span class='ocrx_word' id='word_1_351' title='bbox 297 3522 397 3589; x_wconf 85' lang='lat' dir='ltr'>docet.</span> <span class='ocrx_word' id='word_1_352' title='bbox 449 3514 718 3591; x_wconf 70' lang='lat' dir='ltr'>Fiuntethaec</span> <span class='ocrx_word' id='word_1_353' title='bbox 739 3520 838 3609; x_wconf 73' lang='lat' dir='ltr'>signa</span> <span class='ocrx_word' id='word_1_354' title='bbox 862 3518 966 3609; x_wconf 79' lang='lat' dir='ltr'>longe</span> <span class='ocrx_word' id='word_1_355' title='bbox 987 3518 1158 3599; x_wconf 65' lang='lat' dir='ltr'>maxima,</span> <span class='ocrx_word' id='word_1_356' title='bbox 1191 3542 1277 3589; x_wconf 67' lang='lat' dir='ltr'>voce</span> <span class='ocrx_word' id='word_1_357' title='bbox 1328 3506 1403 3575; x_wconf 91' lang='lat' dir='ltr'>lum</span> <span class='ocrx_word' id='word_1_358' title='bbox 1420 3519 1541 3598; x_wconf 83' lang='lat' dir='ltr'>raptus</span> <span class='ocrx_word' id='word_1_359' title='bbox 1557 3518 1619 3580; x_wconf 89' lang='lat' dir='ltr'>est.</span> <span class='ocrx_word' id='word_1_360' title='bbox 1671 3502 1768 3575; x_wconf 87' lang='lat' dir='ltr'>Haec</span> <span class='ocrx_word' id='word_1_361' title='bbox 1784 3504 1986 3576; x_wconf 89' lang='lat' dir='ltr'>testimonia</span> <span class='ocrx_word' id='word_1_362' title='bbox 2010 3504 2140 3577; x_wconf 88' lang='lat' dir='ltr'>talibus</span> <span class='ocrx_word' id='word_1_363' title='bbox 2163 3498 2319 3574; x_wconf 81' lang='lat' dir='ltr'>exhibita</span> 
     </span>
     <span class='ocr_line' id='line_1_32' title="bbox 297 3608 2320 3701; baseline -0.007 -13"><span class='ocrx_word' id='word_1_364' title='bbox 297 3634 324 3688; x_wconf 85' lang='lat' dir='ltr'>et</span> <span class='ocrx_word' id='word_1_365' title='bbox 347 3619 545 3692; x_wconf 85' lang='lat' dir='ltr'>ministerio</span> <span class='ocrx_word' id='word_1_366' title='bbox 573 3616 763 3692; x_wconf 83' lang='lat' dir='ltr'>hominurn</span> <span class='ocrx_word' id='word_1_367' title='bbox 789 3622 893 3692; x_wconf 72' lang='lat' dir='ltr'>multi</span> <span class='ocrx_word' id='word_1_368' title='bbox 913 3624 957 3691; x_wconf 79' lang='lat' dir='ltr'>ad</span> <span class='ocrx_word' id='word_1_369' title='bbox 984 3619 1100 3692; x_wconf 73' lang='lat' dir='ltr'>Deum</span> <span class='ocrx_word' id='word_1_370' title='bbox 1127 3646 1276 3693; x_wconf 68' lang='lat' dir='ltr'>conver.</span> <span class='ocrx_word' id='word_1_371' title='bbox 1328 3622 1431 3689; x_wconf 91' lang='lat' dir='ltr'>sunt,</span> <span class='ocrx_word' id='word_1_372' title='bbox 1457 3622 1497 3679; x_wconf 91' lang='lat' dir='ltr'>ut</span> <span class='ocrx_word' id='word_1_373' title='bbox 1513 3622 1681 3701; x_wconf 89' lang='lat' dir='ltr'>tanquam</span> <span class='ocrx_word' id='word_1_374' title='bbox 1699 3610 1859 3681; x_wconf 74' lang='lat' dir='ltr'>doctoms</span> <span class='ocrx_word' id='word_1_375' title='bbox 1884 3608 2012 3679; x_wconf 91' lang='lat' dir='ltr'>maiori</span> <span class='ocrx_word' id='word_1_376' title='bbox 2037 3610 2115 3678; x_wconf 90' lang='lat' dir='ltr'>luce</span> <span class='ocrx_word' id='word_1_377' title='bbox 2141 3609 2320 3677; x_wconf 87' lang='lat' dir='ltr'>donaren-</span> 
     </span>
     <span class='ocr_line' id='line_1_33' title="bbox 296 3705 2321 3815; baseline -0 -27"><span class='ocrx_word' id='word_1_378' title='bbox 296 3735 428 3813; x_wconf 85' lang='lat' dir='ltr'>tuutur,</span> <span class='ocrx_word' id='word_1_379' title='bbox 467 3723 561 3796; x_wconf 90' lang='lat' dir='ltr'>sicut</span> <span class='ocrx_word' id='word_1_380' title='bbox 581 3721 692 3797; x_wconf 85' lang='lat' dir='ltr'>Rom.</span> <span class='ocrx_word' id='word_1_381' title='bbox 718 3727 749 3795; x_wconf 88' lang='lat'>1.</span> <span class='ocrx_word' id='word_1_382' title='bbox 772 3724 919 3795; x_wconf 90' lang='lat' dir='ltr'>dicitur:</span> <span class='ocrx_word' id='word_1_383' title='bbox 959 3718 1195 3815; x_wconf 80' lang='lat' dir='ltr'>Evangelium</span> <span class='ocrx_word' id='word_1_384' title='bbox 1225 3738 1277 3796; x_wconf 90' lang='lat' dir='ltr'>est</span> <span class='ocrx_word' id='word_1_385' title='bbox 1330 3725 1405 3797; x_wconf 68' lang='lat' dir='ltr'>inf,</span> <span class='ocrx_word' id='word_1_386' title='bbox 1438 3725 1474 3782; x_wconf 65' lang='lat' dir='ltr'>el</span> <span class='ocrx_word' id='word_1_387' title='bbox 1496 3724 1791 3802; x_wconf 67' lang='lat' dir='ltr'>Pt0⁵1l¹¹100r11m</span> <span class='ocrx_word' id='word_1_388' title='bbox 1814 3711 2017 3783; x_wconf 70' lang='lat' dir='ltr'>testimonia</span> <span class='ocrx_word' id='word_1_389' title='bbox 2051 3706 2167 3783; x_wconf 71' lang='lat' dir='ltr'>nobis·</span> <span class='ocrx_word' id='word_1_390' title='bbox 2229 3705 2321 3779; x_wconf 66' lang='lat' dir='ltr'>Uni·</span> 
     </span>
    </p>
   </div>
   <div class='ocr_carea' id='block_1_10' title="bbox 296 3822 1276 4123">
    <p class='ocr_par' dir='ltr' id='par_1_11' title="bbox 296 3822 1276 4123">
     <span class='ocr_line' id='line_1_34' title="bbox 297 3822 1276 3917; baseline 0.004 -24"><span class='ocrx_word' id='word_1_391' title='bbox 297 3824 442 3917; x_wconf 85' lang='lat' dir='ltr'>potentia</span> <span class='ocrx_word' id='word_1_392' title='bbox 464 3822 533 3896; x_wconf 87' lang='lat' dir='ltr'>Dei</span> <span class='ocrx_word' id='word_1_393' title='bbox 563 3827 608 3896; x_wconf 91' lang='lat' dir='ltr'>ad</span> <span class='ocrx_word' id='word_1_394' title='bbox 634 3826 784 3898; x_wconf 87' lang='lat' dir='ltr'>salutern</span> <span class='ocrx_word' id='word_1_395' title='bbox 809 3827 910 3898; x_wconf 89' lang='lat' dir='ltr'>omui</span> <span class='ocrx_word' id='word_1_396' title='bbox 941 3829 1111 3900; x_wconf 89' lang='lat' dir='ltr'>credenti.</span> <span class='ocrx_word' id='word_1_397' title='bbox 1173 3825 1276 3914; x_wconf 87' lang='lat' dir='ltr'>Item,</span> 
     </span>
     <span class='ocr_line' id='line_1_35' title="bbox 296 3922 1276 4018; baseline 0.006 -25"><span class='ocrx_word' id='word_1_398' title='bbox 296 3922 433 4018; x_wconf 81' lang='lat' dir='ltr'>Propter</span> <span class='ocrx_word' id='word_1_399' title='bbox 446 3923 643 3999; x_wconf 86' lang='lat' dir='ltr'>Ecclesiam</span> <span class='ocrx_word' id='word_1_400' title='bbox 660 3929 873 4000; x_wconf 88' lang='lat' dir='ltr'>mirabiliter</span> <span class='ocrx_word' id='word_1_401' title='bbox 894 3943 1082 4002; x_wconf 86' lang='lat' dir='ltr'>servantur</span> <span class='ocrx_word' id='word_1_402' title='bbox 1097 3952 1137 3999; x_wconf 89' lang='lat' dir='ltr'>ac</span> <span class='ocrx_word' id='word_1_403' title='bbox 1152 3932 1276 4001; x_wconf 86' lang='lat' dir='ltr'>delen-</span> 
     </span>
     <span class='ocr_line' id='line_1_36' title="bbox 296 4028 1176 4123; baseline 0.016 -28"><span class='ocrx_word' id='word_1_404' title='bbox 296 4028 419 4101; x_wconf 83' lang='lat' dir='ltr'>luntur</span> <span class='ocrx_word' id='word_1_405' title='bbox 433 4032 567 4104; x_wconf 88' lang='lat' dir='ltr'>multae</span> <span class='ocrx_word' id='word_1_406' title='bbox 582 4034 729 4118; x_wconf 87' lang='lat' dir='ltr'>domus,</span> <span class='ocrx_word' id='word_1_407' title='bbox 754 4034 878 4118; x_wconf 90' lang='lat' dir='ltr'>urbes,</span> <span class='ocrx_word' id='word_1_408' title='bbox 903 4032 1084 4123; x_wconf 81' lang='lat' dir='ltr'>regiones,</span> <span class='ocrx_word' id='word_1_409' title='bbox 1109 4047 1176 4109; x_wconf 85' lang='lat' dir='ltr'>etc.</span> 
     </span>
    </p>
   </div>
   <div class='ocr_carea' id='block_1_11' title="bbox 290 4162 1277 5490">
    <p class='ocr_par' dir='ltr' id='par_1_12' title="bbox 290 4162 1277 5490">
     <span class='ocr_line' id='line_1_37' title="bbox 380 4162 1277 4259; baseline -0.001 -20"><span class='ocrx_word' id='word_1_410' title='bbox 380 4162 475 4239; x_wconf 87' lang='lat' dir='ltr'>Cum</span> <span class='ocrx_word' id='word_1_411' title='bbox 486 4164 665 4240; x_wconf 80' lang='lat' dir='ltr'>lsraiilitae</span> <span class='ocrx_word' id='word_1_412' title='bbox 681 4167 749 4239; x_wconf 89' lang='lat' dir='ltr'>iter</span> <span class='ocrx_word' id='word_1_413' title='bbox 761 4168 917 4238; x_wconf 85' lang='lat' dir='ltr'>facerent</span> <span class='ocrx_word' id='word_1_414' title='bbox 930 4192 993 4259; x_wconf 89' lang='lat' dir='ltr'>per</span> <span class='ocrx_word' id='word_1_415' title='bbox 1003 4192 1100 4239; x_wconf 88' lang='lat' dir='ltr'>mare</span> <span class='ocrx_word' id='word_1_416' title='bbox 1114 4171 1277 4256; x_wconf 88' lang='lat' dir='ltr'>rubrum,</span> 
     </span>
     <span class='ocr_line' id='line_1_38' title="bbox 294 4266 1275 4363; baseline 0.012 -32"><span class='ocrx_word' id='word_1_417' title='bbox 294 4268 453 4342; x_wconf 75' lang='lat' dir='ltr'>ridebant</span> <span class='ocrx_word' id='word_1_418' title='bbox 463 4294 555 4362; x_wconf 92' lang='lat' dir='ltr'>opus</span> <span class='ocrx_word' id='word_1_419' title='bbox 568 4266 636 4339; x_wconf 85' lang='lat' dir='ltr'>Dei</span> <span class='ocrx_word' id='word_1_420' title='bbox 651 4268 877 4352; x_wconf 88' lang='lat' dir='ltr'>mirandum,</span> <span class='ocrx_word' id='word_1_421' title='bbox 905 4272 967 4340; x_wconf 86' lang='lat' dir='ltr'>scd</span> <span class='ocrx_word' id='word_1_422' title='bbox 988 4294 1113 4353; x_wconf 79' lang='lat' dir='ltr'>revera</span> <span class='ocrx_word' id='word_1_423' title='bbox 1137 4296 1275 4363; x_wconf 82' lang='lat' dir='ltr'>semper</span> 
     </span>
     <span class='ocr_line' id='line_1_39' title="bbox 298 4368 1275 4465; baseline 0.005 -26"><span class='ocrx_word' id='word_1_424' title='bbox 298 4370 337 4439; x_wconf 77' lang='lat' dir='ltr'>sic</span> <span class='ocrx_word' id='word_1_425' title='bbox 349 4372 547 4465; x_wconf 72' lang='lat' dir='ltr'>protegitur</span> <span class='ocrx_word' id='word_1_426' title='bbox 570 4368 746 4452; x_wconf 82' lang='lat' dir='ltr'>Ecclesia,</span> <span class='ocrx_word' id='word_1_427' title='bbox 778 4373 853 4443; x_wconf 91' lang='lat' dir='ltr'>imo</span> <span class='ocrx_word' id='word_1_428' title='bbox 877 4374 1009 4464; x_wconf 77' lang='lat' dir='ltr'>singuli</span> <span class='ocrx_word' id='word_1_429' title='bbox 1034 4374 1103 4463; x_wconf 90' lang='lat' dir='ltr'>pii,</span> <span class='ocrx_word' id='word_1_430' title='bbox 1137 4375 1275 4447; x_wconf 88' lang='lat' dir='ltr'>etiamsi</span> 
     </span>
     <span class='ocr_line' id='line_1_40' title="bbox 300 4474 1274 4564; baseline 0.009 -26"><span class='ocrx_word' id='word_1_431' title='bbox 300 4494 354 4544; x_wconf 89' lang='lat' dir='ltr'>roo</span> <span class='ocrx_word' id='word_1_432' title='bbox 377 4476 532 4547; x_wconf 89' lang='lat' dir='ltr'>incurrit</span> <span class='ocrx_word' id='word_1_433' title='bbox 555 4476 594 4544; x_wconf 88' lang='lat' dir='ltr'>in</span> <span class='ocrx_word' id='word_1_434' title='bbox 616 4474 739 4547; x_wconf 70' lang='lat' dir='ltr'>mulos</span> <span class='ocrx_word' id='word_1_435' title='bbox 764 4479 891 4547; x_wconf 90' lang='lat' dir='ltr'>modos</span> <span class='ocrx_word' id='word_1_436' title='bbox 913 4477 1152 4564; x_wconf 85' lang='lat' dir='ltr'>defensionis,</span> <span class='ocrx_word' id='word_1_437' title='bbox 1193 4503 1274 4547; x_wconf 89' lang='lat' dir='ltr'>cum</span> 
     </span>
     <span class='ocr_line' id='line_1_41' title="bbox 293 4574 1275 4666; baseline 0.007 -23"><span class='ocrx_word' id='word_1_438' title='bbox 293 4574 377 4666; x_wconf 70' lang='lat' dir='ltr'>,igar</span> <span class='ocrx_word' id='word_1_439' title='bbox 390 4578 589 4649; x_wconf 87' lang='lat' dir='ltr'>discederet</span> <span class='ocrx_word' id='word_1_440' title='bbox 605 4602 645 4650; x_wconf 81' lang='lat' dir='ltr'>er</span> <span class='ocrx_word' id='word_1_441' title='bbox 661 4580 771 4648; x_wconf 86' lang='lat' dir='ltr'>domo</span> <span class='ocrx_word' id='word_1_442' title='bbox 786 4574 971 4664; x_wconf 77' lang='lat' dir='ltr'>Abrahae,</span> <span class='ocrx_word' id='word_1_443' title='bbox 1002 4602 1075 4649; x_wconf 90' lang='lat' dir='ltr'>una</span> <span class='ocrx_word' id='word_1_444' title='bbox 1097 4605 1178 4650; x_wconf 91' lang='lat' dir='ltr'>cum</span> <span class='ocrx_word' id='word_1_445' title='bbox 1199 4581 1275 4650; x_wconf 84' lang='lat' dir='ltr'>lilio</span> 
     </span>
     <span class='ocr_line' id='line_1_42' title="bbox 291 4676 1274 4764; baseline 0.005 -19"><span class='ocrx_word' id='word_1_446' title='bbox 291 4676 428 4764; x_wconf 72' lang='lat' dir='ltr'>ismael,</span> <span class='ocrx_word' id='word_1_447' title='bbox 460 4680 588 4751; x_wconf 86' lang='lat' dir='ltr'>misera</span> <span class='ocrx_word' id='word_1_448' title='bbox 612 4680 751 4751; x_wconf 87' lang='lat' dir='ltr'>errabat</span> <span class='ocrx_word' id='word_1_449' title='bbox 766 4680 805 4749; x_wconf 90' lang='lat' dir='ltr'>in</span> <span class='ocrx_word' id='word_1_450' title='bbox 822 4682 912 4751; x_wconf 89' lang='lat' dir='ltr'>locis</span> <span class='ocrx_word' id='word_1_451' title='bbox 932 4683 1099 4762; x_wconf 83' lang='lat' dir='ltr'>desertis,</span> <span class='ocrx_word' id='word_1_452' title='bbox 1136 4696 1170 4753; x_wconf 91' lang='lat' dir='ltr'>et</span> <span class='ocrx_word' id='word_1_453' title='bbox 1193 4706 1274 4753; x_wconf 89' lang='lat' dir='ltr'>cum</span> 
     </span>
     <span class='ocr_line' id='line_1_43' title="bbox 290 4782 1274 4879; baseline 0.008 -32"><span class='ocrx_word' id='word_1_454' title='bbox 290 4782 339 4850; x_wconf 82' lang='lat' dir='ltr'>siti</span> <span class='ocrx_word' id='word_1_455' title='bbox 353 4808 445 4873; x_wconf 90' lang='lat' dir='ltr'>pene</span> <span class='ocrx_word' id='word_1_456' title='bbox 457 4797 642 4853; x_wconf 83' lang='lat' dir='ltr'>consumta</span> <span class='ocrx_word' id='word_1_457' title='bbox 658 4798 758 4867; x_wconf 88' lang='lat' dir='ltr'>esset,</span> <span class='ocrx_word' id='word_1_458' title='bbox 784 4783 928 4853; x_wconf 89' lang='lat' dir='ltr'>tandem</span> <span class='ocrx_word' id='word_1_459' title='bbox 941 4785 1153 4879; x_wconf 87' lang='lat' dir='ltr'>lacrymanti</span> <span class='ocrx_word' id='word_1_460' title='bbox 1169 4810 1274 4855; x_wconf 90' lang='lat' dir='ltr'>mon·</span> 
     </span>
     <span class='ocr_line' id='line_1_44' title="bbox 290 4883 1273 4980; baseline 0.006 -29"><span class='ocrx_word' id='word_1_461' title='bbox 290 4902 412 4957; x_wconf 67' lang='lat' dir='ltr'>stratur</span> <span class='ocrx_word' id='word_1_462' title='bbox 435 4888 530 4958; x_wconf 70' lang='lat' dir='ltr'>lona</span> <span class='ocrx_word' id='word_1_463' title='bbox 582 4883 682 4957; x_wconf 80' lang='lat' dir='ltr'>llaec</span> <span class='ocrx_word' id='word_1_464' title='bbox 700 4886 841 4959; x_wconf 83' lang='lat' dir='ltr'>audivit</span> <span class='ocrx_word' id='word_1_465' title='bbox 865 4888 1069 4980; x_wconf 85' lang='lat' dir='ltr'>loquentem</span> <span class='ocrx_word' id='word_1_466' title='bbox 1090 4888 1273 4978; x_wconf 70' lang='lat' dir='ltr'>angelum:</span> 
     </span>
     <span class='ocr_line' id='line_1_45' title="bbox 292 4982 1275 5082; baseline 0.006 -27"><span class='ocrx_word' id='word_1_467' title='bbox 292 4988 343 5055; x_wconf 81' lang='lat' dir='ltr'>red</span> <span class='ocrx_word' id='word_1_468' title='bbox 362 4982 572 5073; x_wconf 74' lang='lat' dir='ltr'>Elisabeth,</span> <span class='ocrx_word' id='word_1_469' title='bbox 597 4986 735 5074; x_wconf 84' lang='lat' dir='ltr'>Maria,</span> <span class='ocrx_word' id='word_1_470' title='bbox 763 5004 798 5060; x_wconf 89' lang='lat' dir='ltr'>et</span> <span class='ocrx_word' id='word_1_471' title='bbox 812 4992 944 5062; x_wconf 90' lang='lat' dir='ltr'>multae</span> <span class='ocrx_word' id='word_1_472' title='bbox 964 4988 1099 5060; x_wconf 88' lang='lat' dir='ltr'>similes</span> <span class='ocrx_word' id='word_1_473' title='bbox 1120 4991 1275 5082; x_wconf 80' lang='lat' dir='ltr'>virgines</span> 
     </span>
     <span class='ocr_line' id='line_1_46' title="bbox 292 5092 1274 5179; baseline 0.007 -24"><span class='ocrx_word' id='word_1_474' title='bbox 292 5102 322 5156; x_wconf 86' lang='lat' dir='ltr'>et</span> <span class='ocrx_word' id='word_1_475' title='bbox 347 5106 529 5163; x_wconf 86' lang='lat' dir='ltr'>matronae</span> <span class='ocrx_word' id='word_1_476' title='bbox 557 5092 723 5162; x_wconf 78' lang='lat' dir='ltr'>defensae</span> <span class='ocrx_word' id='word_1_477' title='bbox 759 5106 844 5163; x_wconf 88' lang='lat' dir='ltr'>sunt</span> <span class='ocrx_word' id='word_1_478' title='bbox 867 5092 1101 5179; x_wconf 87' lang='lat' dir='ltr'>mirabiliter,</span> <span class='ocrx_word' id='word_1_479' title='bbox 1137 5094 1274 5164; x_wconf 88' lang='lat' dir='ltr'>etiamsi</span> 
     </span>
     <span class='ocr_line' id='line_1_47' title="bbox 293 5194 1274 5285; baseline 0.008 -27"><span class='ocrx_word' id='word_1_480' title='bbox 293 5194 563 5279; x_wconf 79' lang='lat' dir='ltr'>considerant,</span> <span class='ocrx_word' id='word_1_481' title='bbox 602 5194 658 5263; x_wconf 84' lang='lat' dir='ltr'>vel</span> <span class='ocrx_word' id='word_1_482' title='bbox 690 5197 882 5265; x_wconf 87' lang='lat' dir='ltr'>audierunt</span> <span class='ocrx_word' id='word_1_483' title='bbox 903 5195 1066 5285; x_wconf 71' lang='lat' dir='ltr'>angelos,</span> <span class='ocrx_word' id='word_1_484' title='bbox 1106 5220 1187 5266; x_wconf 90' lang='lat' dir='ltr'>eum</span> <span class='ocrx_word' id='word_1_485' title='bbox 1208 5196 1274 5266; x_wconf 92' lang='lat' dir='ltr'>illo</span> 
     </span>
     <span class='ocr_line' id='line_1_48' title="bbox 296 5294 1274 5387; baseline 0.006 -26"><span class='ocrx_word' id='word_1_486' title='bbox 296 5294 487 5369; x_wconf 82' lang='lat' dir='ltr'>turbulento</span> <span class='ocrx_word' id='word_1_487' title='bbox 532 5310 694 5387; x_wconf 88' lang='lat' dir='ltr'>tempore</span> <span class='ocrx_word' id='word_1_488' title='bbox 731 5298 866 5369; x_wconf 85' lang='lat' dir='ltr'>assidui</span> <span class='ocrx_word' id='word_1_489' title='bbox 902 5298 1075 5370; x_wconf 82' lang='lat' dir='ltr'>exercitus</span> <span class='ocrx_word' id='word_1_490' title='bbox 1104 5296 1274 5380; x_wconf 85' lang='lat' dir='ltr'>Romani,</span> 
     </span>
     <span class='ocr_line' id='line_1_49' title="bbox 298 5388 1249 5490; baseline 0.013 -27"><span class='ocrx_word' id='word_1_491' title='bbox 298 5388 457 5479; x_wconf 81' lang='lat' dir='ltr'>Parthici,</span> <span class='ocrx_word' id='word_1_492' title='bbox 483 5396 683 5471; x_wconf 86' lang='lat' dir='ltr'>Herodiani</span> <span class='ocrx_word' id='word_1_493' title='bbox 702 5414 915 5490; x_wconf 68' lang='lat' dir='ltr'>vagarentur</span> <span class='ocrx_word' id='word_1_494' title='bbox 932 5400 969 5468; x_wconf 89' lang='lat' dir='ltr'>in</span> <span class='ocrx_word' id='word_1_495' title='bbox 985 5416 1076 5472; x_wconf 87' lang='lat' dir='ltr'>terra</span> <span class='ocrx_word' id='word_1_496' title='bbox 1093 5399 1249 5477; x_wconf 83' lang='lat' dir='ltr'>ludaico.</span> 
     </span>
    </p>
   </div>
   <div class='ocr_carea' id='block_1_12' title="bbox 301 5533 1274 6041">
    <p class='ocr_par' dir='ltr' id='par_1_13' title="bbox 301 5533 1274 6041">
     <span class='ocr_line' id='line_1_50' title="bbox 384 5533 1274 5625; baseline 0.008 -22"><span class='ocrx_word' id='word_1_497' title='bbox 384 5533 468 5604; x_wconf 90' lang='lat' dir='ltr'>ldeo</span> <span class='ocrx_word' id='word_1_498' title='bbox 490 5547 627 5616; x_wconf 90' lang='lat' dir='ltr'>autem,</span> <span class='ocrx_word' id='word_1_499' title='bbox 672 5533 852 5607; x_wconf 90' lang='lat' dir='ltr'>interdurn</span> <span class='ocrx_word' id='word_1_500' title='bbox 886 5536 1015 5605; x_wconf 85' lang='lat' dir='ltr'>modus</span> <span class='ocrx_word' id='word_1_501' title='bbox 1046 5538 1274 5625; x_wconf 80' lang='lat' dir='ltr'>defensionis,</span> 
     </span>
     <span class='ocr_line' id='line_1_51' title="bbox 301 5636 1274 5733; baseline 0.009 -30"><span class='ocrx_word' id='word_1_502' title='bbox 301 5636 378 5705; x_wconf 87' lang='lat' dir='ltr'>utin</span> <span class='ocrx_word' id='word_1_503' title='bbox 392 5637 479 5706; x_wconf 92' lang='lat' dir='ltr'>mari</span> <span class='ocrx_word' id='word_1_504' title='bbox 496 5640 625 5723; x_wconf 92' lang='lat' dir='ltr'>rubro,</span> <span class='ocrx_word' id='word_1_505' title='bbox 651 5650 686 5709; x_wconf 91' lang='lat' dir='ltr'>et</span> <span class='ocrx_word' id='word_1_506' title='bbox 707 5638 788 5707; x_wconf 91' lang='lat' dir='ltr'>aliis</span> <span class='ocrx_word' id='word_1_507' title='bbox 803 5638 982 5711; x_wconf 86' lang='lat' dir='ltr'>inusitatis</span> <span class='ocrx_word' id='word_1_508' title='bbox 1000 5641 1169 5731; x_wconf 84' lang='lat' dir='ltr'>exemplis</span> <span class='ocrx_word' id='word_1_509' title='bbox 1188 5667 1274 5733; x_wconf 89' lang='lat' dir='ltr'>pro-</span> 
     </span>
     <span class='ocr_line' id='line_1_52' title="bbox 301 5739 1273 5833; baseline 0.009 -27"><span class='ocrx_word' id='word_1_510' title='bbox 301 5739 429 5825; x_wconf 85' lang='lat' dir='ltr'>ponitur</span> <span class='ocrx_word' id='word_1_511' title='bbox 442 5742 726 5833; x_wconf 88' lang='lat' dir='ltr'>conspiciendus,</span> <span class='ocrx_word' id='word_1_512' title='bbox 751 5755 790 5813; x_wconf 92' lang='lat' dir='ltr'>ut</span> <span class='ocrx_word' id='word_1_513' title='bbox 806 5740 954 5811; x_wconf 90' lang='lat' dir='ltr'>sciamus</span> <span class='ocrx_word' id='word_1_514' title='bbox 969 5740 1161 5813; x_wconf 87' lang='lat' dir='ltr'>Ecclesiam</span> <span class='ocrx_word' id='word_1_515' title='bbox 1180 5768 1273 5815; x_wconf 88' lang='lat' dir='ltr'>sem-</span> 
     </span>
     <span class='ocr_line' id='line_1_53' title="bbox 302 5840 1272 5939; baseline 0.005 -27"><span class='ocrx_word' id='word_1_516' title='bbox 302 5860 381 5923; x_wconf 68' lang='lat' dir='ltr'>pera</span> <span class='ocrx_word' id='word_1_517' title='bbox 397 5840 470 5913; x_wconf 85' lang='lat' dir='ltr'>lleo</span> <span class='ocrx_word' id='word_1_518' title='bbox 496 5844 635 5937; x_wconf 78' lang='lat' dir='ltr'>protegi</span> <span class='ocrx_word' id='word_1_519' title='bbox 656 5856 690 5913; x_wconf 90' lang='lat' dir='ltr'>et</span> <span class='ocrx_word' id='word_1_520' title='bbox 714 5843 868 5929; x_wconf 84' lang='lat' dir='ltr'>servari,</span> <span class='ocrx_word' id='word_1_521' title='bbox 899 5858 935 5914; x_wconf 87' lang='lat' dir='ltr'>et</span> <span class='ocrx_word' id='word_1_522' title='bbox 958 5844 1186 5939; x_wconf 89' lang='lat' dir='ltr'>quotidianas</span> <span class='ocrx_word' id='word_1_523' title='bbox 1210 5848 1272 5917; x_wconf 89' lang='lat' dir='ltr'>dc-</span> 
     </span>
     <span class='ocr_line' id='line_1_54' title="bbox 307 5936 1272 6041; baseline 0.006 -29"><span class='ocrx_word' id='word_1_524' title='bbox 307 5936 477 6033; x_wconf 80' lang='lat' dir='ltr'>lusiones,</span> <span class='ocrx_word' id='word_1_525' title='bbox 502 5969 709 6041; x_wconf 87' lang='lat' dir='ltr'>quanquam</span> <span class='ocrx_word' id='word_1_526' title='bbox 726 5946 764 6015; x_wconf 92' lang='lat' dir='ltr'>in</span> <span class='ocrx_word' id='word_1_527' title='bbox 781 5946 831 6016; x_wconf 89' lang='lat' dir='ltr'>eis</span> <span class='ocrx_word' id='word_1_528' title='bbox 846 5946 972 6017; x_wconf 88' lang='lat' dir='ltr'>modus</span> <span class='ocrx_word' id='word_1_529' title='bbox 994 5970 1069 6017; x_wconf 93' lang='lat' dir='ltr'>non</span> <span class='ocrx_word' id='word_1_530' title='bbox 1093 5950 1272 6040; x_wconf 91' lang='lat' dir='ltr'>conspici-</span> 
     </span>
    </p>
   </div>
   <div class='ocr_carea' id='block_1_13' title="bbox 1329 3809 2321 4114">
    <p class='ocr_par' dir='ltr' id='par_1_14' title="bbox 1329 3809 2321 4114">
     <span class='ocr_line' id='line_1_55' title="bbox 1329 3809 2321 3905; baseline -0.006 -22"><span class='ocrx_word' id='word_1_531' title='bbox 1329 3837 1428 3886; x_wconf 85' lang='lat' dir='ltr'>rersa</span> <span class='ocrx_word' id='word_1_532' title='bbox 1443 3812 1600 3885; x_wconf 88' lang='lat' dir='ltr'>Ecclesia</span> <span class='ocrx_word' id='word_1_533' title='bbox 1618 3814 1717 3885; x_wconf 90' lang='lat' dir='ltr'>omni</span> <span class='ocrx_word' id='word_1_534' title='bbox 1743 3828 1902 3905; x_wconf 88' lang='lat' dir='ltr'>tempore</span> <span class='ocrx_word' id='word_1_535' title='bbox 1918 3827 1997 3905; x_wconf 87' lang='lat' dir='ltr'>post</span> <span class='ocrx_word' id='word_1_536' title='bbox 2014 3812 2157 3884; x_wconf 90' lang='lat' dir='ltr'>Ioannis</span> <span class='ocrx_word' id='word_1_537' title='bbox 2179 3809 2321 3903; x_wconf 89' lang='lat' dir='ltr'>praedi-</span> 
     </span>
     <span class='ocr_line' id='line_1_56' title="bbox 1329 3914 2321 4003; baseline -0.007 -16"><span class='ocrx_word' id='word_1_538' title='bbox 1329 3917 1502 3989; x_wconf 91' lang='lat' dir='ltr'>cationem</span> <span class='ocrx_word' id='word_1_539' title='bbox 1530 3914 1760 3999; x_wconf 86' lang='lat' dir='ltr'>confirmatur</span> <span class='ocrx_word' id='word_1_540' title='bbox 1784 3916 1985 3989; x_wconf 87' lang='lat' dir='ltr'>testimonio</span> <span class='ocrx_word' id='word_1_541' title='bbox 2009 3917 2104 4003; x_wconf 89' lang='lat' dir='ltr'>eius,</span> <span class='ocrx_word' id='word_1_542' title='bbox 2137 3918 2181 3985; x_wconf 93' lang='lat' dir='ltr'>de</span> <span class='ocrx_word' id='word_1_543' title='bbox 2206 3914 2321 3983; x_wconf 89' lang='lat' dir='ltr'>tribus</span> 
     </span>
     <span class='ocr_line' id='line_1_57' title="bbox 1329 4044 1501 4114; baseline -0.017 -22"><span class='ocrx_word' id='word_1_544' title='bbox 1329 4044 1501 4114; x_wconf 89' lang='lat' dir='ltr'>personrs.</span> 
     </span>
    </p>
   </div>
   <div class='ocr_carea' id='block_1_14' title="bbox 1572 4240 1973 4351">
    <p class='ocr_par' dir='ltr' id='par_1_15' title="bbox 1572 4240 1973 4351">
     <span class='ocr_line' id='line_1_58' title="bbox 1572 4240 1973 4351; baseline -0.012 -23"><span class='ocrx_word' id='word_1_545' title='bbox 1572 4292 1574 4301; x_wconf 66' lang='lat'>‚</span> <span class='ocrx_word' id='word_1_546' title='bbox 1698 4242 1836 4351; x_wconf 84' lang='lat' dir='ltr'>Caput</span> <span class='ocrx_word' id='word_1_547' title='bbox 1879 4240 1973 4327; x_wconf 86' lang='lat' dir='ltr'><strong>x1.·</strong></span> 
     </span>
    </p>
   </div>
   <div class='ocr_carea' id='block_1_15' title="bbox 1326 4397 2363 6040">
    <p class='ocr_par' dir='ltr' id='par_1_16' title="bbox 1326 4397 2363 6040">
     <span class='ocr_line' id='line_1_59' title="bbox 1430 4397 2321 4479; baseline -0.006 -4"><span class='ocrx_word' id='word_1_548' title='bbox 1430 4402 1565 4479; x_wconf 86' lang='lat' dir='ltr'>Testus</span> <span class='ocrx_word' id='word_1_549' title='bbox 1580 4408 1722 4478; x_wconf 90' lang='lat' dir='ltr'>orditur</span> <span class='ocrx_word' id='word_1_550' title='bbox 1734 4406 1979 4477; x_wconf 86' lang='lat' dir='ltr'>admirandam</span> <span class='ocrx_word' id='word_1_551' title='bbox 1997 4400 2181 4475; x_wconf 83' lang='lat' dir='ltr'>historiam</span> <span class='ocrx_word' id='word_1_552' title='bbox 2197 4397 2321 4472; x_wconf 86' lang='lat' dir='ltr'>deLa-</span> 
     </span>
     <span class='ocr_line' id='line_1_60' title="bbox 1328 4500 2321 4600; baseline -0.01 -20"><span class='ocrx_word' id='word_1_553' title='bbox 1328 4532 1428 4592; x_wconf 87' lang='lat' dir='ltr'>zaro,</span> <span class='ocrx_word' id='word_1_554' title='bbox 1469 4521 1549 4600; x_wconf 89' lang='lat' dir='ltr'>post</span> <span class='ocrx_word' id='word_1_555' title='bbox 1571 4524 1721 4579; x_wconf 89' lang='lat' dir='ltr'>mortem</span> <span class='ocrx_word' id='word_1_556' title='bbox 1742 4511 1780 4577; x_wconf 93' lang='lat' dir='ltr'>in</span> <span class='ocrx_word' id='word_1_557' title='bbox 1803 4509 1912 4580; x_wconf 85' lang='lat' dir='ltr'>vitam</span> <span class='ocrx_word' id='word_1_558' title='bbox 1936 4521 2109 4579; x_wconf 84' lang='lat' dir='ltr'>revocato.</span> <span class='ocrx_word' id='word_1_559' title='bbox 2168 4500 2216 4574; x_wconf 90' lang='lat' dir='ltr'>Et</span> <span class='ocrx_word' id='word_1_560' title='bbox 2237 4502 2321 4597; x_wconf 91' lang='lat' dir='ltr'>quia</span> 
     </span>
     <span class='ocr_line' id='line_1_61' title="bbox 1328 4602 2323 4687; baseline -0.006 -8"><span class='ocrx_word' id='word_1_561' title='bbox 1328 4610 1525 4682; x_wconf 89' lang='lat' dir='ltr'>missisunt</span> <span class='ocrx_word' id='word_1_562' title='bbox 1542 4614 1666 4682; x_wconf 89' lang='lat' dir='ltr'>nuncii</span> <span class='ocrx_word' id='word_1_563' title='bbox 1681 4636 1700 4682; x_wconf 92' lang='lat' dir='ltr'>a</span> <span class='ocrx_word' id='word_1_564' title='bbox 1716 4610 1841 4682; x_wconf 89' lang='lat' dir='ltr'>Lazari</span> <span class='ocrx_word' id='word_1_565' title='bbox 1863 4612 2046 4681; x_wconf 89' lang='lat' dir='ltr'>sororibus</span> <span class='ocrx_word' id='word_1_566' title='bbox 2067 4610 2110 4678; x_wconf 91' lang='lat' dir='ltr'>ad</span> <span class='ocrx_word' id='word_1_567' title='bbox 2128 4602 2323 4687; x_wconf 85' lang='lat' dir='ltr'>Christum,</span> 
     </span>
     <span class='ocr_line' id='line_1_62' title="bbox 1328 4708 2322 4806; baseline -0.009 -23"><span class='ocrx_word' id='word_1_568' title='bbox 1328 4729 1361 4785; x_wconf 89' lang='lat' dir='ltr'>et</span> <span class='ocrx_word' id='word_1_569' title='bbox 1377 4709 1544 4784; x_wconf 87' lang='lat' dir='ltr'>Christus</span> <span class='ocrx_word' id='word_1_570' title='bbox 1571 4715 1725 4806; x_wconf 90' lang='lat' dir='ltr'>primum</span> <span class='ocrx_word' id='word_1_571' title='bbox 1744 4714 1843 4784; x_wconf 84' lang='lat' dir='ltr'>venit</span> <span class='ocrx_word' id='word_1_572' title='bbox 1859 4708 2091 4794; x_wconf 88' lang='lat' dir='ltr'>Bethaniam‚</span> <span class='ocrx_word' id='word_1_573' title='bbox 2117 4722 2197 4800; x_wconf 91' lang='lat' dir='ltr'>post</span> <span class='ocrx_word' id='word_1_574' title='bbox 2214 4730 2322 4801; x_wconf 87' lang='lat' dir='ltr'>quar-</span> 
     </span>
     <span class='ocr_line' id='line_1_63' title="bbox 1328 4811 2323 4900; baseline -0.01 -12"><span class='ocrx_word' id='word_1_575' title='bbox 1328 4830 1403 4888; x_wconf 88' lang='lat' dir='ltr'>tum</span> <span class='ocrx_word' id='word_1_576' title='bbox 1420 4818 1515 4887; x_wconf 89' lang='lat' dir='ltr'>diem</span> <span class='ocrx_word' id='word_1_577' title='bbox 1532 4840 1550 4885; x_wconf 92' lang='lat' dir='ltr'>a</span> <span class='ocrx_word' id='word_1_578' title='bbox 1569 4832 1682 4888; x_wconf 87' lang='lat' dir='ltr'>morte</span> <span class='ocrx_word' id='word_1_579' title='bbox 1696 4816 1838 4900; x_wconf 79' lang='lat' dir='ltr'>Lazari,</span> <span class='ocrx_word' id='word_1_580' title='bbox 1864 4816 1953 4885; x_wconf 90' lang='lat' dir='ltr'>utile</span> <span class='ocrx_word' id='word_1_581' title='bbox 1967 4830 2019 4886; x_wconf 84' lang='lat' dir='ltr'>est</span> <span class='ocrx_word' id='word_1_582' title='bbox 2035 4814 2193 4883; x_wconf 90' lang='lat' dir='ltr'>locorum</span> <span class='ocrx_word' id='word_1_583' title='bbox 2209 4811 2323 4881; x_wconf 87' lang='lat' dir='ltr'>inter-</span> 
     </span>
     <span class='ocr_line' id='line_1_64' title="bbox 1328 4912 2320 4999; baseline -0.01 -10"><span class='ocrx_word' id='word_1_584' title='bbox 1328 4919 1421 4991; x_wconf 87' lang='lat' dir='ltr'>valla</span> <span class='ocrx_word' id='word_1_585' title='bbox 1437 4918 1674 4992; x_wconf 87' lang='lat' dir='ltr'>considerare.</span> <span class='ocrx_word' id='word_1_586' title='bbox 1727 4917 1812 4988; x_wconf 85' lang='lat' dir='ltr'>Fuit</span> <span class='ocrx_word' id='word_1_587' title='bbox 1827 4912 1993 4989; x_wconf 85' lang='lat' dir='ltr'>Christus</span> <span class='ocrx_word' id='word_1_588' title='bbox 2007 4916 2045 4985; x_wconf 91' lang='lat' dir='ltr'>in</span> <span class='ocrx_word' id='word_1_589' title='bbox 2062 4916 2220 4999; x_wconf 90' lang='lat' dir='ltr'>deserto,</span> <span class='ocrx_word' id='word_1_590' title='bbox 2247 4934 2320 4981; x_wconf 90' lang='lat' dir='ltr'>non</span> 
     </span>
     <span class='ocr_line' id='line_1_65' title="bbox 1328 5011 2363 5113; baseline -0.008 -22"><span class='ocrx_word' id='word_1_591' title='bbox 1328 5022 1452 5113; x_wconf 84' lang='lat' dir='ltr'>procul</span> <span class='ocrx_word' id='word_1_592' title='bbox 1481 5019 1667 5095; x_wconf 80' lang='lat' dir='ltr'>alaricho</span> <span class='ocrx_word' id='word_1_593' title='bbox 1697 5037 1729 5091; x_wconf 90' lang='lat' dir='ltr'>et</span> <span class='ocrx_word' id='word_1_594' title='bbox 1752 5018 1963 5090; x_wconf 89' lang='lat' dir='ltr'>Bethabara.</span> <span class='ocrx_word' id='word_1_595' title='bbox 2032 5011 2172 5089; x_wconf 83' lang='lat' dir='ltr'>iericho</span> <span class='ocrx_word' id='word_1_596' title='bbox 2201 5027 2321 5085; x_wconf 91' lang='lat' dir='ltr'>autem</span> <span class='ocrx_word' id='word_1_597' title='bbox 2357 5050 2363 5063; x_wconf 87' lang='lat'>·</span> 
     </span>
     <span class='ocr_line' id='line_1_66' title="bbox 1327 5118 2321 5213; baseline -0.009 -20"><span class='ocrx_word' id='word_1_598' title='bbox 1327 5126 1481 5195; x_wconf 90' lang='lat' dir='ltr'>distabat</span> <span class='ocrx_word' id='word_1_599' title='bbox 1498 5149 1518 5194; x_wconf 93' lang='lat' dir='ltr'>a</span> <span class='ocrx_word' id='word_1_600' title='bbox 1537 5123 1687 5195; x_wconf 84' lang='lat' dir='ltr'>iordane</span> <span class='ocrx_word' id='word_1_601' title='bbox 1712 5124 1887 5213; x_wconf 82' lang='lat' dir='ltr'>sexaginta</span> <span class='ocrx_word' id='word_1_602' title='bbox 1910 5124 2051 5207; x_wconf 88' lang='lat' dir='ltr'>stadiis,</span> <span class='ocrx_word' id='word_1_603' title='bbox 2084 5122 2121 5189; x_wconf 89' lang='lat' dir='ltr'>id</span> <span class='ocrx_word' id='word_1_604' title='bbox 2144 5131 2212 5204; x_wconf 83' lang='lat' dir='ltr'>est,</span> <span class='ocrx_word' id='word_1_605' title='bbox 2246 5118 2321 5186; x_wconf 84' lang='lat' dir='ltr'>fere</span> 
     </span>
     <span class='ocr_line' id='line_1_67' title="bbox 1328 5222 2321 5299; baseline -0.009 -3"><span class='ocrx_word' id='word_1_606' title='bbox 1328 5228 1470 5297; x_wconf 91' lang='lat' dir='ltr'>duobus</span> <span class='ocrx_word' id='word_1_607' title='bbox 1503 5228 1635 5298; x_wconf 85' lang='lat' dir='ltr'>nostris</span> <span class='ocrx_word' id='word_1_608' title='bbox 1673 5227 1884 5299; x_wconf 85' lang='lat' dir='ltr'>miliaribus.</span> <span class='ocrx_word' id='word_1_609' title='bbox 1951 5224 1983 5297; x_wconf 83' lang='lat' dir='ltr'>A</span> <span class='ocrx_word' id='word_1_610' title='bbox 2013 5222 2203 5295; x_wconf 84' lang='lat' dir='ltr'>ierusalem</span> <span class='ocrx_word' id='word_1_611' title='bbox 2236 5242 2321 5287; x_wconf 84' lang='lat' dir='ltr'>vero</span> 
     </span>
     <span class='ocr_line' id='line_1_68' title="bbox 1328 5322 2322 5424; baseline -0.012 -23"><span class='ocrx_word' id='word_1_612' title='bbox 1328 5344 1470 5401; x_wconf 88' lang='lat' dir='ltr'>centum</span> <span class='ocrx_word' id='word_1_613' title='bbox 1489 5330 1748 5424; x_wconf 79' lang='lat' dir='ltr'>quinquaginta</span> <span class='ocrx_word' id='word_1_614' title='bbox 1767 5330 1907 5413; x_wconf 87' lang='lat' dir='ltr'>stadiis,</span> <span class='ocrx_word' id='word_1_615' title='bbox 1934 5324 2002 5399; x_wconf 91' lang='lat' dir='ltr'>hoc</span> <span class='ocrx_word' id='word_1_616' title='bbox 2025 5340 2095 5406; x_wconf 85' lang='lat' dir='ltr'>est,</span> <span class='ocrx_word' id='word_1_617' title='bbox 2123 5325 2195 5393; x_wconf 87' lang='lat' dir='ltr'>lere</span> <span class='ocrx_word' id='word_1_618' title='bbox 2212 5322 2322 5417; x_wconf 91' lang='lat' dir='ltr'>quin·</span> 
     </span>
     <span class='ocr_line' id='line_1_69' title="bbox 1328 5425 2321 5527; baseline -0.012 -24"><span class='ocrx_word' id='word_1_619' title='bbox 1328 5458 1397 5527; x_wconf 92' lang='lat' dir='ltr'>que</span> <span class='ocrx_word' id='word_1_620' title='bbox 1414 5434 1545 5503; x_wconf 84' lang='lat' dir='ltr'>nostris</span> <span class='ocrx_word' id='word_1_621' title='bbox 1560 5433 1770 5503; x_wconf 88' lang='lat' dir='ltr'>miliaribus.</span> <span class='ocrx_word' id='word_1_622' title='bbox 1824 5426 2024 5501; x_wconf 88' lang='lat' dir='ltr'>Bethabara</span> <span class='ocrx_word' id='word_1_623' title='bbox 2049 5450 2133 5497; x_wconf 83' lang='lat' dir='ltr'>vero</span> <span class='ocrx_word' id='word_1_624' title='bbox 2155 5427 2193 5495; x_wconf 91' lang='lat' dir='ltr'>in</span> <span class='ocrx_word' id='word_1_625' title='bbox 2213 5425 2321 5503; x_wconf 85' lang='lat' dir='ltr'>altera</span> 
     </span>
     <span class='ocr_line' id='line_1_70' title="bbox 1328 5524 2322 5626; baseline -0.009 -23"><span class='ocrx_word' id='word_1_626' title='bbox 1328 5537 1405 5626; x_wconf 90' lang='lat' dir='ltr'>ripa</span> <span class='ocrx_word' id='word_1_627' title='bbox 1423 5551 1515 5621; x_wconf 87' lang='lat' dir='ltr'>erat,</span> <span class='ocrx_word' id='word_1_628' title='bbox 1541 5536 1581 5605; x_wconf 91' lang='lat' dir='ltr'>in</span> <span class='ocrx_word' id='word_1_629' title='bbox 1599 5538 1759 5619; x_wconf 89' lang='lat' dir='ltr'>deserto,</span> <span class='ocrx_word' id='word_1_630' title='bbox 1785 5558 1825 5602; x_wconf 89' lang='lat' dir='ltr'>ac</span> <span class='ocrx_word' id='word_1_631' title='bbox 1847 5534 1989 5623; x_wconf 81' lang='lat' dir='ltr'>longius</span> <span class='ocrx_word' id='word_1_632' title='bbox 2012 5531 2165 5604; x_wconf 80' lang='lat' dir='ltr'>distabat</span> <span class='ocrx_word' id='word_1_633' title='bbox 2184 5552 2203 5597; x_wconf 91' lang='lat' dir='ltr'>a</span> <span class='ocrx_word' id='word_1_634' title='bbox 2222 5524 2322 5595; x_wconf 84' lang='lat' dir='ltr'>leru-</span> 
     </span>
     <span class='ocr_line' id='line_1_71' title="bbox 1327 5630 2322 5731; baseline -0.013 -24"><span class='ocrx_word' id='word_1_635' title='bbox 1327 5640 1457 5719; x_wconf 87' lang='lat' dir='ltr'>salem,</span> <span class='ocrx_word' id='word_1_636' title='bbox 1484 5661 1594 5731; x_wconf 88' lang='lat' dir='ltr'>quare</span> <span class='ocrx_word' id='word_1_637' title='bbox 1609 5639 1647 5706; x_wconf 94' lang='lat' dir='ltr'>in</span> <span class='ocrx_word' id='word_1_638' title='bbox 1669 5641 1807 5708; x_wconf 86' lang='lat' dir='ltr'>deserto</span> <span class='ocrx_word' id='word_1_639' title='bbox 1821 5640 1864 5703; x_wconf 90' lang='lat' dir='ltr'>ad</span> <span class='ocrx_word' id='word_1_640' title='bbox 1878 5630 2109 5715; x_wconf 88' lang='lat' dir='ltr'>Bethaniam,</span> <span class='ocrx_word' id='word_1_641' title='bbox 2136 5654 2227 5725; x_wconf 89' lang='lat' dir='ltr'>quae</span> <span class='ocrx_word' id='word_1_642' title='bbox 2241 5641 2322 5697; x_wconf 90' lang='lat' dir='ltr'>tan·</span> 
     </span>
     <span class='ocr_line' id='line_1_72' title="bbox 1327 5730 2323 5812; baseline -0.014 -3"><span class='ocrx_word' id='word_1_643' title='bbox 1327 5755 1403 5812; x_wconf 89' lang='lat' dir='ltr'>turn</span> <span class='ocrx_word' id='word_1_644' title='bbox 1429 5741 1583 5810; x_wconf 92' lang='lat' dir='ltr'>dimidio</span> <span class='ocrx_word' id='word_1_645' title='bbox 1607 5754 1729 5811; x_wconf 89' lang='lat' dir='ltr'>nostro</span> <span class='ocrx_word' id='word_1_646' title='bbox 1756 5739 1886 5809; x_wconf 88' lang='lat' dir='ltr'>miliari</span> <span class='ocrx_word' id='word_1_647' title='bbox 1911 5738 2066 5809; x_wconf 90' lang='lat' dir='ltr'>distabat</span> <span class='ocrx_word' id='word_1_648' title='bbox 2087 5730 2323 5811; x_wconf 87' lang='lat' dir='ltr'>alerusalem‚</span> 
     </span>
     <span class='ocr_line' id='line_1_73' title="bbox 1326 5832 2323 5934; baseline -0.006 -21"><span class='ocrx_word' id='word_1_649' title='bbox 1326 5843 1659 5934; x_wconf 67' lang='lat' dir='ltr'>intercantantur,</span> <span class='ocrx_word' id='word_1_650' title='bbox 1692 5844 1765 5911; x_wconf 85' lang='lat' dir='ltr'>lere</span> <span class='ocrx_word' id='word_1_651' title='bbox 1786 5858 1866 5914; x_wconf 92' lang='lat' dir='ltr'>octo</span> <span class='ocrx_word' id='word_1_652' title='bbox 1884 5854 2089 5911; x_wconf 83' lang='lat' dir='ltr'>nostrornm</span> <span class='ocrx_word' id='word_1_653' title='bbox 2116 5832 2323 5907; x_wconf 76' lang='lat' dir='ltr'>miliarium,</span> 
     </span>
     <span class='ocr_line' id='line_1_74' title="bbox 1327 5932 2324 6040; baseline -0.009 -23"><span class='ocrx_word' id='word_1_654' title='bbox 1327 5948 1371 6017; x_wconf 89' lang='lat' dir='ltr'>ad</span> <span class='ocrx_word' id='word_1_655' title='bbox 1387 5970 1478 6040; x_wconf 89' lang='lat' dir='ltr'>quae</span> <span class='ocrx_word' id='word_1_656' title='bbox 1495 5968 1586 6039; x_wconf 89' lang='lat' dir='ltr'>opus</span> <span class='ocrx_word' id='word_1_657' title='bbox 1602 5959 1652 6016; x_wconf 83' lang='lat' dir='ltr'>est</span> <span class='ocrx_word' id='word_1_658' title='bbox 1668 5944 1766 6016; x_wconf 89' lang='lat' dir='ltr'>eunti</span> <span class='ocrx_word' id='word_1_659' title='bbox 1783 5969 1862 6016; x_wconf 89' lang='lat' dir='ltr'>cum</span> <span class='ocrx_word' id='word_1_660' title='bbox 1881 5944 2049 6014; x_wconf 83' lang='lat' dir='ltr'>comitatu</span> <span class='ocrx_word' id='word_1_661' title='bbox 2064 5940 2193 6009; x_wconf 84' lang='lat' dir='ltr'>itinere</span> <span class='ocrx_word' id='word_1_662' title='bbox 2207 5932 2324 6007; x_wconf 88' lang='lat' dir='ltr'>bidui.</span> 
     </span>
    </p>
   </div>
   <div class='ocr_carea' id='block_1_16' title="bbox 0 0 2918 6950">
    <p class='ocr_par' dir='ltr' id='par_1_17' title="bbox 0 0 2918 6950">
     <span class='ocr_line' id='line_1_75' title="bbox 0 0 2918 6950; baseline 0 1"><span class='ocrx_word' id='word_1_663' title='bbox 0 0 2918 6950; x_wconf 95' lang='lat' dir='ltr'> </span> 
     </span>
    </p>
   </div>
  </div>
 </body>
</html>
