5825 6950
549 666 649 747 1867
1147 648 1277 727 ruth
1302 642 1420 721 MEL
1445 639 1659 721 SCRIPTA
1683 634 1990 717 EXEGETICA.
2484 646 2559 725 1553

548 846 676 915 iratres
699 850 789 909 tuos.
841 828 890 905 Et
912 828 1067 905 Samson
1092 824 1213 919 inquit
1236 821 1348 894 lodic.
1367 817 1446 897 ta:
1477 818 1556 890 Nisi
1608 837 1704 887 cesse
1721 826 1786 886 ¹est
1814 813 1981 884 accedere
2007 807 2286 883 consolationem
2308 820 2467 903 tanquam
2487 838 2566 887 sana.
2631 819 2632 873 l

550 944 714 1017 arassetis
731 964 810 1011 mea
828 935 951 1019 vitula,
978 956 1052 1003 non
1074 926 1314 1005 invenissetis,
1339 926 1457 1010 idest,
1486 922 1557 993 nisi
1607 920 1761 1003 tionem,
1786 938 1832 987 ne
1849 911 1957 987 homo
1973 915 2199 1008 relinquatur
2221 914 2259 983 iu
2282 926 2420 1005 peccato
2434 930 2465 987 ct
2479 934 2566 993 morte
2631 914 2633 999 ζ

552 1048 673 1121 essetis
688 1042 803 1117 adiuti
826 1040 950 1111 labore
970 1033 1162 1106 Ecclesiae.
1224 1027 1425 1100 Audiamus
1447 1027 1558 1121 igitur
1608 1036 1766 1093 aeterna.
2039 1096 2042 1105 Ι

1709 1117 1847 1214 Estque
1883 1118 2045 1189 doctrina
2080 1112 2148 1188 hoc
2178 1116 2314 1209 ipsum,
2352 1118 2443 1210 quod
2469 1120 2570 1195 usitate

1608 1224 1836 1295 nominamus
1864 1216 2091 1307 Catachesin,
2124 1221 2162 1289 id
2185 1232 2256 1311 est,
2290 1243 2426 1291 summa
2455 1225 2574 1313 dogma.

1608 1340 1684 1399 tum
1710 1326 1862 1397 recitans
1885 1324 2054 1397 articulos
2083 1322 2186 1406 fidei,
2223 1322 2489 1414 descriptionem
2512 1350 2575 1418 pec·

1609 1430 1697 1515 cati,
1723 1430 1916 1499 discrimen
1939 1426 2044 1517 Legis
2066 1440 2099 1497 et
2126 1422 2334 1515 Evangelii,
2361 1450 2460 1497 usum
2481 1451 2574 1499 sacra-

1610 1548 1830 1617 mentorum,
1863 1530 2055 1600 discrimen
2082 1528 2243 1601 iusticiae
2265 1540 2429 1599 aeternae
2451 1540 2483 1599 et
2502 1532 2575 1605 vitae

1608 1635 1791 1728 politicae,
1817 1648 1931 1707 sumta
1948 1655 1990 1701 ex
2007 1631 2083 1721 ipsa
2099 1654 2194 1710 ¹voce
2217 1632 2371 1717 diviua,
2393 1656 2478 1724 quae
2499 1636 2576 1723 prins

1609 1738 1756 1828 legitur,
1789 1750 1824 1807 et
1846 1731 1938 1805 haec*
1955 1734 2030 1825 ipsa
2053 1729 2255 1806 Catecbesis
2292 1747 2344 1805 est
2366 1734 2578 1826 interpretatio

1610 1840 1772 1912 lectionis
1787 1861 1850 1909 seu
1865 1838 1969 1927 longa
1987 1858 2049 1907 seu
2073 1836 2201 1911 brevis.
2254 1832 2345 1909 Cum
2369 1838 2461 1907 enisu
2485 1838 2517 1905 in
2534 1841 2578 1907 di·

1609 1931 1751 2013 scendo'
1781 1964 1919 2011 neccsse
1954 1938 2000 2011 sit
2034 1940 2212 2027 integrum
2253 1962 2383 2030 corpus
2422 1942 2580 2011 doctrinae

1611 2059 1729 2116 mente
1755 2042 1961 2134 complecti,
1998 2042 2204 2111 rudioribus
2226 2043 2420 2111 tradendae
2442 2058 2515 2113 sunt
2534 2068 2581 2113 or·

1611 2147 1697 2217 dine
1729 2147 1854 2216 breves
1875 2168 2034 2215 summae
2064 2142 2318 2235 principalium
2351 2143 2522 2230 locorum,
2556 2161 2583 2217 et

1611 2262 1731 2342 postea
1754 2248 1793 2317 in
1809 2248 1885 2339 ipsa
1900 2246 2051 2318 lectione
2076 2248 2307 2316 monstranda
2331 2262 2418 2317 suut
2438 2246 2528 2317 lirma
2544 2264 2582 2321 tc-

1612 2350 1800 2436 stimonia,
1826 2364 1867 2421 ut
1885 2350 1971 2419 fides
1987 2349 2123 2423 nitatur
2139 2372 2224 2419 vore
2241 2348 2376 2419 divina.

1714 2450 1793 2523 H'oc
1808 2452 1959 2523 consilio
1974 2452 2130 2544 primum
2156 2451 2298 2522 condita
2322 2465 2407 2523 sunt
2431 2453 2581 2548 symbola,

1613 2569 1647 2626 et
1670 2556 1791 2648 scripti
1809 2549 2036 2627 Catechismi.
2088 2551 2304 2646 Quanquam
2339 2556 2438 2625 enim
2466 2578 2585 2647 prorsus

1613 2662 1735 2729 eadem
1764 2670 1867 2729 sonat
1896 2656 2023 2739 lectio,
2059 2668 2095 2727 et
2124 2655 2193 2747 ipsi
2223 2656 2306 2726 libri
2344 2652 2535 2748 prophetici
2560 2672 2587 2729 ct

549 1150 744 1244 Apostolos
762 1157 798 1216 et
817 1141 983 1213 custodes
1009 1134 1195 1208 doctrinae
1214 1130 1440 1223 apostolicae.

653 1256 1079 1349 Consideremusjetiam,
1105 1252 1202 1347 quia
1224 1251 1389 1321 doctrina
1412 1260 1557 1339 aposto·

556 1369 625 1442 lica
642 1368 824 1464 quomodo
840 1359 1077 1435 discesserint.
1136 1354 1177 1425 ln
1207 1354 1287 1423 aliis
1313 1375 1457 1444 prorsus
1481 1352 1559 1420 dia-

557 1473 675 1546 bolica
692 1468 839 1541 audacia
856 1479 966 1536 totam
983 1458 1162 1531 Ecclesiae
1178 1457 1376 1527 doctrinam
1394 1453 1558 1539 mutavit,

558 1590 593 1647 et
607 1570 807 1647 horrendos
823 1570 963 1640 furores
978 1561 1119 1655 sparsit,
1140 1562 1235 1631 utin
1245 1555 1450 1642 Marcione,
1476 1553 1558 1625 Ma-

558 1672 717 1748 nichaeis
734 1688 769 1745 et
784 1671 973 1743 similibus.
1025 1663 1067 1734 lo
1087 1663 1167 1735 aliis
1190 1661 1395 1753 superstitio
1421 1657 1560 1728 inflexit

559 1780 698 1852 animos
714 1780 758 1849 ad
777 1796 890 1846 novos
905 1770 1034 1841 cultus.

662 1887 760 1959 Haec
775 1901 848 1960 tota
864 1885 1112 1957 consideratio·
1129 1884 1175 1954 ad
1191 1882 1380 1953 lectionem
1395 1883 1561 1975 pertinet,

561 1993 600 2062 in
617 2016 687 2085 qua
703 1990 890 2061 universae
906 1988 1083 2061 Ecclesiae
1098 1986 1216 2066 series,
1245 2001 1277 2056 et
1296 1987 1458 2056 omnium
1472 2000 1561 2055 tem-

562 2117 689 2188 porum
710 2089 881 2165 historiae
896 2092 1161 2183 cognoscendae
1178 2100 1274 2162 sont.

666 2208 902 2305 Observanda
921 2223 972 2281 est
989 2223 1108 2281 autem
1132 2207 1251 2278 brevis
1269 2204 1474 2277 distributio
1494 2196 1562 2273 bo·

562 2340 644 2388 rum
661 2338 830 2405 generum
839 2328 854 2401 ,'
875 2313 1059 2395 lectionis,
1085 2310 1270 2382 doctrinae
1294 2322 1330 2379 et
1345 2306 1562 2379 consolatio·

563 2418 631 2490 uis.
681 2414 756 2489 Cur
772 2441 792 2488 a
808 2416 961 2486 lectione
975 2413 1141 2485 orditur?
1192 2408 1287 2501 Quia
1312 2432 1439 2500 magna
1457 2407 1563 2477 dissi-

563 2520 731 2591 militudo
747 2532 798 2590 cst
818 2512 1069 2612 philosophiae
1085 2530 1119 2587 ct
1137 2508 1335 2604 Evangelii.
1377 2507 1563 2583 Arithme-

505 2625 508 2634 ’
564 2624 672 2695 ticam
700 2645 777 2692 non
805 2622 995 2716 incipimus
1021 2644 1042 2690 a
1070 2617 1243 2703 lectione,
1280 2614 1342 2685 sed
1382 2614 1564 2683 afferimus

548 2726 696 2797 'nullm
717 2724 886 2806 110ῑῖίῖθῆ
920 2746 1011 2841 (Ψ
1034 2734 1117 2793 '¹¹⁰¹
1143 2720 1202 2791 Via
1224 2720 1269 2790 ad
1295 2729 1427 2839 ἥψω
1466 2713 1563 2833 Dei„
1611 2761 1804 2851 apostolica
1835 2760 1916 2829 sons
1941 2771 2023 2828 suut
2046 2756 2251 2842 doctrinae,
2284 2772 2406 2830 tamen
2430 2762 2506 2831 ideo
2526 2786 2585 2831 nou

567 2841 686 2899 eutero
701 2850 765 2897 sua
779 2850 865 2898 voce
884 2826 997 2897 edrdrt
1018 2845 1183 2893 arcanam
1200 2822 1398 2892 doctrinam
1417 2820 1461 2887 de
1478 2816 1565 2901 filio,
1613 2877 1753 2934 tamum
1790 2862 2041 2953 praeleguntur
2069 2859 2155 2929 libri
2186 2860 2226 2929 in
2247 2854 2410 2931 Ecclesia
2432 2885 2450 2932 a
2477 2864 2588 2953 pugg„

567 2944 602 3001 ⁸¹
617 2932 661 2999 ‘¹²
678 2929 916 3009 ¹⁰d⁰m¹3⁰¹¹⁰¹
945 2940 979 2999 ⁰¹
1001 2940 1074 2998 ¹⁰²³
1095 2924 1319 2995 ¹²⁸¹it¹¹¹i⁰¹¹⁸
1335 2921 1475 3010 genem
1493 2914 1563 3037 bus
1613 2969 1673 3036 sed
1699 2966 1804 3037 etiam
1826 2962 1960 3035 accedit
1983 2986 2052 3033 vos
2080 2962 2302 3054 interpretis,
2336 2978 2378 3035 ut
2402 2966 2589 3037 rudioribus

565 3032 676 3117 mani,
702 3032 799 3102 iusta
820 3025 912 3102 hanc
928 3052 1029 3100 suam
1046 3026 1299 3098 revelationem
1316 3024 1394 3093 vult
1408 3046 1563 3112 agnosci,

568 3149 603 3207 et
625 3128 718 3203 hanc
740 3131 849 3203 scribi
871 3130 985 3203 voluit
1008 3154 1071 3222 per
1086 3124 1281 3219 Prophetas
1304 3140 1338 3198 et
1358 3121 1564 3217 Apostolos

571 3234 729 3307 ldeoad
753 3228 884 3305 horum
914 3233 1091 3322 librorum
1121 3231 1311 3300 lectionem
1339 3228 1481 3318 alligata
1513 3238 1565 3297 est

569 3337 744 3424 Ecclesia,
770 3351 805 3410 et
818 3331 858 3405 hi
874 3336 959 3407 libri
977 3347 1061 3406 sunt
1081 3334 1353 3403 fundamentum
1378 3342 1412 3399 et
1437 3351 1564 3399 norma

569 3440 756 3513 universae
772 3439 955 3516 doctrinae
971 3437 1008 3506 in
1023 3434 1200 3520 Ecclesia,
1225 3434 1321 3506 iusta
1338 3432 1430 3503 illud
1452 3428 1564 3508 tco-

570 3538 682 3625 rinth.
703 3545 754 3618 ἃς
792 3539 1082 3612 Fundamentum
1109 3537 1207 3608 aliud
1232 3537 1318 3631 poni
1343 3559 1418 3605 nou
1439 3546 1566 3625 potest,

571 3657 711 3739 praeter
723 3647 760 3714 id
779 3645 874 3738 quod
892 3643 1047 3735 positum
1064 3654 1135 3721 est,
1161 3643 1257 3733 quod
1279 3652 1329 3709 est
1344 3637 1440 3709 Iesus
1456 3633 1564 3708 Chri-

572 3760 658 3822 stus.
709 3745 858 3819 Necesse
873 3758 925 3815 cst
942 3743 1052 3836 igitur
1067 3742 1207 3814 assidue
1229 3741 1300 3833 legi
1321 3735 1410 3812 haec
1433 3752 1563 3832 scripta

571 3849 737 3943 privatim
753 3864 789 3923 et
803 3849 958 3941 publice.

675 3965 880 4038 Lectiooem
894 3974 1064 4058 sequatur
1080 3961 1262 4045 doctrina,
1286 3973 1325 4030 ut
1347 3959 1386 4026 in
1410 3956 1564 4028 medica-

572 4067 671 4140 tione
698 4068 856 4159 corporis
884 4067 966 4137 linis
994 4078 1046 4137 est
1074 4063 1222 4138 sanatio.
1273 4056 1322 4134 Et
1349 4084 1406 4130 ars
1427 4057 1565 4130 medica

573 4170 733 4242 continet
755 4171 845 4240 duas
870 4181 1004 4260 partes,
1043 4167 1243 4238 doctrinam
1268 4177 1301 4234 et
1325 4162 1479 4232 modum*
1501 4185 1565 4232 cu·

572 4272 690 4344 randi.
742 4269 913 4344 Doctrina
928 4293 1013 4341 vero
1039 4268 1196 4340 ostendit
1215 4279 1381 4336 naturam
1404 4263 1565 4356 corporis

1614 3084 1781 3139 enarrent
1797 3088 1907 3155 genus
1922 3065 2113 3145 sermonis,
2140 3068 2330 3136 ostendant
2346 3069 2462 3158 capita
2477 3091 2588 3153 rerum,

1614 3170 1809 3263 dequibus
1830 3168 1979 3252 dicitur,
2012 3167 2192 3239 illustrent
2215 3192 2255 3237 ea
2277 3170 2541 3245 delinitionibus
2563 3184 2588 3239 et

1614 3272 1923 3355 distinctionibus,
1949 3270 2040 3341 sicut
2056 3272 2095 3339 in
2114 3271 2274 3341 docendo
2290 3272 2367 3341 fieri
2386 3298 2524 3343 neccsse
2540 3286 2588 3343 cst

1615 3371 1665 3445 Et
1685 3375 1769 3447 bant
1786 3369 1873 3445 haec
1887 3372 1964 3443 siue
1988 3366 2198 3464 sophistica,
2222 3376 2283 3443 sed
2310 3384 2407 3450 recte
2433 3376 2526 3447 iusta
2543 3396 2586 3443 ar-

1615 3478 1705 3552 tium
1722 3479 1814 3564 vias,
1839 3475 1913 3546 Nec
1935 3476 2149 3546 misceantur
2164 3478 2370 3568 peregrinae
2386 3481 2554 3552 materiae.

1719 3581 1811 3650 Oum
1826 3580 1935 3669 igitur
1948 3601 2037 3671 opus
2054 3578 2101 3648 sit
2115 3578 2231 3648 lorme
2246 3581 2367 3674 aliqua
2386 3582 2588 3666 inducendo,

1492 3741 1500 3757 .
1613 3683 1713 3753 iubet
1732 3680 1865 3752 Paulus
1885 3682 1967 3771 eligi
1986 3677 2201 3772 Episcopum
2226 3681 2400 3754 idoneum
2418 3687 2462 3756 ad
2478 3687 2588 3758 docen-

1614 3787 1714 3860 dum.
1776 3782 1879 3854 Hanc
1911 3785 2062 3854 formam
2101 3779 2160 3852 hic
2192 3786 2394 3857 doctrinam
2435 3789 2589 3866 nominat,

1614 3899 1777 3982 quaeest
1799 3880 1999 3959 Catechesis
2028 3907 2090 3956 seu
2119 3887 2237 3958 brevis
2261 3912 2323 3960 seu
2353 3889 2485 3980 longa,
2516 3911 2591 3983 quar

1614 3991 1758 4085 quidem
1781 4003 1817 4060 et
1839 3994 1915 4080 ipsa
1945 3989 2121 4059 librorum
2152 4012 2332 4064 sacrorum
2358 3991 2591 4086 interpretatio

1614 4105 1682 4164 est:
1716 4091 1799 4187 quia
1820 4092 2094 4162 inde'sumenda
2117 4105 2169 4162 est
2195 4089 2425 4182 Catechesis,
2453 4109 2487 4169 et
2507 4094 2591 4167 testi-

1612 4195 1733 4265 monia
1752 4194 1803 4264 ibi
1819 4195 2050 4264 monstranda
2066 4207 2162 4268 sunt.

1716 4295 1880 4367 Tertium
1895 4296 2094 4366 membrum
2111 4297 2305 4368 consolatio
2325 4313 2395 4372 cst:
2421 4299 2504 4396 quia
2526 4321 2588 4369 non

523 4479 528 4490 Ι
572 4369 744 4460 humani·
770 4373 975 4493 q⁰³¹3falf⁸2
1006 4383 1300 4464 temperam‘ffl’
1325 4387 1445 4488 “qm
1467 4389 1564 4486 Ψ·
1614 4400 1698 4471 satis
1715 4413 1767 4470 est
1780 4399 1927 4470 recitare
1943 4399 2054 4486 capita
2070 4400 2272 4485 doctrinae,
2298 4401 2370 4472 nisi
2395 4405 2588 4475 ostendatur

571 4476 713 4562 horum,
740 4477 909 4548 remedla·
962 4474 1086 4547 1³0³lea
1102 4475 1230 4544 ¹¹¹0d¹¹⁸
1244 4472 1394 4542 “mum
1409 4469 1564 4562 ⁸PP¹¹⁰³¹
1614 4501 1816 4594 applicatio.
1870 4498 2049 4590 intelligat
2070 4502 2302 4574 concionator
2319 4503 2432 4578 oflicii
2450 4505 2505 4577 sui
2520 4527 2587 4594 gra·

571 4579 739 4654 remedia·
771 4576 1156 4700 Acmedstifal‘lfflfil
1172 4573 1445 4694 “lifflfffldff‘e
1473 4594 1564 4665 <1⁰³⁰
1614 4606 1700 4690 dus,
1735 4605 1829 4696 legat
1858 4605 1991 4697 populo
2022 4605 2148 4674 ordine
2178 4606 2290 4678 libros
2319 4603 2543 4700 propheticos
2560 4621 2587 4676 et

570 4684 615 4753 ad
637 4703 738 4752 tuam
760 4696 870 4753 ”10¹⁰
893 4691 1092 4774 Peflfflfflis
1117 4691 1152 4749 ²²
1173 4677 1321 4749 ⁶⁰⁰⁸¹¹¹⁸
1344 4679 1496 4767 '¹¹⁰3‘oe
1518 4674 1563 4744 ad
1612 4707 1842 4800 apostolicos,
1881 4705 2034 4776 subinde
2064 4717 2099 4776 et
2120 4731 2249 4799 corpus
2279 4733 2383 4780 verae
2418 4711 2585 4782 doctrinae

570 4785 791 4854 ‘amlimm
823 4796 993 4903 Qum
1015 4785 1061 4903 {d
1081 4782 1249 4854 ”ulmum
1274 4793 1308 4851 Εἴ
1330 4779 1561 4900 ΡῈῙΜῘΡΫῙΕΜ
1613 4823 1806 4903 proponat,
1838 4823 1879 4882 ut
1902 4811 2081 4881 auditores
2102 4833 2275 4880 summam
2300 4827 2393 4884 recte
2417 4811 2586 4904 complecti

570 4881 691 4958 finem·
747 4885 1227 4958 1¹⁸⁵t¹⁸2⁶⁰¹¹⁰¹⁰⁰³l⁰f⁸⁹
1251 4884 1380 4952 m‘dffl
1406 4881 1560 4952 ⁸¹¹⁰¹¹²¹¹¹
1613 4913 1761 5003 possint,
1781 4914 1870 4984 sicut
1884 4913 1923 4982 in
1935 4907 2118 4984 Catcehesi
2133 4915 2301 4986 traditur:
2329 4937 2396 4986 nec
2414 4918 2461 4990 sit
2475 4914 2584 4986 concio

572 5009 668 5068 esse,
693 4999 729 5059 et
751 4989 858 5058 finem
879 4985 1068 5058 ministerii
1090 4986 1284 5077 evangelici
1299 4985 1464 5056 ultimum
1488 5005 1561 5054 esse
1611 5016 1689 5085 sine
1721 5014 1921 5100 affecfibm,
1959 5015 2019 5084 ⁸ed
2055 5017 2344 5086 commemora&
2369 5021 2416 5088 de
2446 5019 2497 5088 ira
2518 5015 2585 5100 Dei,

495 5101 499 5108 '
570 5089 814 5260 papilionem,
855 5111 925 5210 que
946 5113 1011 5182 Per
1032 5091 1147 5162 filium
1171 5087 1240 5158 Dei
1261 5111 1347 5158 '⁰⁶⁶
1371 5084 1560 5204 Effinssilii
1611 5119 1778 5190 exuscitet
1792 5119 1971 5202 timorem,
1997 5140 2063 5188 nec
2078 5131 2198 5189 tamen
2219 5120 2473 5214 relinquentur
2494 5143 2583 5190 men·

626 5204 768 5263 crentur
782 5188 947 5263 homiues
960 5216 1001 5264 er
1015 5206 1130 5264 morte
1152 5205 1306 5266 aeterne.
1357 5189 1559 5259 Nonarum
1612 5233 1663 5291 pe,
1690 5221 1728 5290 in
1752 5245 1880 5313 pavo„
1904 5234 1938 5293 ,t
1960 5220 2204 5305 dubitatione,
2239 5236 2278 5293 u,
2309 5224 2497 5316 pogmum
2524 5239 2585 5294 tra·

568 5303 707 5366 tantum
721 5295 811 5386 regit
826 5317 960 5378 mores,
985 5309 1025 5367 ot
1041 5296 1265 5386 magistratus
1280 5291 1456 5384 politicus.

1609 5324 1754 5415 goediae
1782 5335 1919 5396 tantum
1950 5311 2082 5414 po'enas
2111 5325 2321 5410 ostendunt,
2361 5331 2428 5412 sed,
2459 5327 2584 5398 accedat

671 5428 765 5501 Sunt
789 5430 899 5522 igitur
920 5443 954 5502 et
978 5426 1038 5500 hic
1053 5431 1126 5501 duo
1141 5429 1315 5518 membro,
1344 5427 1505 5522 doctrina
1523 5439 1558 5497 et
1609 5427 1803 5498 consolatio
1819 5451 1859 5496 ex
1877 5451 1961 5496 voce
1973 5425 2178 5516 Evangelii,
2200 5431 2476 5499 commonebant
2492 5429 2581 5498 eodi-

568 5529 775 5604 consolatio.
834 5525 1005 5605 Doctrina
1032 5533 1193 5627 loquitor
1216 5533 1261 5601 tle
1282 5529 1440 5600 articulis
1463 5529 1556 5614 fidei,
1606 5541 1715 5614 tores,
1739 5543 1779 5602 ut
1793 5531 1859 5600 sibi
1876 5531 1944 5597 fide
1961 5527 2139 5619 applicent
2157 5529 2411 5619 promissiones
2436 5547 2580 5606 aeternas

566 5631 736 5706 discernit
760 5632 891 5724 Legem
922 5647 957 5706 et
980 5633 1231 5726 Evangeliom,
1268 5634 1393 5704 recitat
1419 5632 1554 5702 descri—
1604 5646 1637 5703 et
1647 5635 1883 5723 praesentium
1899 5632 2088 5712 bonorum,
2106 5645 2139 5704 et
2151 5645 2334 5704 exerceant
2346 5633 2467 5720 fidem,
2482 5657 2576 5727 speon

444 5749 453 5772 ⁰
565 5733 723 5824 ptiooem
753 5735 905 5827 peccati,
943 5758 1047 5808 usum
1073 5746 1394 5822 sacramentorum,
1426 5735 1551 5804 discri-
1604 5735 1883 5821 invocationem,
1924 5733 2116 5825 gratiarum
2146 5734 2341 5829 actionem,
2374 5749 2411 5808 et
2440 5751 2578 5809 caeteras

562 5859 646 5906 men
661 5837 820 5910 iusticias
833 5849 994 5910 aeternae
1008 5854 1042 5913 et
1057 5840 1148 5914 vitae
1164 5837 1340 5932 politicae.
1391 5838 1470 5911 Sed·
1486 5861 1550 5908 ne·
1600 5837 1760 5912 virtutes.
1887 5859 1891 5870 ’
