5825 6950
559 696 661 779 1207
1146 683 1277 762 l‘lllL.
1300 680 1424 761 Mitt..
1450 680 1664 760 SCRIPTA
1686 668 1994 759 EXEGETICA.
2493 686 2576 761 libb

659 868 740 942 Hoc
754 868 861 939 modo'
880 865 1036 958 primum
1054 884 1204 953 persona
1217 859 1405 953 recipitur,
1429 872 1552 953 postea
1673 914 1678 925 ,
1702 850 1818 927 Erant
1832 852 1871 924 in
1888 876 2026 926 carcere
2041 850 2144 931 multi
2162 856 2275 929 sancti
2290 852 2376 947 viri,
2397 850 2487 927 inter
2505 882 2580 952 quos

558 975 719 1059 novitas,
741 994 848 1065 qnam
864 968 972 1038 efficit
986 964 1103 1049 Dens,
1126 978 1179 1036 est
1192 961 1350 1051 iusticia,
1378 976 1553 1057 qnatenus
1602 956 1671 1031 fuit
1688 959 1744 1027 vir
1759 958 1891 1027 nobilis
1905 958 2065 1043 Attalus,
2096 956 2127 1027 is
2142 954 2368 1051 reprehendit
2391 960 2509 1041 alium,
2530 964 2581 1054 qui

562 1092 615 1151 est
629 1098 720 1167 opus
732 1069 814 1145 Dei.
867 1068 939 1143 Sed
961 1068 1069 1139 simul
1093 1061 1210 1135 adhuc
1231 1064 1270 1133 in
1287 1068 1393 1135 nobis
1410 1074 1555 1133 manent
1605 1069 1740 1135 tanturn
1759 1082 1868 1151 pane,
1893 1056 1966 1131 sale
1982 1076 2016 1131 et
2033 1083 2124 1152 aqna
2140 1061 2341 1147 victitabat,
2364 1062 2499 1135 etdirit
2514 1086 2581 1133 euro

564 1180 677 1251 multa
694 1191 853 1268 peccata,
880 1172 969 1243 ideo.
986 1167 1405 1261 personapropteralind
1429 1179 1556 1236 estac·
1605 1186 1672 1233 suo
1699 1162 1861 1252 exemplo
1895 1163 1985 1237 alins
2018 1164 2188 1246 turbare,
2224 1164 2286 1256 qui
2306 1164 2584 1255 imaginarentur,

566 1294 686 1373 cepta,
712 1278 876 1347 videlieet
901 1284 1049 1364 propter
1072 1270 1315 1341 obedientiam
1339 1266 1558 1346 mediatoris,
1606 1287 1773 1341 sese-non
1787 1286 1860 1333 esse
1877 1278 2036 1355 sanctos,
2062 1266 2146 1357 quia
2171 1290 2244 1335 non
2262 1278 2333 1335 tarn
2349 1265 2485 1337 duriter
2501 1266 2584 1334 vive-

566 1406 658 1478 quae
681 1380 787 1451 etiam
810 1391 862 1449 est
882 1375 1042 1459 iusticia,
1080 1386 1116 1444 et
1148 1374 1293 1465 quidem
1322 1372 1384 1441 illa
1408 1369 1559 1448 iusticia,
1607 1380 1701 1439 rent.
1774 1362 1824 1436 Ut
1847 1382 1963 1437 summ
1986 1366 2166 1437 itta-aetas
2188 1380 2224 1438 et
2246 1388 2395 1461 corpora
2418 1366 2530 1446 laesit,
2557 1381 2585 1439 et

565 1496 843 1578 propterquam
873 1502 940 1548 nos
965 1498 1087 1547 somus
1114 1474 1183 1543 lide
1204 1474 1374 1565 accepti·
1416 1472 1459 1541 ln
1492 1466 1561 1539 hoe
1609 1466 1878 1561 superstitiosas
1912 1469 2104 1561 opiniones
2146 1470 2284 1540 addidit
2323 1469 2515 1551 exercitiis,
2547 1470 2585 1538 itt

568 1585 731 1677 exemplo
755 1581 977 1658 consideres,
1010 1591 1184 1670 qnantum
1208 1575 1371 1665 caliginis
1387 1572 1561 1645 offundat
1609 1594 1707 1642 nunc
1730 1569 1856 1641 laxatis
1881 1572 2036 1643 vinculis
2058 1572 2312 1657 traditionum,
2338 1571 2444 1643 multi
2463 1570 2500 1640 in
2515 1570 2586 1639 alte·

541 1689 631 1757 ‘illa
655 1685 787 1779 species
810 1682 1031 1775 sapientiae,
1065 1693 1100 1751 et
1123 1702 1229 1771 quam
1254 1676 1561 1748 difficilis-citer-
1611 1696 1687 1744 ram
1705 1685 1840 1763 partem
1857 1687 2013 1764 peccant.
2065 1671 2146 1743 Non
2174 1696 2354 1769 servamus
2368 1673 2534 1743 ordinem
2556 1674 2585 1740 ia

570 1789 729 1882 plicatio,
779 1784 851 1857 Sed
867 1782 1101 1853 annitendum
1118 1780 1224 1851 estin
1235 1778 1497 1862 tauniacensis,
1522 1789 1563 1846 ut
1612 1777 1711 1858 cibo,
1728 1774 2081 1865 ‚potuettahoritoo
2125 1774 2302 1867 Tempora
2320 1777 2412 1846 iuste
2428 1775 2514 1858 cibi,
2536 1798 2587 1864 po·

571 1904 607 1963 ct
635 1888 921 1960 confirmationes
951 1884 1071 1953 lirmas
1093 1883 1293 1967 teneamus,
1326 1892 1562 1975 et·qnantum
1612 1890 1690 1961 tus,
1713 1878 1978 1968 precationum,
1999 1878 2182 1963 laborum,
2196 1877 2399 1949 studiorum
2415 1878 2587 1945 ferenemo

574 1992 652 2060 fieri
677 2002 793 2083 potest
823 1986 1039 2057 obiectiones
1071 1982 1255 2075 perspicue
1281 1984 1484 2068 solvamus,
1525 2004 1565 2049 ac
1613 1993 1747 2064 servat,
1790 1991 1824 2049 et
1848 1980 1879 2048 si
1899 1980 1974 2073 ·qui
2008 1979 2139 2050 vellent
2169 2003 2329 2061 servare,
2351 1978 2588 2068 impediuntur

574 2094 692 2163 simos·
712 2111 884 2159 memores
912 2086 999 2157 dicti
1028 2085 1266 2157 Aristotelici:
1306 2081 1450 2158 Πολλοὶ
1481 2079 1566 2156 πλέ-
1614 2081 1810 2152 barbaricis
1832 2082 2061 2156 oeconomiis.
2112 2080 2252 2151 Deinde
2269 2106 2375 2175 quam
2392 2080 2587 2163 multisunt,

578 2193 707 2277 ξαντες
720 2183 783 2285 cd,
808 2192 933 2272 κακῶς
945 2180 1088 2261 λύουσι.
1529 2204 1544 2225 '¹
1580 2184 1584 2190 ’
1616 2184 1677 2279 qui
1693 2178 1902 2253 helluantur
1918 2206 2044 2273 magna
2062 2197 2160 2277 parte
2182 2186 2317 2269 noetis,
2342 2185 2453 2277 idque
2474 2183 2587 2251 faciunt

964 2330 970 2342 ·
1010 2322 1016 2334 ·
1219 2314 1228 2336 ’
1323 2326 1328 2338 ·
1429 2307 1444 2345 ’-
1562 2304 1570 2310 ·
1616 2286 1794 2369 securius,
1822 2286 1906 2379 quia
1928 2288 2079 2358 audiunt
2100 2286 2256 2357 inediam
2279 2306 2452 2357 nonresse
2475 2284 2587 2353 cultura

804 2420 897 2501 No„
910 2418 1337 2523 parcenpovcorpoppm·
1358 2411 1392 2460 ¹.
1475 2438 1478 2448 ·
1563 2490 1566 2505 Ι
1618 2388 1720 2509 Βοὴ.
1748 2384 1846 2459 llaec
1870 2389 2129 2509 considerandov
2147 2402 2248 2510 sunt,
2267 2386 2589 2505 etpppopendacst

972 2528 976 2533 ¹
1197 2551 1201 2556 .
1400 2514 1446 2553 ..a
1619 2490 1723 2579 Paule
1738 2491 1938 2582 admonitae
1952 2503 2103 2583 peccatis
2118 2504 2303 2585 uteturque
2319 2512 2513 2581 genertsu·

680 2599 869 2685 Vetnstas,
894 2620 985 2693 qnae
1008 2596 1079 2667 fuit
1103 2594 1279 2679 severior,
1298 2592 1417 2683 magis
1438 2592 1571 2663 amavit

577 2703 804 2798 disciplinam
822 2714 857 2773 et
873 2698 1038 2771 exercitia
1053 2696 1317 2787 temperantiae.
1366 2694 1491 2789 Aliqui
1509 2718 1571 2765 ex-

577 2807 772 2879 tenderunt
793 2803 950 2874 inediam
974 2801 1014 2869 in
1032 2800 1192 2870 triduum
1215 2798 1511 2889 reponentes,
1537 2812 1572 2869 et

580 2909 761 2978 laesemnt
782 2926 941 2997 corpora.
994 2896 1119 2995 Aliqui
1141 2901 1245 2971 etiam
1260 2900 1475 2971 affinxemot
1488 2902 1571 2972 talia

581 3033 689 3101 opera
704 3030 779 3079 esse
792 3009 909 3078 cultus
925 3003 1013 3088 Dei,
1039 3002 1215 3073 iusticiam
1231 3015 1267 3073 et
1285 3002 1573 3088 satisfactionem,

581 3125 617 3182 et
640 3108 768 3181 mereri
788 3108 1031 3179 remissionem
1055 3105 1181 3195 cnlpae
1204 3116 1238 3173 et
1262 3127 1416 3195 poenae,
1450 3118 1571 3175 nter·
1970 3156 1979 3172 .
2361 3158 2370 3175 ‚
2518 3155 2522 3165 ,

581 3204 1040 3306 Ρῐωωήμὶῑῃοωη
1092 3205 1145 3277 lm
1163 3206 1272 3275 mum,
1285 3206 1574 3297 dupliciwrpec·
1622 3166 1702 3239 nat,
1743 3156 1855 3224 utnde
1884 3178 1998 3225 causas
2022 3164 2088 3225 obs
2119 3158 2433 3241 commonefacrat,
2467 3164 2592 3246 propter

582 3326 764 3397 caverunt,
790 3312 947 3382 laesione
963 3332 1153 3399 corporum
1169 3320 1204 3378 et
1219 3308 1317 3377 falsis
1330 3308 1574 3428 opinionibus.
1623 3256 2148 3452 ᾙᾷῐξζὲἕὶἔῗξῑῖἓίᾘὲζ
2172 3256 2589 3454 ᾳῗὲἒῗεῐῐᾚὴξῐᾞΰέἓ
2637 3368 2638 3424 1

583 3414 728 3488 ldeoad
745 3408 975 3488 Timotheum
990 3410 1124 3484 Paulus
1149 3410 1391 3502 gravissimam
1407 3412 1573 3482 admem-
2064 3462 2072 3480 .
2358 3452 2374 3482 ,.

581 3520 718 3593 tionem
740 3518 865 3588 tradit:
891 3511 1303 3606 Corporaleexercitium
1323 3515 1366 3582 ad
1390 3514 1572 3584 modicum
1623 3475 1697 3648 ξεῖν’
1716 3462 2588 3659 ititlmiieplallofili&sigillioslrgelllellelllpllll,

583 3621 673 3692 utrle
695 3633 765 3701 est,
790 3630 903 3711 pretas
926 3618 971 3688 ad
995 3640 1116 3686 omnia
1137 3615 1237 3686 utrlts
1259 3629 1322 3687 est.
1381 3613 1452 3684 llrc
1466 3639 1572 3685 exer·
1622 3689 1745 3751 wax,
1779 3667 1983 3752 beneficus,0
2008 3670 2139 3754 iustus,
2172 3671 2300 3755 iudex,
2324 3669 2586 3752 catomum,

584 3722 668 3840 ἀφ
690 3736 731 3793 ¹¹²
756 3719 1141 3840 ¹⁸b⁰l⁰⁸'.⁰l''p⁰rl⁸.⁰l
1164 3715 1346 3836 imii'm’
1383 3741 1475 3836 ΨΘ
1504 3718 1571 3836 fibi
1621 3762 1785 3838 homines
1829 3769 2023 3840 exaudiens
2036 3784 2072 3842 et
2087 3754 2234 3842 salva'ns
2245 3785 2338 3842 recte
2354 3773 2559 3840 invocantes.

584 3846 736 3918 qutsque
755 3847 821 3894 suo
848 3824 981 3893 rudecto
1006 3835 1132 3904 sumn,
1164 3832 1341 3908 sapienter
1359 3820 1572 3890 daseermta
1792 3822 1804 3854 ’

584 3928 734 4018 pietate,
758 3925 797 3994 id
818 3939 888 4004 est,
919 3923 1122 3993 necessariis
1146 3921 1322 4010 cultibus,
1354 3935 1390 3991 et
1410 3921 1572 4015 loquitur
1722 3915 1769 3990 tlt
1784 3889 1832 3990 οἈ
1845 3915 2019 3990 honorem
2032 3922 2212 4012 pertinent
2226 3917 2311 3992 baec
2324 3925 2421 4011 dno,
2438 3883 2586 4008 videlicet.

588 4028 728 4097 diserte.
788 4023 916 4096 Cultus
937 4025 1098 4094 nominat
1123 4047 1230 4114 opera
1253 4024 1447 4092 necessaria
1469 4049 1573 4093 man·
1621 4019 1708 4093 haec
1728 4021 1833 4093 fateri
1851 4037 1884 4093 et
1900 4023 2073 4094 subiicere
2089 4049 2154 4094 nos
2170 4021 2259 4096 Deo.
2294 4013 2586 4095 ,Posteecumlw-

587 4130 670 4198 data
684 4150 703 4197 a
716 4124 813 4208 Deo,
838 4150 912 4196 noo
930 4129 979 4194 sic
991 4127 1153 4196 nominat
1166 4125 1234 4195 alia
1248 4148 1363 4216 opera·
1375 4123 1451 4194 no‘n
1468 4149 1572 4196 man·
1622 4125 1780 4194 minibus
1796 4121 1912 4196 honos
1934 4127 2123 4212 tribuitur,
2147 4149 2284 4219 semper
2308 4125 2524 4216 intelligatur
2538 4119 2586 4192 tri·

587 4233 669 4301 data
691 4253 712 4299 a
738 4226 836 4315 Deo,
873 4229 933 4296 sed
954 4229 1140 4311 exercitia,
1172 4229 1427 4298 et·=verecunde
1450 4245 1573 4318 repre·
1623 4227 1687 4296 bui
1712 4241 1858 4320 propter
1886 4227 2032 4320 aliquod
2064 4230 2246 4324 divinum,
2278 4230 2314 4298 id
2347 4245 2417 4316 est,
2450 4229 2524 4322 quia
2549 4221 2584 4291 ibi

584 4328 727 4404 hendit:
754 4327 811 4400 Ad
835 4329 1015 4399 modicum
1036 4330 1138 4400 utilia
1161 4340 1276 4397 sonat
1308 4323 1572 4419 Vult'intelligi
1621 4327 1719 4400 Deus
1734 4329 1869 4422 aliquid
1885 4353 1947 4421 per
1962 4353 2036 4398 sese
2053 4305 2135 4422 agit,
2159 4346 2197 4402 nt
2214 4325 2330 4402 bon'os
2345 4325 2585 4408 debeturMosi,
2636 4331 2637 4343 ¹

586 4434 667 4527 quis
686 4434 733 4504 sit
756 4455 880 4504 eornm
904 4455 1007 4516 usus,
1038 4445 1074 4501 et
1098 4429 1175 4499 vtslt
1199 4431 1345 4498 modum
1367 4453 1451 4501 esse.
1518 4432 1573 4502 Ac
1622 4429 1765 4514 Heliae,
1791 4433 1872 4524 quia
1892 4447 2025 4526 certum
2045 4448 2111 4514 est,
2136 4457 2196 4504 eos
2211 4449 2244 4505 et
2259 4435 2384 4506 missos
2400 4429 2583 4506 esseallet.

585 4536 668 4630 quia
684 4557 787 4625 saepe
801 4535 840 4603 in
857 4529 1012 4604 Ecclesia
1028 4533 1156 4605 stultae
1169 4546 1203 4603 ct
1218 4531 1480 4624 superstitiosae
1494 4535 1572 4626 opi·
1622 4547 1656 4604 et
1672 4523 1934 4628 domicilia'De'i
1947 4511 2037 4622 lesse,
2064 4549 2098 4606 et
2114 4538 2231 4607 lucere
2248 4515 2363 4607 Deum
2382 4519 2429 4624 xa'c
2446 4555 2535 4626 agere
2554 4529 2582 4596 in

584 4637 711 4706 niones
739 4637 784 4705 ad
817 4636 879 4706 illa
908 4634 1072 4705 exercitia
1106 4648 1342 4708 accesserunt:
1378 4637 1509 4705 multae
1538 4649 1573 4707 et
1622 4638 1682 4704 eis.
1738 4635 1788 4708 lta
1810 4633 2032 4727 intelligatur
2058 4633 2173 4708 honos
2198 4639 2502 4711 tribuendusesse
2521 4653 2580 4702 tot·

584 4739 738 4812 aliorum
760 4737 1024 4807 admonitiones
1049 4739 1097 4806 de
1121 4733 1188 4807 bac
1212 4760 1251 4805 re
1271 4736 1448 4825 leguntur.
1517 4737 1572 4808 Ex
1622 4739 1720 4831 pori,
1734 4729 1828 4832 'quia
1846 4739 1940 4810 Deus
1963 4739 2121 4811 infundit
2143 4763 2215 4812 sese
2238 4742 2276 4810 in
2290 4745 2449 4812 membra
2475 4748 2579 4814 nostra

587 4836 784 4910 Athanasio
801 4839 969 4908 recitatur
984 4834 1053 4909 hoc
1070 4840 1203 4909 dictum
1222 4839 1390 4908 memoria
1405 4839 1571 4928 dignum:
1622 4843 1661 4910 in
1678 4844 1821 4912 cerebm
1849 4841 2062 4930 cogitatione
2081 4843 2180 4914 verbi
2201 4845 2362 4915 accendit
2378 4846 2505 4922 lucem,
2527 4855 2578 4927 qm

586 4936 702 5012 καλὸν
733 4935 758 5034 ἡ
793 4938 947 5034 ἄσκησις
979 4936 1074 5032 μετὰ
1101 4937 1270 5033 ἀληθοῦς
1301 4933 1477 5038 γνώσεως
1507 4935 1572 5014 καὶ
1622 4967 1702 5014 eum
1733 4956 1826 5014 recte
1853 4944 2093 5031 agnoscimus,
2136 4961 2169 5017 et
2198 4935 2352 5017 involvit
2385 4971 2457 5016 sese
2486 4934 2576 5031 spiri·

586 5036 825 5137 συμμετρίας.
889 5041 991 5112 Bona
1018 5066 1073 5111 res
1098 5055 1150 5130 est
1173 5043 1378 5113 exercitium
1412 5045 1572 5133 corporis
1622 5059 1678 5117 tus
1708 5060 1847 5117 sanctus
1868 5045 2052 5134 spiritibus
2074 5049 2209 5131 cordis,
2242 5062 2275 5119 et
2299 5034 2434 5118 cerebri
2461 5061 2491 5115 et
2513 5057 2575 5108 ner·

584 5167 664 5214 cnm
686 5167 768 5213 vero
791 5143 972 5216 intellectu
996 5156 1031 5213 et
1054 5157 1268 5233 congruente
1291 5147 1418 5232 modo,
1450 5148 1571 5232 idest,
1621 5171 1767 5231 vorum,
1801 5161 1834 5218 et
1862 5161 1901 5216 ut
1929 5145 2070 5214 flamma
2092 5165 2231 5221 nostras
2261 5151 2418 5220 flammas
2443 5141 2573 5242 purificat

582 5245 647 5318 ubi
671 5259 723 5316 est
749 5246 836 5315 fider
855 5247 933 5315 sine
959 5242 1144 5316 haereticis
1170 5247 1410 5335 opinionibus.
1471 5247 1570 5334 ltem,
1620 5264 1654 5321 et
1676 5249 1816 5340 agitat,
1840 5262 1880 5318 nt
1905 5271 1982 5315 cum
2007 5245 2122 5318 David
2154 5251 2347 5343 praeliatur
2374 5253 2531 5321 invadens
2550 5250 2573 5305 tl

581 5348 644 5418 ubi
668 5347 777 5417 scitur
798 5344 863 5417 hos
884 5349 1025 5419 labores
1046 5363 1170 5419 nostro
1185 5349 1319 5420 iudicio
1337 5363 1472 5420 sumtus
1495 5374 1568 5420 non
1599 5367 1846 5444 pmsternens
1879 5345 2047 5434 Goliath,
2086 5377 2186 5424 mens
2220 5355 2378 5424 intuetur
2404 5353 2521 5432 Deum,
2549 5353 2572 5407 tl

581 5449 785 5520 essecultus
800 5445 887 5534 Dei,
914 5475 989 5520 nnn
1003 5451 1198 5534 iusticiam,
1224 5473 1297 5519 non
1321 5452 1507 5535 meritum,
1534 5467 1568 5523 et
1619 5455 1746 5545 cogitat
1769 5477 1848 5522 eum
1875 5453 1994 5521 adesse
2016 5454 2052 5520 in
2079 5448 2232 5524 Ecclesia
2256 5479 2337 5540 sua,
2363 5454 2481 5545 repetit
2500 5442 2571 5532 cogi·

460 5643 470 5651 ί
580 5549 644 5617 ubi
656 5545 743 5620 baec
757 5551 1016 5621 exercitia'sunt
1032 5552 1240 5635 mediocria,
1266 5553 1316 5622 ibi
1332 5554 1424 5622 bona
1438 5577 1495 5622 res
1517 5569 1567 5623 est
1616 5561 1749 5628 tatione
1766 5554 2015 5646 promissiones
2038 5550 2195 5637 divinas,
2221 5570 2253 5626 et
2269 5559 2387 5648 petita
2404 5557 2474 5627 Deo
2494 5544 2570 5618 auri-

579 5643 665 5718 haee
685 5654 904 5723 consuetudo
927 5675 964 5721 se
985 5654 1172 5738 frenandi,
1198 5655 1281 5746 qnia
1309 5669 1395 5724 tnnc
1415 5679 1565 5726 consue·
1616 5660 1704 5730 lium
1727 5658 1902 5728 divinum.
1968 5654 2019 5726 lta
2046 5651 2111 5726 bac
2133 5659 2346 5747 cogitatione
2368 5659 2460 5726 verbi
2481 5655 2568 5720 lucem

576 5752 667 5818 tudo
690 5748 784 5822 nibil
805 5754 904 5824 aliud
929 5767 998 5838 est,
1029 5778 1135 5847 quam
1159 5756 1336 5827 concinno
1358 5757 1486 5828 ordine
1510 5759 1565 5828 ri·
1614 5761 1773 5830 accendit
1790 5759 1896 5837 lilius,
1912 5773 1948 5831 et
1965 5756 2121 5846 Spiritus
2137 5775 2277 5831 sanctus
2290 5763 2350 5831 dat
2366 5762 2470 5830 robur
2484 5747 2568 5826 cordi,

579 5875 660 5920 vere
702 5868 795 5924 amat
811 5870 928 5926 autem
943 5869 1070 5926 natura
1084 5857 1257 5927 ordinem.
1614 5877 1726 5935 armat
1744 5885 1872 5933 nervos
1891 5863 1930 5930 in
1949 5854 2115 5935 brachiis.
2168 5861 2222 5934 lta
2243 5887 2370 5956 corpus
2385 5855 2516 5932 Daridis
2529 5859 2566 5918 cst

1720 2638 1899 2735 Praecipit
1925 2640 2059 2715 Paulus
2089 2639 2262 2716 honorem
2292 2638 2427 2715 habere
2461 2616 2590 2740 corpori,

1620 2747 1744 2825 idest,
1770 2745 1941 2844 praecipit
1954 2747 2081 2815 ordine
2095 2746 2235 2833 vivere,
2260 2760 2294 2818 et
2315 2771 2381 2817 nec
2404 2746 2520 2815 inedia
2540 2766 2589 2811 ner

1621 2843 1840 2918 helluatione
1874 2870 2023 2939 corpora
2057 2848 2208 2925 laedere'.
2257 2838 2328 2921 Sea
2354 2852 2421 2919 cur
2451 2846 2589 2917 nominat

1620 2944 1815 3053 honorem,
1850 2973 1931 3019 cum
1964 2951 2053 3021 satis
2075 2966 2178 3037 esset,
2211 2952 2337 3023 ordine
2368 2949 2502 3021 vivite?
2544 2946 2589 3017 Sic

1621 3051 1828 3145 loqueretur
1844 3052 2012 3123 medicus.
2064 3051 2135 3125 Sed
2152 3052 2284 3125 Paulus
2298 3051 2476 3125 honorem
2493 3046 2590 3121 nomi·
