5825 6950
323 676 394 750 tss
721 671 804 746 Xll.
854 667 1150 749 suessano
1177 669 1228 744 ΙΝ
1253 667 1439 750 IlVANG.
1468 668 1683 753 lOANNlSa
1740 673 1846 756 CAP.
1873 677 1958 756 Vll.
2021 787 2027 797 .
2293 691 2366 762 190

326 851 479 930 ratione,
514 847 576 918 vel
606 871 646 917 ex
669 831 833 918 doctrina
855 847 943 936 legis
972 847 1132 919 imlrcant
1156 848 1202 916 de
1225 843 1317 943 Περ,
1372 849 1577 920 testimonia
1597 850 1740 937 divina,
1777 855 1835 923 sed
1862 855 2029 927 mandato
2047 869 2081 929 et
2100 855 2287 935 autoritate
2301 887 2364 956 pa-

327 975 462 1022 neeesse
476 963 532 1023 est
554 950 803 1041 multipliciter
823 949 1000 1041 implicari
1027 952 1180 1020 tenebris
1204 961 1240 1019 et
1261 973 1318 1018 er·
1371 951 1437 1021 tris
1454 953 1585 1042 fungor
1601 947 1670 1023 boc
1686 979 1852 1040 munere,
1884 969 1925 1027 ut
1948 961 2057 1030 verbo
2078 985 2224 1054 arguam
2249 981 2283 1037 et
2306 967 2364 1036 iu·

329 1055 474 1125 roribus.
529 1051 717 1124 Autenim
741 1075 882 1122 securae
905 1067 1014 1122 rurant
1037 1052 1075 1120 in
1095 1050 1318 1120 manifestam
1371 1053 1484 1122 dicem
1508 1078 1649 1138 omnes,
1687 1057 1749 1150 qui
1771 1081 1843 1126 non
1867 1061 2016 1132 credunt
2037 1059 2253 1155 Evangelio,
2280 1062 2363 1148 huie

332 1155 579 1249 profanitatem
594 1167 628 1223 et
647 1155 785 1223 furores
802 1154 1006 1251 epicureos,
1038 1167 1100 1224 aut
1114 1153 1144 1223 si
1161 1152 1317 1225 retinent
1372 1155 1481 1226 verbo
1510 1179 1650 1230 neeesse
1684 1171 1735 1230 est
1759 1161 1886 1230 subiici
1911 1185 2034 1232 omnes
2058 1161 2240 1254 homines,
2272 1171 2363 1241 sicut

334 1259 526 1328 doctrinam
543 1258 648 1345 legis,
680 1255 862 1325 somniant
884 1279 922 1324 se
942 1255 1053 1325 iustos
1077 1255 1318 1348 qualicunque
1369 1257 1458 1326 alibi
1485 1257 1551 1328 ait:
1600 1255 1754 1349 Spiritus
1780 1275 1921 1332 sanctus
1954 1279 2077 1354 arguet
2109 1271 2283 1340 mundum
2317 1274 2361 1341 de

338 1360 554 1430 simulatione
571 1357 792 1428 obedientiae
808 1380 889 1446 erga
913 1358 1034 1446 legem.
1085 1356 1208 1426 Postea
1235 1380 1316 1425 curn
1340 1392 1344 1490 q
1369 1371 1529 1450 peccato,
1556 1360 1726 1453 quianon
1752 1365 1900 1435 credunt
1922 1365 1959 1434 in
1985 1392 2051 1438 me.
2104 1368 2225 1458 Quare
2249 1374 2362 1444 nolite

341 1463 488 1532 incidunt
512 1461 553 1529 in
584 1475 752 1539 terrores,
786 1471 1032 1553 nonqpossunt
1053 1457 1221 1546 eluctari,
1254 1460 1316 1527 secl
1368 1462 1539 1550 cogitare,
1565 1485 1627 1532 vos
1651 1464 1797 1554 impune
1820 1465 1955 1536 latinos
1979 1491 2053 1540 esse
2079 1465 2175 1542 hune
2200 1488 2361 1544 contem-

348 1563 581 1654 opprimuntur
595 1560 838 1652 dubitatione,
864 1585 955 1654 quae
979 1561 1082 1632 affert
1104 1562 1172 1632 alia
1197 1554 1315 1629 borri-
1369 1576 1465 1647 tum,
1491 1577 1552 1636 aut
1565 1587 1660 1634 meas
1675 1567 1862 1636 conciones
1879 1568 1997 1640 irritas
2012 1572 2107 1664 lore,
2133 1577 2203 1644 iam
2221 1577 2291 1646 lata
2307 1591 2360 1647 est

348 1668 412 1735 bilia
435 1678 599 1755 peccata,
631 1663 931 1754 desperationem,
957 1663 1081 1732 odium
1104 1663 1192 1746 Dei,
1221 1662 1316 1731 blas·
1367 1666 1561 1755 sententia,
1601 1681 1636 1737 et
1668 1691 1746 1738 meo
1775 1670 1974 1742 ministerio
2002 1677 2287 1766 promulgabitur
2319 1677 2385 1748 in'

344 1763 495 1860 phemias.
549 1761 713 1860 Denique
729 1779 826 1835 extra
847 1759 916 1833 hoe
930 1767 1076 1835 verbum
1102 1789 1176 1833 non
1201 1777 1315 1852 potest
1339 1812 1342 1847 ,
1366 1767 1573 1838 universum
1603 1768 1746 1855 orbem,
1787 1793 1880 1862 quae
1908 1775 2121 1862 pronunciat
2151 1779 2301 1848 iudicari
2326 1793 2360 1852 et

341 1869 468 1938 existere
489 1889 575 1936 vera
597 1868 657 1937 lux
680 1880 716 1938 et
738 1866 868 1936 noticia
883 1865 970 1952 Dei,
996 1890 1061 1947 nec
1081 1890 1238 1958 unquam
1257 1867 1314 1934 in·
1338 1855 1342 1949 Ι
1367 1870 1530 1938 damnari
1547 1865 1650 1940 aDeo
1664 1895 1798 1956 ornnes,
1824 1873 1886 1964 qui
1904 1897 1977 1943 non
1993 1880 2142 1948 credunt
2159 1874 2244 1950 huic
2263 1905 2360 1951 meae

337 1971 506 2060 alligant,
546 1984 609 2039 aut
637 1969 870 2061 experiuntur
893 1991 1010 2038 veram
1035 1969 1313 2038 consolationem
1367 1969 1466 2056 voci,
1499 1995 1565 2040 nec
1588 1973 1746 2061 proderit
1769 1974 1870 2044 vobis
1891 1975 2074 2064 gloriatio,
2109 1981 2209 2053 euius
2231 1982 2359 2053 fiducia

338 2073 370 2142 iu
380 2072 591 2156 terroribus,
617 2085 651 2141 et
675 2092 777 2140 veros
799 2084 916 2141 motus
938 2070 1157 2162 spirituales,
1179 2065 1314 2151 nisibi,
1366 2096 1423 2142 me
1446 2073 1717 2164 persequimini,
1751 2078 1849 2168 quod
1871 2078 1948 2148 sitis
1970 2080 2122 2170 populus
2145 2079 2231 2166 Dei,
2261 2085 2358 2178 quod

339 2176 390 2268 qui
402 2170 492 2244 bane
506 2197 631 2243 vocem
645 2169 834 2261 Evangelii
848 2173 1019 2264 prolatam
1035 2196 1054 2242 a
1069 2172 1143 2241 filio
1160 2171 1228 2242 Dei
1245 2170 1313 2242 lide
1365 2174 1442 2244 sitis
1459 2174 1582 2246 donati
1598 2175 1796 2267 praecipuis
1810 2179 1990 2248 beneficiis
2006 2181 2271 2269 miraculorum,
2294 2188 2359 2254 da-

341 2277 511 2367 areipiuet.
575 2272 697 2363 Quare
727 2275 855 2366 passim
885 2288 1005 2344 monet
1034 2275 1226 2365 scriptura,
1267 2297 1313 2342 ne
1336 2329 1339 2393 ,
1366 2289 1422 2346 tae
1437 2276 1542 2367 legis,
1568 2278 1864 2367 promissionum,
1890 2283 2096 2370 sacerdotii,
2123 2287 2266 2376 templi,
2294 2301 2358 2360 etc.

348 2379 475 2448 uramus
495 2401 565 2447 nos
583 2375 746 2445 abducis
767 2377 875 2446 verbo
901 2375 1040 2445 insidiis
1064 2376 1218 2457 diaboli,
1253 2392 1312 2449 aut
1335 2396 1339 2455 l
1366 2375 1441 2448 lmo
1467 2379 1549 2471 quia
1568 2380 1712 2473 pergitis
1737 2394 1860 2450 contra
1877 2377 2112 2472 Evangelium
2135 2387 2272 2473 furere,
2299 2390 2359 2458 fu·

355 2479 634 2578 siiispraestigiis,
659 2501 751 2571 quae
767 2479 875 2548 obiici
899 2490 1063 2568 possunt,
1090 2493 1129 2548 ut
1154 2479 1312 2547 conlidu·
1335 2467 1339 2599 Ι
1365 2491 1485 2552 turum
1510 2493 1580 2570 cst,
1620 2495 1661 2551 ut
1692 2505 1736 2550 ne
1775 2477 1861 2551 haec
1888 2485 2033 2576 quidem
2064 2489 2263 2573 retineatis,
2295 2489 2357 2559 sed

352 2576 572 2652 musbumana
592 2581 765 2672 sapientia
805 2593 865 2650 aut
886 2599 1095 2672 quaeramus
1109 2579 1195 2648 alias
1212 2604 1311 2649 arca·
1334 2602 1339 2723 Ι
1363 2582 1551 2670 amittatis,
1597 2595 1632 2657 et
1664 2578 1756 2654 hanc
1788 2584 1949 2676 politiam
1975 2601 2127 2660 vestram
2154 2603 2189 2660 et
2211 2606 2357 2664 aeterna

347 2705 395 2750 nas
417 2683 651 2754 revelationes
680 2695 775 2752 extra
806 2684 974 2787 verbupn,
1013 2682 1103 2752 sicut
1133 2681 1171 2750 in
1202 2682 1310 2752 Dent.
1362 2685 1472 2754 bona.

346 2783 557 2876 praecipitur:
593 2783 647 2853 Ne
667 2784 783 2868 dicas,
814 2783 894 2876 quis
915 2783 1072 2852 ascendit
1098 2785 1135 2852 in
1158 2785 1310 2862 coelum,

345 2909 434 2976 prope
448 2899 499 2957 est
512 2885 716 2972 verbumssin
729 2909 790 2954 ore
804 2895 877 2957 tuo.
931 2884 1040 2970 ltem,
1062 2881 1156 2954 Esai.
1172 2887 1224 2956 8.:
1254 2883 1310 2954 Ad

340 2988 434 3074 legem
456 3003 490 3059 et
511 2991 556 3058 ad
580 2985 842 3070 testimouium,
869 2989 965 3080 qnod
992 2988 1025 3057 si
1049 3010 1122 3055 non
1144 2987 1311 3064 dixerint,

340 3089 418 3158 iurta
436 3091 584 3160 verbum
599 3082 682 3160 hoc:
709 3087 791 3158 Non
810 3090 876 3158 erit
892 3090 942 3158 eis
958 3091 1129 3159 matutina
1146 3089 1216 3157 lux.
1263 3083 1311 3158 Et

336 3186 499 3262 Psalmus:
519 3189 682 3262 Lucerna
691 3193 842 3282 pedibus
852 3191 938 3259 meis
948 3191 1096 3260 verbum
1113 3203 1224 3275 tuum,
1241 3204 1305 3260 ete.

1466 2817 1545 2890 Hoc
1567 2822 1675 2892 modo
1700 2824 1889 2914 respondet
1917 2827 2199 2898 contemtoribus
2222 2829 2265 2897 de
2291 2851 2356 2898 suo

1363 2921 1500 3006 officio,
1527 2924 1645 2993 addita
1663 2926 1940 2998 comminatione
1964 2931 2008 2997 de
2031 2929 2175 3014 effectu,
2209 2930 2299 3000 dixit
2320 2953 2357 3000 se

1363 3045 1437 3091 esse
1474 3047 1660 3114 personam
1697 3025 1919 3119 loquentem,
1967 3030 2172 3100 afferentem
2206 3031 2355 3100 verbum

1363 3125 1496 3195 aeterni
1513 3125 1643 3216 patris,
1667 3140 1702 3196 et
1720 3123 1788 3197 hoe
1804 3131 1953 3204 verbum
1976 3132 2026 3201 ait
2052 3132 2172 3200 efficax
2197 3133 2273 3201 lore
2291 3135 2362 3221 ad·¹

1363 3249 1485 3294 versus
1509 3240 1765 3312 contemtores,
1800 3229 1983 3314 videlicet,
2014 3244 2054 3300 ut
2078 3254 2119 3301 co
2141 3232 2356 3317 iudicentur,

393 3355 529 3434 Multa
546 3355 666 3432 habeo
682 3354 725 3429 d,
742 3355 845 3429 ,obis
862 3354 984 3456 loqui,
1009 3365 1041 3427 α
1060 3352 1236 3432 pudicam
1362 3349 1425 3395 seu
1442 3329 1657 3413 damnentur
1679 3341 1713 3398 et
1732 3329 1926 3418 puniantur
1943 3355 2017 3399 nou
2034 3335 2215 3404 credentes
2232 3329 2355 3403 Evan-

1361 3427 1466 3517 gelio.
1518 3427 1701 3518 Significat
1722 3431 1816 3499 enim
1834 3455 1907 3501 non
1925 3433 1959 3501 vi
1978 3427 2133 3505 humana
2150 3455 2211 3505 seu
2228 3459 2355 3526 eorpu-

1361 3530 1448 3611 rali,
1489 3533 1549 3600 sed
1573 3532 1693 3601 divina
1723 3534 1880 3623 potentia
1915 3556 1951 3605 se
1975 3550 2249 3629 propagaturum
2280 3560 2355 3607 esse

1361 3634 1509 3703 verbum
1537 3646 1570 3702 et
1594 3634 1788 3714 facturum,
1826 3651 1865 3706 ut
1888 3637 1933 3707 sit
1951 3638 2069 3709 efficax
2087 3652 2210 3709 contra
2226 3652 2354 3729 poten·

1362 3736 1447 3806 tiam
1475 3748 1509 3805 et
1536 3735 1674 3805 furores
1701 3730 1856 3807 hostium
1882 3736 2080 3830 Evangelii.
2137 3738 2232 3811 Huic
2257 3741 2353 3811 dicto

1361 3837 1462 3933 addit
1475 3836 1756 3929 occupationem.

421 3493 532 3566 Brevi
564 3495 795 3587 responsione
832 3493 1001 3564 refutavit
1038 3496 1310 3566 contumeliosas

333 3599 604 3691 percontationes
615 3594 900 3669 Pharisaeorum.
952 3594 1081 3666 Passus
1103 3611 1152 3667 est
1175 3622 1212 3667 se
1235 3623 1309 3669 esse

334 3702 432 3769 filiurn
444 3698 533 3785 Dei,
560 3700 704 3770 missum
727 3723 747 3768 a
772 3710 888 3789 patre,
924 3696 1020 3768 iuxta
1045 3700 1310 3789 promissiones,

336 3804 495 3875 etafferre
513 3802 713 3873 doctrinam
729 3801 932 3884 coelestem,
963 3814 997 3870 et
1022 3802 1169 3870 verbum
1197 3804 1308 3872 tradi-

333 3917 397 3973 tum
411 3930 430 3975 a
445 3918 565 3995 patre,
588 3908 746 3996 adeoque
761 3897 956 3994 patefacere
976 3896 1068 3969 banc
1089 3902 1307 3974 voluntatem

331 4006 407 4092 Dei,
429 4009 528 4099 quod
553 4030 627 4075 non
643 4017 789 4099 propter
813 4001 944 4093 legem,
979 4006 1038 4072 sed
1063 4017 1199 4073 tantum
1226 4030 1308 4097 pro-

332 4123 399 4199 pter
413 4104 511 4179 hune
527 4108 640 4177 filium
655 4108 742 4176 velit
754 4106 890 4175 salvare
905 4106 1098 4190 credentes,
1123 4129 1189 4174 nec
1203 4108 1305 4177 aliter

332 4210 465 4280 liberari
481 4207 645 4281 homines
661 4234 681 4279 a
695 4220 809 4277 morte
830 4220 989 4292 aeterna,
1016 4207 1087 4274 nisi
1109 4207 1177 4276 fide
1199 4203 1307 4279 huius

329 4313 479 4397 domini,
512 4311 610 4381 missi
635 4312 680 4379 ab
705 4323 847 4379 aeterno
876 4322 993 4398 patre,
1032 4323 1072 4378 ut
1102 4332 1166 4399 per
1190 4311 1307 4401 ipsum
1437 4308 1550 4399 Quasi
1567 4310 1678 4380 dicat:
1704 4306 1781 4381 Etsi
1799 4312 1867 4381 iam
1883 4310 2171 4398 rideoeavobis,
2206 4336 2353 4384 necan-

328 4414 527 4504 colligatur,
554 4426 588 4484 et
602 4406 933 4493 salveturEeelesia,
957 4434 1053 4480 nunc
1068 4412 1195 4503 repetit
1211 4437 1307 4481 com·
1360 4412 1442 4480 dior
1459 4415 1505 4481 de
1521 4426 1619 4503 patre
1642 4414 1810 4505 loquens,
1848 4428 1964 4483 tamen
1987 4416 2061 4506 ipse
2087 4415 2274 4487 testabitur
2296 4436 2353 4485 me

328 4517 569 4586 minationem:
602 4512 720 4584 Multa
750 4508 931 4582 babeode
951 4512 1052 4580 vobis
1074 4513 1171 4604 loqui
1195 4528 1229 4584 et
1250 4514 1308 4581 iu·
1360 4538 1442 4582 vera
1460 4513 1605 4597 dixisse,
1632 4514 1699 4583 erit
1715 4514 1836 4583 efficax
1857 4538 1932 4582 mea
1950 4539 2054 4599 voce,
2083 4530 2117 4585 et
2139 4518 2182 4584 ad
2210 4517 2351 4584 salvan-

330 4618 459 4703 dieare,
484 4616 586 4710 qnasi
605 4616 715 4685 dieat:
743 4610 820 4683 Etsi
837 4612 1091 4683 convincimini
1115 4616 1308 4684 manifestis
1360 4617 1423 4684 dos
1440 4616 1641 4703 credentes,
1668 4630 1702 4685 et
1717 4617 1938 4684 damnandos
1956 4629 2200 4685 contemtores.
2243 4614 2352 4687 Hrrne

329 4720 533 4790 testimoniis
557 4738 655 4787 meae
676 4716 892 4795 vocationis,
924 4729 958 4785 et
978 4739 1055 4784 mea
1076 4715 1188 4806 ipsius
1209 4741 1305 4802 vore,
1360 4740 1433 4785 non
1451 4716 1589 4786 iacietis
1605 4718 1831 4801 mendacem,
1865 4715 1999 4787 etiamsi
2023 4717 2166 4807 pergitis
2190 4730 2351 4789 contem-

328 4846 389 4915 qua
416 4822 533 4915 probo
561 4844 619 4889 me
645 4820 793 4888 missum
823 4840 897 4885 esse
920 4840 940 4886 a
962 4830 1077 4909 patre,
1117 4830 1151 4887 et
1180 4818 1306 4887 afferre
1359 4842 1444 4888 nere
1466 4842 1581 4886 meam
1603 4842 1743 4903 votem,
1783 4818 1866 4911 quia
1896 4818 1967 4887 scio
2002 4842 2056 4887 me
2085 4819 2212 4888 allerre
2241 4820 2352 4912 ipsius

327 4924 428 5013 ipsius
444 4924 615 5007 verbum,
641 4935 760 4992 tamen
775 4919 923 4988 seientes
939 4918 1141 5009 repugnatis
1155 4920 1306 5005 veritati,
1359 4922 1528 4999 verbum,
1581 4934 1615 4990 et
1646 4920 1721 4989 eius
1754 4920 1922 4989 mandato
1958 4919 2058 5010 iungi
2091 4916 2158 4991 boc
2189 4946 2351 5005 munere,

275 5097 276 5102 ,
327 5048 384 5096 nec
398 5025 507 5097 vultis
530 5025 692 5108 credere,
715 5035 749 5091 et
767 5020 912 5112 pergitis
930 5042 987 5087 me
1005 5021 1142 5104 odisse,
1168 5036 1202 5091 et
1219 5048 1306 5091 eon-
1359 5045 1469 5113 quare
1484 5022 1714 5110 experiemini
1731 5044 1807 5089 non
1825 5021 1930 5089 luisse
1948 5020 2083 5090 irritam
2101 5046 2242 5109 vocem,
2269 5044 2350 5092 curn

327 5131 464 5199 tumelia
485 5126 635 5199 ailieitis.
686 5122 820 5192 Verum
845 5117 930 5191 haee
943 5121 1135 5192 obstinatio
1152 5146 1226 5192 non
1243 5126 1306 5192 dr·-
1358 5146 1468 5212 arguo
1488 5136 1521 5191 et
1541 5122 1659 5191 iudico
1677 5137 1826 5191 vestram
1844 5122 2149 5209 incredulitatem,
2173 5124 2256 5215 quia
2276 5144 2350 5192 non

329 5230 465 5301 terrebit
485 5252 563 5312 me,
588 5248 660 5321 quo
679 5225 798 5293 minus
812 5246 953 5315 pergam
975 5223 1089 5293 facere
1110 5248 1228 5293 meum
1250 5225 1306 5294 ol·
1360 5248 1457 5306 mea,
1490 5226 1549 5292 sed
1575 5224 1686 5315 patris
1709 5222 1883 5294 sententia
1908 5237 1942 5295 et
1964 5226 2131 5301 mandato
2162 5226 2351 5313 profertur.

329 5330 451 5406 bciunr.
511 5328 681 5423 lmoquo
702 5327 812 5416 magis
837 5348 900 5395 vos
930 5326 1225 5411 adversabimini,
1265 5350 1306 5396 eo
1358 5323 1438 5395 Hoc
1469 5326 1562 5394 dicto
1587 5349 1662 5394 non
1687 5326 1800 5395 solum
1824 5348 1898 5394 sese
1922 5326 2059 5415 solatur
2080 5328 2248 5395 adversus
2271 5320 2350 5411 bos,

329 5437 429 5523 magis
443 5453 587 5525 pergam
600 5428 692 5500 tueri
717 5448 849 5497 munus
872 5420 963 5494 mihi
985 5428 1155 5495 traditum
1170 5451 1189 5496 a
1206 5440 1306 5517 patre
1358 5428 1421 5520 qui
1450 5429 1600 5516 superbe
1629 5441 1664 5496 et
1693 5450 1813 5496 secure
1845 5428 2078 5497 contemnunt
2102 5425 2351 5516 Evangelium,

328 5538 481 5621 coelesti,
517 5532 701 5611 videlieet,
741 5550 936 5621 propagare
965 5551 1086 5597 vorem
1108 5526 1306 5618 Evangelii,
1358 5531 1419 5598 sed
1443 5529 1548 5597 etiam
1572 5530 1756 5599 confirmat
1787 5528 1883 5619 pios,
1919 5541 1958 5597 ut
1981 5528 2093 5598 sciant
2115 5526 2230 5597 Deum
2254 5542 2349 5597 certo

329 5650 360 5707 et
385 5658 547 5711 ateusm
578 5647 613 5705 et
633 5635 803 5703 damnare
829 5628 1113 5699 incredulitatem
1146 5643 1307 5701 vestram.
1358 5654 1421 5721 per
1435 5630 1671 5700 ministerium
1697 5625 1804 5699 buius
1820 5629 1916 5697 voris
1940 5630 2113 5698 efficacem
2138 5630 2230 5710 fore,
2265 5628 2349 5721 quia

328 5732 394 5811 llee
406 5744 482 5833 ipse
495 5758 597 5807 sumo
610 5729 701 5803 mibi
722 5728 791 5802 boe
815 5730 1007 5820 iudicium,
1034 5730 1124 5802 sieut
1139 5752 1201 5801 vos
1216 5734 1307 5802 iuste
1359 5732 1529 5800 mandato
1553 5732 1687 5805 aeterni
1702 5730 1813 5826 patris
1827 5730 1872 5801 ab
1889 5731 1965 5823 ipso
1982 5728 2055 5801 filio
2074 5728 2140 5809 Dei
2157 5730 2295 5823 prodita
2314 5742 2349 5802 et

329 5855 361 5913 et
374 5844 449 5914 sine
461 5862 566 5915 eausa
582 5859 639 5907 me
659 5832 856 5920 mennatis,
880 5832 955 5903 imo
976 5844 1100 5906 eontra
1122 5835 1307 5907 manifesta
1327 5890 1332 5927 :
1355 5833 1492 5928 prolata
1507 5846 1571 5913 est,

1412 4032 1491 4109 Sed
1503 4036 1571 4136 qai
1592 4062 1647 4109 me
1667 4036 1788 4127 misit,
1812 4062 1926 4111 verax
1945 4049 2015 4125 est,
2050 4050 2082 4113 et
2106 4064 2201 4142 puae
2223 4038 2356 4115 audivi

1465 4163 1513 4211 ex
1526 4164 1586 4228 eo,
1613 4138 1764 4241 loquor,
1789 4151 1852 4217 etc.
