5825 6950
308 661 374 738 ttt
714 657 800 734 Xll.
846 651 1143 736 lilidlilid'l'lo
1168 655 1221 733 ttt
1245 651 1433 738 EVANG.
1457 653 1675 740 loeutus.
1732 655 1838 742 CAP.
1864 661 1932 740 Vl.
2056 699 2060 706 ·
2267 669 2342 744 tta

308 837 413 912 dubie
440 833 682 908 universalem
712 847 750 907 et
773 834 964 927 gratuitam
986 857 1080 920 esse,
1112 846 1147 905 et
1169 853 1237 904 nos
1255 833 1297 904 in
1348 832 1453 904 clesia
1484 834 1635 906 affirmat
1658 858 1677 906 a
1700 831 1777 907 Deo
1801 837 1969 912 traditam
1994 861 2078 910 esse.
2130 837 2207 912 llac
2229 839 2342 932 igitur

307 944 399 1014 illam
429 939 672 1010 universalem
702 937 948 1022 includamus,
983 949 1019 1008 et
1042 939 1085 1006 ad
1112 931 1294 1008 Christum
1347 937 1463 1028 specie
1491 938 1595 1007 multi
1622 937 1747 1008 offensi
1771 963 1790 1009 a
1815 939 1890 1011 Deo
1914 941 2103 1028 deliciunt,
2136 958 2169 1014 et
2193 945 2341 1017 diiiicile

307 1043 522 1116 accedamus.
575 1038 717 1112 Scimus
738 1040 833 1109 item·
849 1041 1054 1109 mandatum
1074 1036 1140 1108 Dei
1162 1037 1296 1110 immu·
1347 1051 1399 1109 est
1415 1038 1560 1109 eluctari
1575 1063 1619 1108 en
1634 1035 1927 1122 hactentationc,
1954 1045 2014 1114 scd
2030 1047 2164 1136 opponi
2179 1046 2212 1116 ei
2227 1068 2335 1138 opor-

308 1145 407 1218 tabile
427 1165 529 1227 esse,
563 1144 660 1237 quod
683 1141 872 1235 praecipit,
897 1153 938 1211 ut
957 1142 1153 1215 credamus.
1202 1136 1294 1209 Cum
1346 1150 1396 1210 cet
1417 1141 1581 1209 miranda
1601 1142 1824 1229 testimonia,
1847 1146 1977 1236 quibus
1998 1148 2146 1216 verbum
2169 1144 2238 1216 Det
2262 1163 2336 1222 ua.

308 1244 367 1318 hac
392 1243 565 1315 doctriua
597 1267 679 1313 vera
708 1257 742 1314 et
772 1243 873 1313 brrna
900 1263 965 1312 nos
995 1240 1293 1325 confirmavimus,
1345 1241 1460 1312 ditum
1483 1254 1517 1312 ει
1540 1259 1770 1333 propagatum
1794 1259 1845 1316 est
1864 1247 2136 1341 indeusqucab
2153 1249 2277 1338 initio,
2299 1265 2338 1323 et

312 1349 447 1420 chucus
478 1340 572 1416 haec
599 1346 692 1417 dicta
717 1345 757 1412 iu
780 1342 916 1414 Ioanne
938 1355 974 1414 et
996 1343 1103 1427 alibi,
1138 1342 1294 1436 quaeda
1345 1341 1510 1434 exempla·
1525 1344 1721 1434 primorum
1744 1359 1896 1437 patrum.
1948 1345 2045 1420 Deus
2066 1351 2261 1422 manifestis
2280 1366 2335 1423 te·

313 1446 628 1545 praedestinatione
648 1447 822 1532 citantur,
855 1469 930 1514 nun
954 1466 994 1514 eo
1018 1442 1108 1529 dici,
1133 1456 1174 1514 ut
1194 1443 1294 1512 labe·
1344 1443 1519 1515 stimoniis
1548 1446 1801 1518 miraculorum
1826 1451 1982 1521 ostendit
2005 1472 2042 1521 se
2064 1453 2184 1524 adesse
2207 1454 2337 1545 exigno

320 1553 427 1624 iadaut
445 1551 582 1633 iidem,
607 1561 642 1619 et
656 1561 817 1620 evertant
833 1545 1124 1637 promissionem,
1148 1546 1209 1615 sed
1226 1545 1292 1614 do·
1344 1546 1461 1618 coetui
1477 1547 1705 1639 amplectenti
1719 1549 1795 1620 eius
1809 1553 1970 1627 verbum.

323 1655 445 1728 etnmm
475 1651 668 1722 continent
690 1645 1061 1721 commonefacientcm
1085 1669 1170 1732 nos,
1203 1669 1291 1739 qua-

321 1757 355 1826 lis
369 1757 407 1826 sit
420 1751 609 1839 Ecclesia,
634 1773 681 1823 ue
696 1751 824 1821 offensi
840 1749 964 1840 exigna
983 1761 1017 1818 ει
1031 1743 1160 1820 humili
1175 1747 1292 1839 specie
1444 1747 1638 1845 Postquam
1668 1773 1797 1843 magno
1819 1753 2010 1826 certamine
2031 1757 2117 1830 vicit
2136 1781 2236 1830 mans
2256 1761 2336 1854 cpi-

318 1861 397 1929 abes
410 1857 636 1927 aberremus.
686 1851 741 1922 Ac
757 1853 803 1921 de
816 1852 945 1923 effectu
959 1849 1294 1944 praedestinationis
1343 1873 1465 1922 cureas
1487 1853 1567 1923 illas
1589 1854 1835 1943 cogitationes,
1860 1857 2018 1928 exoritur
2038 1862 2231 1931 secundum
2254 1887 2332 1932 cer.

314 1960 406 2048 uagis
425 1979 542 2052 quam
566 1958 612 2025 de
625 1955 727 2026 causa
743 1953 952 2046 loquuntur.
1004 1949 1226 2043 Impossibile
1239 1965 1312 2021 est'
1342 1965 1461 2022 umen
1486 1956 1591 2028 etiam
1607 1979 1626 2024 a
1643 1957 1718 2044 lege
1733 1970 1870 2043 ortum,
1897 1959 1926 2026 si
1944 1961 2005 2051 qui
2024 1975 2109 2033 sunt
2123 1985 2227 2033 curae
2241 1962 2332 2050 Deo,

313 2085 374 2132 nou
398 2061 655 2150 obstupescere
686 2054 863 2126 rationem
892 2050 1107 2137 humanam,
1138 2053 1171 2121 si
1202 2075 1290 2123 cun-
1341 2068 1619 2128 consentaneum
1643 2071 1694 2128 est
1715 2083 1737 2129 a
1758 2056 1836 2130 ileo
1860 2059 1944 2149 eligi
1965 2061 2110 2152 dignos,
2144 2066 2234 2135 bene
2256 2090 2333 2136 me.

314 2166 387 2234 tem
400 2159 603 2233 Ecclesiam
623 2159 669 2228 ad
692 2156 840 2249 imperia
855 2156 997 2226 mundi·
1048 2150 1138 2226 Cum
1151 2150 1290 2231 Romae
1340 2171 1477 2236 rentes,
1512 2172 1729 2250 praesumes
1758 2161 1928 2249 ingeniis,
1958 2165 2148 2254 sapiencia,
2177 2167 2332 2252 iusticia,

316 2267 466 2354 regnabat
485 2258 674 2350 Augustus
697 2259 836 2350 sapiens
859 2257 1042 2349 princeps,
1068 2268 1105 2327 ει
1124 2256 1290 2326 salutaris
1341 2271 1375 2328 et
1397 2257 1478 2348 aliis
1502 2261 1705 2336 virtutibus.
1755 2259 1833 2358 Ego
1855 2286 1911 2332 me
1927 2265 2042 2336 sentio
2059 2267 2163 2358 longe
2179 2267 2329 2340 inferio-
2422 2306 2426 2314 ·

320 2368 590 2447 orbiterrarum,
614 2376 646 2434 ει
664 2357 1290 2451 magnoslaboressustineretinre-
1320 2381 1414 2429 ,rem
1446 2383 1520 2432 esse
1549 2361 1676 2447 Saule,
1716 2359 1895 2445 Aristide,
1938 2363 2106 2453 Platone,
2151 2367 2334 2460 Scipione,

326 2469 417 2558 gendo
435 2464 610 2558 imperio,
637 2474 671 2532 et
693 2463 822 2532 tuenda
846 2484 950 2552 pace,
977 2473 1011 2530 et
1035 2471 1176 2530 senatus
1199 2471 1289 2530 esset
1339 2455 1525 2550 Augusto,¹
1551 2466 1731 2555 quomodo
1761 2479 2037 2538 consentaneum
2062 2483 2114 2539 est
2137 2493 2194 2538 me
2218 2472 2333 2560 magis

322 2591 445 2661 magnus
472 2579 598 2637 coetus
627 2565 784 2634 virorum
815 2558 1046 2633 honestorum
1071 2573 1107 2632 ει
1126 2562 1287 2654 prudeu-
1338 2561 1488 2633 electum
1504 2587 1587 2649 esse,
1612 2589 1720 2658 qrram
1735 2559 1802 2636 hos
1818 2589 1974 2638 summos
1988 2570 2109 2640 viros?
2157 2569 2237 2642 lloc
2253 2597 2329 2642 cer-

317 2685 392 2756 tum,
413 2670 479 2763 qui
500 2689 652 2758 magnas
671 2689 726 2736 res
747 2667 936 2756 gerebant,
962 2677 999 2736 et
1012 2662 1143 2732 molem
1157 2664 1286 2754 guber·
1337 2676 1456 2733 tamen
1478 2665 1592 2736 multo
1616 2665 1796 2738 diifrcilius
1818 2683 1870 2739 est
1893 2669 2095 2760 superiore,
2120 2668 2233 2743 ethic
2256 2675 2330 2743 iam

311 2772 450 2842 nationis
481 2771 524 2839 iu
553 2781 630 2840 toto
659 2769 746 2838 orbe
775 2767 1015 2851 sustinebant,
1043 2764 1124 2858 quis
1150 2764 1287 2852 ⁷diceret
1337 2770 1549 2857 opponenda
1573 2781 1626 2840 est
1648 2767 1856 2858 cogitationi
1881 2770 2083 2861 dignitatis,
2114 2799 2183 2844 vox
2204 2769 2328 2845 Evan-

309 2870 388 2944 huuc
408 2883 555 2944 coetum
575 2893 651 2940 uon
666 2892 739 2939 esse
754 2864 948 2939 Ecclesiam
963 2865 1050 2951 Dei,
1070 2867 1137 2935 sed
1156 2889 1285 2956 paucos
1337 2866 1419 2958 gelii
1442 2870 1486 2939 de
1509 2865 1672 2955 Christo,
1698 2885 1732 2942 et
1755 2873 1928 2963 particula
1951 2870 2085 2950 Gratis.
2134 2871 2210 2966 Ego
2233 2874 2327 2946 nihil

307 2977 489 3070 quosdam,
510 2984 547 3041 et
569 2972 716 3042 miseros
736 2964 899 3040 homiues
915 2971 954 3039 in
973 2967 1122 3055 iudaea,
1147 2963 1284 3037 Zacha-
1335 2991 1414 3039 sum
1438 2971 1586 3044 collatus
1604 2973 1645 3042 ad
1670 2970 1832 3059 Saulem,
1864 2968 2077 3057 Aristidem,
2109 2975 2330 3068 Scipionem,

305 3080 401 3158 nam,
433 3067 646 3159 Elisabeth,
677 3071 900 3152 Simeonem,
926 3070 1092 3154 Annam,
1115 3068 1284 3155 Mariam,
1336 3069 1540 3158 Platonem,
1563 3072 1780 3164 Augustum,
1806 3078 1865 3146 sed
1883 3075 1946 3144 biii
1958 3077 2028 3147 Dei
2044 3078 2200 3170 dignitag
2212 3079 2330 3150 maior

303 3175 420 3271 loseph
444 3189 481 3246 et
502 3175 641 3268 aliquot
664 3175 795 3242 similes
821 3196 893 3242 esse
914 3171 1126 3256 Ecclesiam,
1147 3184 1183 3240 et
1206 3168 1282 3240 Deo
1335 3183 1405 3255 est,
1431 3196 1537 3264 quam
1561 3198 1685 3244 omnes
1707 3178 1868 3245 omnium
1891 3201 2112 3248 summorum
2137 3175 2326 3250 homiuum

301 3306 392 3353 curae
415 3301 513 3362 esse,
539 3291 574 3347 et
593 3290 731 3347 tantum
757 3269 853 3344 hunc
872 3275 1036 3362 exignum
1060 3285 1093 3340 ει
1113 3273 1281 3341 miserum
1335 3272 1493 3347 virtutes.
1549 3271 1798 3364 Asperuantur
1824 3271 1910 3348 haec
1942 3272 2105 3348 homines
2136 3276 2327 3372 prophani,

301 3399 430 3456 coetum
447 3379 587 3450 socium
604 3379 680 3448 iore
694 3377 827 3448 aeterni
844 3375 942 3465 regni
961 3372 1053 3444 uei?
1103 3369 1194 3443 Cum
1209 3374 1281 3462 igi·
1333 3373 1394 3441 sed
1425 3397 1491 3442 nos
1516 3373 1554 3442 in
1578 3371 1733 3445 Ecclesia
1758 3400 1832 3445 non
1854 3401 2084 3469 aspernemur
2106 3381 2217 3450 fllium
2241 3380 2325 3454 Dei.

299 3502 346 3559 tur
367 3482 439 3554 hac
461 3482 578 3573 specie
601 3482 690 3551 ratio
713 3492 918 3563 moveatur,
942 3498 1082 3546 necesse
1103 3489 1154 3549 est
1176 3476 1280 3545 nobis
1333 3470 1440 3545 Hunc
1462 3500 1575 3547 unum
1599 3480 1750 3548 sciamus
1771 3482 2001 3551 constitutum
2019 3506 2091 3553 esse
2108 3484 2326 3575 propiciato-

297 3589 380 3661 tradi
391 3583 785 3663 commonefactionem,
810 3578 1171 3660 seuconsolationem,
1190 3601 1280 3671 quae
1332 3602 1427 3659 rem,
1454 3602 1520 3649 nec
1540 3578 1651 3649 uliam
1668 3602 1741 3649 esse
1755 3582 1984 3671 sapientiam,
2009 3599 2041 3655 et
2060 3586 2235 3658 iusticiam
2253 3582 2325 3657 hu-

297 3692 476 3763 ooubrmet
506 3708 594 3769 uos,
630 3697 672 3755 ut
698 3681 894 3754 Ecclesiam
922 3682 1074 3751 sciamus
1101 3679 1279 3769 alligatam
1332 3702 1474 3749 mauam
1497 3682 1760 3751 anteferendam
1784 3678 1868 3753 huic
1891 3686 2087 3758 mediatori.
2150 3682 2248 3758 llaec
2271 3703 2325 3759 est

297 3818 365 3865 esse
379 3792 426 3862 ad
440 3784 697 3877 Evangelium,
720 3808 796 3855 non
811 3786 855 3853 ad
871 3806 999 3872 genus,
1024 3803 1099 3850 non
1117 3781 1279 3854 multitu·
1332 3805 1433 3851 causa
1456 3781 1649 3873 particulae
1676 3780 1815 3869 Gratis,
1848 3810 1911 3853 cur
1932 3786 2036 3858 toties
2061 3786 2208 3879 repetita
2231 3784 2277 3861 sit
2300 3814 2325 3859 a

294 3898 431 3975 dinem,
456 3913 533 3959 non
557 3888 770 3979 potentiam,
794 3886 966 3978 imperia,
991 3883 1220 3976 sapientiam,
1245 3897 1280 3955 et
1331 3880 1468 3968 Paulo,
1494 3883 1576 3977 quia
1598 3884 1673 3954 vult
1695 3908 1761 3954 nos
1777 3886 1927 3955 avellere
1943 3902 1977 3959 ει
1992 3884 2194 3961 abstrahere
2209 3912 2229 3959 a
2245 3890 2324 3963 col-

293 3996 465 4071 iusticinm
482 3991 582 4080 legis.
1330 3982 1464 4054 latione
1478 3984 1687 4055 meritorum
1705 4000 1737 4055 et
1750 3987 1932 4076 dignitatis
1948 3984 2145 4073 homiuum,
2172 3993 2216 4061 ad
2234 4016 2322 4063 cou-

385 4094 490 4167 liaec
515 4106 567 4162 est
592 4085 686 4162 haud
710 4088 818 4159 dubie
841 4085 1014 4158 sententia
1039 4084 1216 4156 dictorum
1239 4084 1277 4155 in
1330 4100 1486 4175 spectum
1510 4087 1617 4157 unius
1633 4082 1767 4159 Christi
1792 4090 2006 4160 mediatoris.
2059 4088 2184 4167 Tertia
2203 4106 2322 4165 tenta*

292 4194 611 4273 loanneetPaulu.
663 4189 811 4262 interim
826 4204 944 4261 tamen
962 4211 1084 4258 verum
1100 4185 1277 4258 estDeum
1330 4188 1380 4256 tio
1402 4201 1454 4257 est
1478 4190 1520 4256 de
1543 4188 1830 4281 particularitate.
1883 4190 1973 4263 Cium
1997 4192 2199 4265 audivimus
2218 4194 2321 4265 refici

291 4306 379 4373 relic
400 4321 527 4371 omnes
543 4296 659 4365 salvos
673 4294 768 4379 fieri,
793 4305 827 4362 et
845 4290 1112 4381 promissionem
1130 4290 1277 4361 univer·
1329 4304 1574 4378 argumentum
1590 4290 1678 4383 legis
1691 4292 1734 4359 de
1751 4291 1921 4380 dignitate
1936 4307 1968 4363 et
1986 4294 2133 4377 meritis,
2159 4292 2218 4365 hic
2233 4320 2319 4367 vero

287 4408 395 4477 salem
418 4423 516 4483 esse,
550 4400 647 4489 quod
670 4418 774 4464 nemo
798 4416 925 4483 negare
948 4406 1074 4483 potest.
1124 4389 1276 4463 Causam
1329 4391 1414 4459 novi
1438 4390 1612 4461 tumultus
1636 4391 1674 4459 in
1692 4405 1811 4460 mente
1825 4394 1991 4470 existunt.
2045 4395 2266 4487 Quiaalege
2284 4411 2321 4469 ει

289 4509 394 4599 igitur
410 4499 656 4573 damnationis
669 4498 929 4567 oririanostro
945 4506 1098 4584 peccato.
1150 4495 1276 4563 Desa·
1328 4492 1517 4563 collatione
1545 4492 1753 4579 meritprum
1784 4495 1994 4581 disceditur,
2027 4498 2184 4588 disputat
2217 4520 2320 4567 mens

288 4611 361 4679 lnte
377 4628 465 4677 vero
479 4603 532 4673 sic
545 4601 792 4681 sentiendum,
819 4596 938 4667 vocari
951 4617 1016 4667 uos
1034 4616 1097 4683 per
1111 4588 1274 4683 lirange-
1329 4594 1443 4663 Deum
1459 4616 1531 4663 esse
1547 4617 1776 4682 personarum
1795 4611 2025 4687 acceptorem,
2043 4622 2084 4666 ex
2099 4612 2173 4668 toto
2186 4622 2317 4687 gruere

289 4714 395 4795 hum,
421 4722 457 4777 et
478 4702 642 4775 assentiri
658 4723 724 4769 nos
738 4700 885 4783 debere,
909 4711 1037 4767 etcum
1054 4697 1277 4780 assentimur,
1328 4689 1487 4767 humano
1508 4696 1678 4790 quosdam
1702 4708 1904 4788 excerpere,
1930 4722 2019 4791 quus
2043 4700 2112 4769 sibi
2136 4702 2317 4791 adiungat,

288 4808 381 4883 haud
398 4808 511 4880 dubie
526 4828 592 4876 uos
605 4799 698 4875 trahi
715 4816 751 4875 et
763 4800 935 4895 consequi
950 4796 1275 4871 reconciliationem
1327 4811 1482 4867 caeteros
1504 4820 1604 4889 pares
1626 4796 1782 4871 relicere.
1835 4796 1936 4867 Talis
1956 4800 2079 4871 electio
2104 4802 2180 4871 sine
2200 4804 2314 4872 causis

286 4915 505 5009 promissam.
1328 4898 1469 4969 videtur
1507 4895 1702 4992 tyrannica.
1771 4896 1866 4967 Huic
1896 4902 2082 4971 tentationi
2113 4918 2316 4994 opponatur

386 5010 606 5087 Concutitur
628 5002 783 5077 humana
808 5002 898 5074 ratio
920 4998 1044 5070 multis
1065 4998 1274 5071 offensioni·
1325 4998 1535 5069 universalis
1550 4998 1758 5090 promissio,
1786 5022 1875 5091 quae
1889 5013 2038 5071 testatur
2052 4998 2168 5073 Deum
2185 4996 2314 5075 offerre

287 5120 373 5201 bus,
403 5112 544 5208 quoties
571 5093 669 5179 videt
700 5130 779 5192 eos,
809 5106 872 5198 qui
899 5126 973 5171 uon
1001 5116 1084 5173 sunt
1107 5100 1274 5185 Ecclesia,
1325 5102 1674 5183 omnibussalutcm,
1701 5101 1932 5172 necclubium
1948 5106 2220 5175 estmandatum
2238 5126 2313 5173 esse

289 5220 495 5291 antecellere
519 5210 770 5291 multitudiue,
803 5204 979 5298 potentia,
1007 5204 1186 5295 imperiis,
1218 5224 1273 5270 sa·
1324 5197 1415 5291 Dei,
1440 5217 1480 5274 ut
1501 5196 1586 5269 huic
1608 5202 1833 5290 promissioni
1851 5226 1973 5274 omnes
1989 5208 2151 5291 credant,
2174 5207 2257 5273 item
2270 5219 2311 5275 ut

289 5322 434 5415 pientia,
469 5312 704 5392 fortitudine,
735 5324 770 5380 ει
799 5307 921 5378 multis
945 5306 1147 5378 virtutibus.
1204 5300 1274 5371 llic
1325 5326 1447 5373 omues
1477 5302 1623 5373 audiant
1651 5298 1763 5372 blium
1787 5300 1864 5372 Dei.
1925 5304 2025 5395 Quos
2055 5305 2162 5395 igitur
2184 5303 2314 5397 elegit?

291 5427 438 5517 primum
450 5419 607 5508 disputat
616 5434 730 5497 meus,
755 5435 801 5483 au
811 5410 857 5480 sit
866 5408 1102 5501 providentia,
1124 5400 1273 5475 anDeus
1322 5401 1555 5495 Respondes:
1581 5402 1692 5492 Eligit
1712 5426 1789 5487 eos,
1812 5406 1876 5497 qui
1893 5428 1930 5474 se
1945 5421 2141 5479 sustentant
2155 5408 2327 5501 promis-¹

293 5544 381 5601 turer
401 5518 597 5593 homines?
646 5513 895 5588 Ratiocinatur
914 5510 1010 5578 enim
1029 5533 1070 5579 ex
1089 5509 1183 5599 lege,
1209 5507 1273 5575 de·
1323 5504 1442 5592 sione,
1469 5528 1558 5599 quae
1580 5520 1724 5596 propter
1745 5504 1858 5573 lilium
1877 5504 2055 5597 proposita
2071 5524 2130 5578 est.
2182 5506 2327 5596 Quen-¹

292 5628 365 5701 bere
383 5623 517 5697 melius
539 5642 615 5689 esse
633 5616 756 5698 iustis,
780 5616 893 5685 iustos
911 5613 1040 5681 debere
1059 5608 1219 5701 imperiis
1237 5622 1273 5678 et
1322 5630 1429 5700 quam
1452 5606 1561 5695 igitur
1582 5628 1656 5674 non
1678 5619 1823 5697 propter
1844 5601 2030 5677 hominum
2054 5606 2178 5679 merita
2198 5608 2309 5698 eligit,

292 5730 459 5821 dignitate
484 5723 625 5793 llorere.
683 5718 733 5789 Αι
758 5718 800 5787 in
823 5714 958 5783 mundo
979 5726 1099 5783 tenent
1123 5708 1271 5802 imperia
1319 5723 1439 5781 tamen
1462 5708 1651 5777 discrimen
1673 5720 1725 5777 est
1749 5708 1917 5777 intereos
1933 5710 1994 5802 qui
2012 5712 2246 5803 recipiamur,
2273 5722 2307 5779 et

292 5834 404 5927 inpii,
428 5842 466 5901 et
488 5834 686 5919 pugmutes
705 5844 786 5897 cum
809 5839 848 5891 ea
872 5814 1055 5903 doctriua,
1078 5836 1185 5909 quam
1200 5810 1271 5885 lie-
1321 5826 1488 5889 caeteros.
1540 5808 1629 5883 Nam
1652 5804 1691 5879 bi
1715 5808 1778 5905 qui
1800 5808 2040 5902 recipiuntur,
2066 5812 2220 5885 retinent
2244 5834 2308 5901 vus
