5825 6950
399 683 465 760 su
572 683 675 764 snt
725 688 761 761 a.
786 679 1156 766 cuuusnranu
1179 685 1230 764 ιιι
1254 687 1411 784 artsr.
1436 687 1587 772 eausa
1613 692 1681 774 au
1706 671 1973 778 nonanus.
2025 701 2133 780 car.
2159 701 2241 778 vn.
2345 710 2422 786 aaa

492 855 570 933 lam
592 853 653 932 bic
679 858 930 954 amplificanda
959 872 1013 933 est
1043 850 1307 952 misericordia,
1339 877 1382 937 ut
1431 880 1531 960 gata,
1556 871 1654 964 quod
1676 869 1805 944 attinet
1826 872 1870 946 sd
1895 870 2201 965 iustificationum,
2224 901 2299 950 non
2324 887 2421 977 quod

395 957 480 1032 baec
495 962 651 1052 ipsanos
665 963 836 1037 exuscitet
850 965 896 1035 ad
918 965 1011 1036 bene
1031 969 1264 1056 operandum.
1317 965 1379 1037 ln·
1431 973 1477 1047 ad
1494 973 1736 1046 obedientiam
1759 975 1905 1060 attinet,
1931 976 1968 1047 id
1994 991 2063 1066 eat,
2090 981 2292 1054 obedientia
2317 1008 2419 1076 prae·

392 1087 479 1154 gens
494 1079 529 1134 et
543 1064 738 1136 ineffabilia
759 1066 901 1137 bonitas
923 1063 990 1138 Dei
1011 1081 1081 1151 est,
1106 1071 1201 1161 quod
1216 1067 1314 1142 Deus
1338 1069 1378 1140 in
1429 1077 1556 1147 stands
1570 1090 1641 1163 est,
1666 1089 1701 1148 et
1718 1077 1863 1170 quidem
1880 1077 2055 1158 incoatur.
2105 1079 2157 1155 Et
2170 1096 2289 1156 tamen
2302 1087 2418 1158 scien-

392 1166 623 1238 trcdentibus
637 1168 811 1260 approbat
827 1163 920 1240 bane
934 1169 1193 1253 obedientiam,
1219 1195 1309 1265 quae
1324 1186 1378 1243 ta-
1429 1178 1515 1246 dum
1530 1191 1582 1250 est
1597 1202 1663 1251 nos
1682 1178 1826 1266 interim
1844 1193 1990 1273 propter
2005 1176 2187 1254 Christum
2206 1185 2317 1260 iustos
2331 1212 2417 1276 esse,

389 1291 473 1340 men
486 1269 674 1340 mirificam
698 1264 806 1341 babet
826 1270 1068 1344 infirmitatem
1092 1284 1126 1343 ιι
1148 1273 1374 1346 dissimilitu·
1428 1295 1469 1352 ut
1495 1295 1634 1352 maneat
1659 1281 1871 1354 beneficium
1900 1297 2046 1355 certum.
2097 1282 2195 1357 Haec
2220 1291 2415 1382 responsio,

390 1373 533 1456 dinem,
558 1383 596 1442 et
610 1370 733 1444 multis
748 1373 915 1444 sordibus
936 1388 971 1446 et
985 1373 1162 1444 scandalis
1184 1391 1236 1446 est
1251 1391 1374 1446 conta·
1427 1405 1508 1452 meo
1530 1383 1682 1468 indicio,
1716 1379 1808 1454 nihil
1833 1379 1939 1458 babet
1967 1386 2126 1477 perplexi
2157 1402 2218 1460 ant
2244 1390 2416 1481 intricati,

388 1475 535 1544 minata.
586 1469 686 1563 Ergo
703 1498 778 1545 non
790 1476 955 1548 debilitet
972 1488 1033 1547 aut
1044 1476 1220 1549 deterreat
1235 1479 1375 1549 animos
1426 1486 1471 1556 de
1486 1509 1555 1579 qua
1576 1500 1695 1558 tamen
1712 1487 1949 1578 prudentibus
1974 1489 2143 1578 permitto
2157 1491 2344 1570 indicium.

388 1575 580 1657 dubitatio,
602 1575 662 1646 sed
682 1576 756 1665 ipsa
772 1579 982 1668 magnitudo
995 1578 1268 1662 misericordiae,
1283 1605 1374 1675 quae
1704 1633 1801 1708 Ab.
1879 1631 1915 1707 Α
2055 1635 2138 1689 ..ρ

387 1677 565 1769 approbat
594 1679 789 1771 quamlibet
815 1679 993 1766 infirmos,
1024 1681 1053 1749 si
1086 1697 1202 1754 tamen
1228 1687 1375 1754 credant
1763 1647 1824 1748 ω·
1913 1661 1938 1707 '¹
1962 1647 2124 1712 ”mm

309 1852 310 1863 ,
385 1781 423 1849 in
433 1775 620 1852 Christum
636 1793 702 1855 etc.
742 1778 875 1853 invitet
891 1806 958 1854 nos
972 1785 1016 1852 ad
1033 1785 1123 1865 bene
1136 1787 1374 1877 operandum.
1528 1772 1662 1847 Paulus
1679 1774 1788 1850 diluit
1809 1775 2044 1848 obiectionem
2059 1777 2200 1850 duobus
2221 1801 2411 1872 argumen-

302 1962 305 1971 ὁ
382 1879 491 1954 Hanc
513 1881 715 1952 doctrinam
736 1895 772 1955 ιι
792 1885 1073 1960 consolationem
1101 1900 1218 1972 extare
1240 1887 1280 1958 in
1302 1883 1373 1960 Ec-
1424 1870 1490 1962 tis,
1515 1879 1977 1971 quaeflmbttfflsslfflffl
1999 1877 2097 1948 fiMll
2122 1896 2258 1968 ⁸1¹¹¹¹l22
2284 1885 2340 1954 Vel
2364 1887 2410 1956 ab

301 2050 314 2085 y:
382 1985 491 2056 etesia
513 2005 656 2054 necesse
677 1996 750 2072 cst,
787 1999 829 2059 ιιι
857 1988 1216 2082 sciamusquatenus
1244 2003 1281 2061 ιι
1307 1989 1374 2060 ubi
1424 1977 1565 2050 effectu·
1613 1974 1975 2074 Ch¹l⁵l¹¹⁸³ilt³³ffllla
2000 1993 2039 2051 ¹¹1
2058 1983 2213 2056 ³b0leret
2227 2000 2407 2076 peceatum

309 2124 315 2153 ι
380 2091 480 2159 hona
494 2109 604 2178 opera
622 2086 813 2160 reiicienda
828 2088 919 2170 sina,
946 2102 1170 2184 anquatenus
1186 2090 1372 2188 requiam.
1424 2094 1460 2151 et
1474 2088 1644 2169 mortem,
1664 2096 1699 2155 ct
1720 2083 1919 2155 restitueret
1940 2095 2125 2172 naturam,
2150 2101 2189 2158 ut
2212 2087 2408 2162 instaurata

306 2206 313 2269 ,ι
380 2193 448 2276 da,
473 2203 511 2262 et
524 2191 706 2284 quomodo
728 2189 891 2284 placeant
912 2189 1002 2264 Dec.
1424 2173 1554 2254 babeat
1571 2183 1677 2256 vitam
1693 2198 1893 2272 aeternam,
1917 2209 2010 2283 quac
2033 2197 2083 2256 eat
2102 2210 2193 2258 nova
2212 2204 2248 2260 et
2264 2207 2407 2262 aeterna

597 2350 706 2456 aaa
890 2326 1157 2433 an...
1422 2286 1877 2462 :sustentatus
1900 2286 2256 2476 ..iustius
2272 2307 2325 2467 :t
2343 2293 2406 2465 a

481 2489 727 2564 Necessarium
756 2497 1026 2589 occupationem
1069 2497 1194 2570 inserit
1225 2495 1370 2576 Paulus,
1421 2491 1517 2560 coari
1538 2505 1574 2564 ιι
1594 2493 1764 2585 praestari
1790 2518 1919 2565 novam
1943 2492 2202 2580 obedientiam,
2236 2497 2319 2590 quia
2341 2497 2404 2568 illa

374 2591 471 2666 llam
500 2595 565 2666 ilia
579 2595 680 2687 prior
702 2622 785 2668 vox:
807 2596 889 2668 Non
912 2599 997 2671 estis
1019 2601 1087 2671 sub
1109 2600 1204 2692 lege,
1227 2601 1370 2676 videtne
1420 2591 1497 2685 ipsa
1520 2595 1660 2666 novitas
1680 2595 1876 2688 spiritualis
1901 2610 1953 2668 est
1974 2595 2036 2664 illa
2056 2593 2278 2685 obedientia,
2296 2593 2344 2672 Et
2364 2599 2404 2668 in

372 2697 659 2785 chordissima,
683 2692 778 2769 nibil
800 2702 895 2770 enim
910 2687 1022 2794 magis
1035 2715 1156 2772 amant
1172 2704 1288 2775 honac
1302 2729 1368 2776 na.
1420 2718 1557 2768 summa
1583 2693 1818 2788 Evangelium
1840 2721 1920 2768 cum
1945 2698 2055 2768 donat
2075 2699 2403 2774 reconciliationem

370 2815 499 2886 turae,
526 2823 636 2894 qnam
656 2799 780 2892 legem.
831 2799 916 2874 ideo
938 2827 1013 2875 non
1028 2817 1143 2896 potest
1158 2805 1254 2892 fieri,
1279 2809 1367 2901 quin
1419 2813 1565 2892 propter
1580 2795 1785 2880 Christum,
1809 2799 1917 2872 simul
1933 2798 2078 2872 subiicit
2097 2821 2163 2870 nos
2178 2801 2403 2876 obedientiae

371 2897 854 2976 vehementeroffcndantnr
875 2905 948 2976 illia
968 2908 1066 2978 velut
1086 2907 1286 2979 tribunitiis
1300 2933 1366 2982 vo·
1418 2924 1500 2991 eres
1523 2903 1663 2991 Deum,
1698 2916 1733 2974 et
1767 2903 1886 2974 ineoat
1919 2901 2177 2989 obedientiam,
2209 2898 2307 2997 Ergo
2337 2930 2403 2978 ne-

299 3010 303 3021 '
368 3005 496 3090 cibus,
522 3005 716 3100 inquibus
741 3019 868 3098 putant
897 3006 947 3079 ita
971 3011 1136 3101 abrogari
1159 3009 1293 3102 legem,
1324 3027 1366 3086 ut
1417 3027 1512 3074 cesse
1524 3019 1576 3078 est
1595 3006 1752 3077 obedire.
1794 3003 1908 3078 Nemo
1924 3027 1998 3074 non
2015 3004 2402 3098 videthncargumen.

365 3109 593 3178 concedatur
607 3106 751 3179 licentia
766 3109 948 3200 peccandi.
999 3110 1114 3206 Saepe
1133 3125 1253 3185 antem
1276 3114 1364 3185 alias
1416 3118 1492 3176 turn
1508 3131 1582 3180 esse
1596 3124 1741 3202 aptum,
1767 3121 1801 3178 et
1817 3106 2002 3200 proprium
2017 3107 2159 3197 negotio
2181 3121 2215 3178 et
2238 3133 2278 3180 es
2296 3133 2400 3184 causa

283 3251 290 3260 -
365 3211 616 3292 dictumest,
652 3203 746 3280 hanc
773 3209 1050 3302 disputationem
1081 3210 1187 3284 Pauli
1217 3238 1363 3307 pronus
1414 3207 1515 3280 finali
1538 3224 1708 3284 sumtum·
1769 3208 1872 3282 Hanc
1895 3210 2009 3302 ipsam
2030 3209 2241 3281 sententiam
2266 3209 2399 3286 Paulus

299 3344 303 3353 ·
366 3306 467 3381 nibil
499 3311 680 3402 pertinere
707 3312 753 3383 ad
776 3313 957 3405 politicam
984 3315 1118 3402 vitam,
1147 3339 1214 3388 nec
1237 3317 1362 3390 tollere
1413 3312 1532 3383 reddit
1547 3311 1765 3408 syllogismo·

365 3412 602 3507 disciplinam
617 3426 679 3487 aut
697 3438 815 3485 mores
835 3415 976 3504 civiles,
1000 3418 1061 3489 sed
1082 3441 1228 3511 prorsus
1252 3420 1360 3492 aliam
1468 3411 1724 3512 Unusquisque
1767 3413 1890 3487 obedit
1929 3411 2006 3505 illi,
2059 3411 2117 3485 cui
2162 3411 2235 3487 iam
2272 3417 2398 3489 subdi-

286 3483 308 3610 ‘l
365 3540 445 3587 rem
462 3512 527 3587 bie
547 3515 618 3607 agi.
670 3512 746 3588 Alii
768 3518 872 3590 facile
890 3512 953 3591 bic
975 3524 1150 3607 evadunt,
1169 3523 1233 3617 qui
1250 3523 1361 3595 liber·
1411 3530 1470 3589 tus
1491 3531 1559 3591 eat:
2017 3569 2020 3579 ·

363 3634 482 3690 tatem
505 3619 667 3690 referunt
687 3632 826 3693 tantum
845 3622 891 3691 ad
914 3622 1179 3714 abrogationem
1203 3647 1360 3697 ceremo-
1464 3618 1539 3691 Vos
1567 3644 1643 3693 non
1671 3620 1756 3692 estis
1785 3618 1921 3692 subditi
1957 3630 2118 3709 peceato,
2159 3620 2220 3691 sed
2255 3622 2396 3695 liberati

285 3743 293 3753 ’
361 3722 518 3791 uiarum
533 3720 741 3813 etpoliticae
751 3720 940 3811 Moesicae,
954 3748 1029 3795 non
1046 3728 1090 3797 ad
1106 3741 1217 3798 totam
1234 3728 1360 3819 legem.
1410 3724 1612 3815 apeccato,
1637 3737 1672 3797 et
1688 3723 1771 3798 estis
1786 3722 1939 3796 traducti
1957 3723 1996 3793 in
2010 3744 2159 3813 regnu·
2175 3719 2243 3793 Dei
2261 3738 2295 3796 et
2310 3724 2396 3795 sub-

475 3822 590 3915 Ssepe
613 3824 683 3893 iam
706 3824 842 3895 dictum
862 3839 935 3907 ιιι,
961 3824 1114 3899 Paulum
1135 3822 1196 3899 hic
1215 3832 1358 3903 concio-
1410 3825 1477 3897 diti
1502 3823 1594 3897 Deo:
1649 3880 1652 3883 -

360 3925 450 3997 nari
471 3925 659 4018 praecipue
675 3926 861 3997 demorati
884 3928 979 4020 lege,
1004 3931 1100 4001 etin
1126 3953 1263 4002 summa
1281 3934 1359 4006 vult
1461 3922 1559 4019 Ergo
1574 3950 1647 3997 non
1669 3924 1805 3999 debetis
1827 3924 1974 3998 obedire
1996 3939 2156 4018 peccato,
2180 3927 2239 3997 sed
2255 3920 2345 4001 Deo.

363 4052 437 4099 nos
453 4028 625 4099 liberatos
640 4050 715 4099 esse
729 4052 749 4099 s
764 4042 837 4101 tota
854 4029 950 4121 lege,
976 4034 1072 4126 quod
1096 4033 1223 4105 attinet
1236 4036 1280 4105 sd
1300 4036 1359 4107 iu.
1511 4026 1634 4103 Potest
1646 4030 1904 4100 accommodari
1922 4030 2016 4100 etad
2034 4051 2174 4101 causam
2196 4028 2396 4117 formalem,

276 4190 291 4214 .,
362 4128 645 4215 stificationem,
669 4130 706 4201 id
729 4143 798 4211 ιιι,
812 4127 895 4203 Alia
910 4155 967 4204 res
981 4136 1164 4228 proposita
1180 4150 1249 4222 ιιι,
1274 4159 1357 4229 pro-
1408 4144 1450 4204 ut
1466 4130 1495 4203 si
1511 4134 1624 4205 dicas:
1653 4130 1789 4205 Sanum
1805 4154 1934 4225 corpus
1951 4127 2060 4203 babet
2073 4154 2176 4203 sanas
2192 4130 2359 4203 actiones.

273 4289 274 4292 ,
362 4248 451 4328 pter
471 4254 581 4327 qnam
599 4225 772 4303 babemus
791 4235 1037 4306 remissionem
1057 4252 1302 4329 peecatorum,
1322 4255 1359 4311 ιι
1510 4231 1678 4307 Calidum
1692 4257 1819 4327 corpus
1834 4233 2009 4319 ealefacit,
2035 4234 2084 4306 ita
2111 4232 2150 4303 in
2174 4228 2242 4304 boc
2257 4256 2390 4325 propo-

362 4348 581 4430 rcpntamur
603 4334 689 4405 iusti
716 4358 835 4405 coram
856 4333 955 4423 Deo,
992 4338 1160 4413 videlicet
1187 4342 1356 4413 meritum
1408 4336 1497 4408 sito:
1524 4334 1613 4410 lusti
1630 4331 1763 4408 babent
1777 4335 2078 4421 seriosissimus,
2103 4331 2178 4405 Vos
2197 4336 2280 4406 estis
2296 4336 2391 4417 iusti,

363 4435 517 4513 Christi.
570 4434 623 4505 lta
645 4436 741 4507 enim
761 4436 903 4511 liberati
928 4462 1089 4513 sumusa
1112 4443 1209 4533 lege,
1232 4441 1263 4513 si
1285 4458 1357 4516 sta-
1407 4436 1505 4529 Ergo
1530 4462 1593 4511 vos
1615 4462 1758 4532 quoque
1778 4438 1916 4509 debetis
1937 4432 2067 4509 babere
2091 4438 2248 4508 actiones
2270 4436 2390 4508 iustas.

365 4556 512 4613 tuamne
535 4560 603 4609 uos
623 4552 769 4631 propter
802 4540 920 4632 ipsum
952 4536 1084 4614 babere
1109 4544 1355 4617 remissionem
1407 4538 1590 4612 Minorem
1606 4540 1766 4611 declaro:
1799 4536 1876 4611 Etsi
1899 4538 2249 4625 enimcumusiusti,
2274 4536 2390 4623 idest,

365 4655 627 4737 peecatorum„
649 4654 683 4713 et
702 4642 859 4734 reputari
881 4644 994 4716 iustos
1015 4668 1135 4718 coram
1156 4646 1253 4738 Deo,
1279 4672 1355 4719 non
1406 4643 1541 4737 accepti
1580 4639 1817 4734 imputatione
1850 4654 1994 4734 propter
2022 4634 2227 4725 Christum,
2267 4652 2388 4711 tamen
2507 4704 2513 4715 .

365 4762 515 4839 propter
528 4743 661 4835 legem,
685 4740 735 4815 Et
758 4768 838 4815 cum
856 4740 922 4817 bac
944 4746 1179 4839 imputatione
1201 4751 1355 4821 coniun-
1405 4768 1548 4818 necesse
1560 4758 1612 4818 est
1627 4744 1666 4814 in
1682 4742 1786 4814 nobis
1802 4741 1908 4816 etiam
1926 4741 2061 4815 incoari
2078 4742 2191 4833 ipsam
2208 4739 2389 4829 virtutem,

363 4860 489 4921 staest
503 4846 690 4916 renovatio
705 4860 875 4930 naturae,
899 4851 1118 4943 poenitentia
1134 4873 1198 4923 seu
1212 4852 1353 4925 incoats
1403 4848 1608 4933 iusticiam,
1639 4846 1677 4917 id
1702 4860 1770 4931 ιιι,
1795 4844 2049 4917 obedientiam.
2101 4840 2245 4935 iusticia
2268 4856 2385 4914 antem

364 4949 581 5023 obedientia.
1403 4951 1518 5022 virtus
1541 4948 1636 5043 parit
1664 4946 1772 5020 iustas
1795 4948 1963 5019 actiones.
2026 4940 2075 5016 Et
2106 4958 2225 5017 tamen
2249 4944 2386 5016 interea

466 5049 551 5123 Non
578 5048 689 5141 igitur
715 5050 879 5123 coneedit
908 5044 1144 5143 Evangelium
1168 5056 1350 5131 licentiam
1402 5054 1585 5125 sciendum
1607 5063 1678 5136 est,
1711 5071 1777 5120 nos
1806 5062 1953 5143 propter
1971 5044 2156 5120 Christum
2181 5046 2384 5137 pontificem

368 5152 556 5247 peccandi,
578 5174 660 5221 cum
682 5174 758 5221 non
778 5151 894 5224 solum
915 5155 1146 5228 concionetur
1166 5160 1212 5229 de
1228 5161 1348 5255 impu·
1400 5178 1475 5225 csse
1494 5156 1625 5239 iustos,
1657 5154 1694 5222 id
1717 5163 1791 5237 ιιι,
1822 5166 1982 5245 acceptos
2009 5146 2109 5238 Deo,
2142 5172 2215 5219 non
2239 5162 2385 5241 propter

369 5258 521 5339 tatione,
545 5255 607 5323 sed
629 5252 737 5323 etiarn
760 5254 805 5325 dc
824 5254 1061 5347 poenitentia,
1084 5270 1119 5329 ct
1141 5260 1259 5336 insuit
1280 5288 1348 5335 no-
1399 5259 1610 5350 dignitatem
1628 5252 1854 5327 obedientiae
1871 5266 2033 5337 nostrae,
2057 5275 2119 5326 seu
2136 5250 2331 5349 qualitatis·

367 5383 446 5431 sam
468 5354 729 5440 obedientiam,
759 5368 795 5428 et
815 5359 979 5432 ostendat
998 5364 1179 5457 quomodo
1201 5366 1348 5455 placeat.

370 5460 504 5535 luteres
528 5472 649 5529 tamen
671 5471 790 5532 manet
807 5458 884 5548 lex,
907 5464 1004 5555 quod
1025 5463 1153 5537 attinet
1170 5468 1216 5536 ad
1237 5468 1346 5539 disci·
1749 5454 1889 5569 Caput
1929 5454 2030 5543 Vll.

303 5607 307 5616 ·
369 5565 501 5657 plinam
525 5561 565 5629 in
586 5560 659 5630 vita
681 5572 839 5633 externa.
895 5558 1003 5649 item,
1029 5568 1127 5660 quod
1149 5569 1277 5641 attinet
1298 5572 1343 5642 ad
1908 5639 1915 5658 ,

370 5664 582 5758 ,quendam
599 5661 928 5733 etmortibcandam
945 5677 1173 5751 vetustatem,
1197 5672 1344 5757 sedita,
1658 5640 1719 5717 An
1744 5640 1932 5743 ''5¹⁸⁰’'“l‘5
1954 5636 2128 5741 smmi

369 5784 497 5855 „tcum
512 5765 600 5835 bdcs
615 5762 738 5849 vincit,
758 5787 833 5836 non
849 5756 1043 5838 babeatlex
1064 5768 1121 5843 ins
1135 5772 1344 5849 damnandi.
1496 5777 1622 5851 Altera
1642 5778 1841 5851 similitudo
1865 5790 1937 5863 ιιι,
1969 5796 2059 5869 quae
2083 5768 2190 5843 ctiam
2219 5760 2379 5841 continet

370 5882 457 5959 napa
484 5864 696 5957 simpliciter
722 5865 773 5937 ita
798 5868 1016 5959 respondeo:
1067 5868 1142 5945 Les
1163 5886 1215 5947 est
1230 5876 1345 5972 ‘abro-
1393 5890 1681 5975 arpnmentnma
1699 5901 1802 5956 cansa
1817 5877 1930 5951 finali.
1983 5875 2067 5949 ideo
2087 5865 2306 5944 reconciliati
2319 5888 2381 5939 su·
2442 5922 2445 5927 .

415 5968 603 6042 Murrus.
630 5970 733 6056 an.
757 5970 842 6039 Ver..
868 5970 948 6040 XV.
1854 5978 1901 6065 41
