5825 6950
344 708 425 785 tout

337 878 448 951 dubito
488 882 677 945 testaturos
718 892 791 941 esse
833 866 911 961 pios
943 882 979 941 et
1011 872 1171 944 eruditos
1204 872 1311 953 viros,

335 997 366 1052 et
393 1002 430 1049 es
462 970 529 1047 hoc
560 975 637 1063 ipso
666 995 810 1069 quoque
840 974 1070 1065 quantumvis
1098 976 1199 1045 brevi
1226 976 1312 1045 scri-

334 1095 407 1175 pto,
442 1094 476 1148 ct
509 1076 713 1169 cognituros
749 1090 782 1147 et
816 1076 1055 1146 admiraturos
1094 1101 1169 1149 esse
1209 1095 1313 1149 auto-

279 1236 280 1241 ι
334 1186 376 1255 ris
399 1182 578 1273 pietatem,
604 1175 741 1267 ingenii
763 1176 988 1263 felicitatem,
1015 1177 1140 1251 iudicii
1165 1183 1311 1253 rectitu-

333 1286 465 1367 dinem,
497 1280 731 1353 confessionis
755 1279 1012 1366 constantiam,
1047 1280 1086 1349 in
1111 1284 1311 1355 communi-

333 1386 430 1457 canda
453 1406 538 1453 sana
569 1382 731 1453 doctrina
756 1381 1008 1472 benignitatem
1035 1395 1069 1455 et
1094 1385 1310 1467 facilitatem,

331 1482 362 1559 et'
374 1485 438 1555 alia
456 1484 568 1577 ipsius
587 1482 746 1576 ingentia
763 1484 877 1567 dona,
904 1483 1035 1577 quibus
1052 1485 1180 1557 clamis
1197 1488 1310 1573 vivus,

332 1605 359 1662 et
373 1586 546 1657 Ecclesiae
561 1584 628 1655 Dei
647 1588 784 1657 utiliter
800 1586 965 1671 servivit,
992 1582 1082 1657 nibil
1107 1589 1177 1657 sibi
1201 1614 1310 1681 quae-

330 1713 419 1777 rens,
446 1686 567 1758 nullos
584 1702 730 1777 captans
754 1686 811 1758 vel
829 1684 971 1777 Regum
994 1712 1035 1757 ac
1060 1703 1242 1778 potentum
1257 1693 1308 1761 fa·

279 1826 280 1829 ¹
331 1813 441 1874 rores,
477 1789 534 1859 vel
561 1788 659 1878 vulgi
683 1790 892 1881 applausus,
928 1788 985 1857 vel
1010 1790 1223 1875 dignitatum
1249 1815 1307 1861 ac-

330 1891 510 1972 cessiones,
538 1891 595 1959 vel
613 1914 723 1989 opum
749 1890 930 1975 cumulos,
957 1912 1108 1982 quarum
1135 1892 1308 1964 virtutum

330 2008 421 2063 testes
448 1992 594 2086 reliquit
615 1992 791 2084 plurimos
824 1993 986 2061 omnium
1014 1993 1183 2064 ordinum
1214 1993 1309 2065 viros

330 2098 388 2164 ide
410 2094 659 2183 dignissimos,
691 2095 786 2163 inter
809 2117 898 2186 quos
921 2095 1110 2185 praecipue
1131 2096 1308 2187 appellare

330 2196 428 2265 vistim
445 2210 496 2266 est
517 2193 777 2265 Celsitudinem
800 2209 913 2279 tuam,
941 2193 1185 2266 illustrissime
1200 2194 1306 2267 Prin·

331 2320 414 2389 ceps,
436 2318 528 2389 quae
541 2294 739 2366 Dominum
764 2289 1008 2393 Philippum,
1047 2300 1185 2391 dequo
1210 2324 1307 2371 nunc

335 2422 411 2489 ago,
447 2398 608 2467 fortassis
649 2396 707 2494 (nt
738 2398 917 2493 existimo)
941 2400 987 2467 de
1018 2398 1106 2469 facie
1136 2400 1308 2490 ignotum,

333 2504 451 2569 siucero
475 2522 516 2567 ac
538 2501 717 2569 constanti
742 2522 862 2569 amore
887 2522 1025 2591 semper
1046 2502 1188 2588 dilexit,
1221 2526 1306 2595 pro-

333 2618 394 2691 pter
407 2600 681 2677 admirationem
704 2602 882 2671 donorum
904 2614 938 2670 et
960 2604 1208 2693 praestantiam
1232 2603 1306 2674 vir-

337 2718 428 2773 tutum
445 2703 577 2794 ipsius,
601 2726 752 2799 quarum
768 2700 972 2796 αὐτόπτης,
998 2716 1032 2775 et
1050 2705 1119 2775 lide
1136 2706 1305 2795 dignissi-

333 2828 393 2873 nus
411 2805 516 2874 indes
546 2818 684 2893 praeter
709 2806 922 2874 innumeros
944 2805 1032 2875 alios
1049 2819 1132 2877 tuae
1150 2806 1305 2879 Celsitu·

330 2906 392 2973 dini
413 2930 483 2974 esse
506 2907 645 2995 potuit,
672 2918 706 2977 et
731 2906 799 2976 fuit
828 2900 923 2977 haud
949 2908 1081 2995 dubie,
1107 2909 1162 2979 vir
1185 2910 1305 2980 erudi-

330 3010 431 3091 tione,
453 3007 598 3093 virtute‚
624 3007 814 3097 prudentia
831 3031 871 3078 ac
889 3008 957 3078 fide
975 3012 1307 3099 praestantissimus,

279 3098 280 3105 '
332 3104 449 3177 Ductor
461 3100 691 3178 Huldericus
708 3102 947 3204 &singarum
977 3107 1209 3206 Celsitudinis
1224 3128 1303 3185 tuae

325 3204 565 3285 Cancellarius.

974 627 1236 793 ¹mussona
1271 690 1688 773 nuncuparoma.

2261 702 2362 775 1062

1469 869 1620 960 Scripsit
1634 860 1838 965 Philippus
1851 879 1986 939 secreto
2004 880 2150 953 meatus
2164 875 2358 947 consilinm

1368 971 1534 1063 Principe
1558 971 1751 1052 Electore,
1796 970 1864 1039 sub
1888 974 1989 1043 cuius
2014 974 2150 1044 ditione
2174 992 2359 1063 natusest,

1365 1076 1515 1166 paucula
1541 1078 1584 1145 de
1600 1072 1720 1145 Coena
1738 1072 1905 1159 Domini,
1932 1076 2042 1163 magis
2064 1092 2103 1147 ut
2122 1078 2276 1151 cinaede
2293 1082 2355 1152 illa

1365 1174 1583 1269 Edelbesgae
1607 1192 1720 1262 ortas,
1745 1192 1779 1249 et
1803 1175 1944 1266 publice
1967 1182 2013 1247 de
2036 1194 2201 1268 suggesto
2219 1184 2355 1257 mutuis

1364 1282 1656 1351 concionatorum
1671 1280 1843 1353 conviciis
1855 1282 2059 1363 cumulatas,
2083 1284 2243 1355 suaderet
2263 1310 2354 1377 quo·

1364 1386 1561 1474 quomodo
1580 1382 1690 1471 sopiri
1709 1397 1744 1453 et
1758 1380 1897 1461 dirimi,
1924 1406 2029 1474 quam
2045 1399 2085 1454 ut
2099 1382 2145 1453 de
2167 1384 2242 1473 ipsa
2266 1409 2353 1455 con·

1363 1488 1534 1557 troversia
1551 1485 1820 1578 pronunciaret,
1838 1484 2000 1553 indicans
2016 1484 2166 1553 formam
2182 1487 2351 1578 loquendi

1363 1609 1403 1653 ex
1420 1584 1547 1672 Paulo,
1571 1612 1640 1680 qua
1656 1587 1871 1655 tutissimum
1888 1599 1976 1656 esset
1993 1585 2046 1655 uti
2060 1586 2212 1669 interea,
2237 1590 2351 1659 donec

1363 1688 1406 1757 de
1427 1702 1499 1758 tota
1522 1688 1762 1759 controversia
1791 1688 1829 1755 in
1851 1685 1999 1778 Synodo
2022 1700 2246 1763 statueretur.
2306 1690 2349 1761 ln

1362 1790 1422 1858 illa
1440 1793 1574 1880 pagella
1589 1794 1632 1859 ad
1652 1812 1763 1861 unum
1779 1789 1927 1877 scripta,
1952 1802 2086 1859 secreto
2102 1789 2251 1879 scripta,
2274 1815 2349 1861 non

1362 1892 1399 1958 in
1425 1886 1492 1961 hoc
1514 1894 1664 1980 scripta,
1699 1906 1738 1961 nt
1759 1894 1980 1979 vulgaretur,
2011 1903 2047 1961 et
2074 1905 2193 1961 tamen
2223 1907 2348 1966 contra

1362 1993 1580 2063 voluntatem
1602 1993 1754 2075 autoris,
1786 1992 1984 2083 etquidem
2005 2005 2085 2083 post
2108 2008 2260 2064 mortem
2282 1998 2346 2065 de·

1360 2118 1456 2163 mum
1473 2095 1670 2183 publicata,
1696 2096 1735 2166 fat
1748 2095 1883 2163 mentio
1902 2091 1945 2165 Ι).
1963 2086 2151 2163 Hssfeusii
2165 2095 2271 2185 panlo
2287 2096 2346 2166 in·

1360 2196 1568 2266 clementior
1584 2197 1684 2276 talis,
1714 2210 1754 2266 ut
1773 2196 1847 2263 rins
1867 2195 2040 2265 autoritas
2058 2196 2205 2263 summis
2221 2195 2262 2265 in
2274 2194 2346 2267 Ec·

1360 2296 1465 2365 clesia
1490 2310 1525 2365 et
1555 2298 1810 2393 antiquissimis
1841 2297 2073 2384 scriptoribus
2102 2308 2345 2387 postponatur·

1358 2395 1456 2467 Haec
1472 2412 1522 2469 est
1538 2400 1668 2468 iniuria
1686 2400 1747 2469 illa
1753 2450 1765 2483 ,
1792 2394 2126 2467 hocfacinusPstris
2143 2412 2215 2465 tarn
2233 2413 2345 2491 atrox,

1359 2513 1397 2569 ut
1414 2488 1574 2569 omnium
1598 2516 1820 2593 acceptorum
1846 2500 2098 2569 beneficiorum
2121 2500 2287 2587 privatim
2310 2514 2344 2571 et

1361 2601 1500 2690 publice
1522 2603 1790 2691 praestitorum,
1825 2601 1985 2668 omnium
2008 2600 2181 2671 virtutum
2207 2625 2345 2673 memo·

1358 2704 1446 2771 riam
1464 2704 1604 2792 penitus
1624 2706 1762 2775 aboleat
1779 2718 1813 2775 et
1829 2702 2027 2791 extinguat,
2055 2715 2090 2770 et
2105 2702 2266 2771 animum
2280 2728 2344 2773 cu·

1358 2804 1505 2897 piditate
1523 2806 1701 2875 vindictae
1717 2818 1813 2877 tanta
1831 2808 2016 2889 accendat,
2040 2816 2081 2877 ut
2097 2826 2155 2886 ea,
2187 2804 2258 2871 nisi
2274 2799 2343 2875 hoc

1358 2908 1464 2975 modo
1486 2908 1704 2977 defensionis
1724 2906 1961 2977 atrocissimae
1978 2918 2011 2976 et
2026 2903 2341 2977 contumeliosissi-

1356 3030 1435 3077 mae
1447 3010 1568 3078 satiari
1585 3034 1659 3079 non
1675 3008 1796 3101 possit.

1444 3110 1515 3180 Sed
1532 3111 1561 3180 si
1578 3134 1653 3181 non
1669 3111 1783 3180 voluit
1798 3104 1931 3177 habere
1946 3105 2121 3177 rationem
2137 3128 2201 3177 sua
2221 3107 2342 3179 existi-

1356 3211 1544 3297 mationis,
1578 3237 1683 3305 quam
1720 3226 1855 3282 certum
1888 3223 1940 3279 est
1973 3210 2067 3298 apud
2103 3209 2342 3299 intelligentes

411 3310 460 3381 Ea
479 3314 524 3382 de
545 3334 647 3382 causa
661 3297 767 3386 ¹lsttnc
783 3310 935 3400 Domini
949 3304 1127 3411 Philipps·
1140 3313 1303 3385 libellum
1358 3310 1526 3384 nonnihil
1550 3315 1663 3383 minui
1686 3309 1753 3383 bac
1782 3325 1880 3383 tauta
1909 3310 2115 3400 asperitate,
2156 3334 2225 3403 qua
2256 3334 2341 3381 usus

328 3412 620 3484 tuaeCelsitudini
637 3412 765 3487 offerre
780 3414 1005 3508 potissimum
1022 3417 1142 3497 vetui,
1165 3429 1207 3488 ut
1223 3418 1305 3509 per·
1356 3429 1407 3486 est
1432 3416 1469 3484 in
1492 3433 1694 3497 mortuum,
1735 3416 1772 3486 in
1796 3414 1929 3504 optime
1954 3412 2141 3490 meritum,
2174 3414 2214 3480 in
2231 3408 2341 3482 Prae-

329 3515 406 3585 lecto
424 3541 483 3604 eo,
508 3530 545 3586 et
562 3515 701 3606 cognita
718 3517 920 3599 sinceritate
943 3520 982 3588 in
1004 3519 1188 3600 doctrina,
1214 3532 1249 3589 et
1265 3519 1303 3588 in
1356 3533 1551 3608 ceptorem,
1585 3518 1657 3588 imo
1682 3517 1722 3587 in
1750 3529 1957 3608 parentem:
1991 3513 2242 3606 aequissimum
2266 3528 2340 3585 erat

327 3617 636 3688 communicatione
654 3619 735 3701 lida,
762 3619 1000 3708 patrocinium
1016 3620 1182 3710 suscipiat
1198 3614 1304 3690 huius
1356 3643 1499 3710 parcere
1521 3621 1632 3710 ipsius
1662 3615 1930 3690 honestissimae
1956 3627 1990 3683 et
2012 3638 2112 3683 nunc
2133 3614 2339 3685 adflectissi-

328 3719 403 3788 tanti
420 3720 507 3805 viri,
535 3720 600 3812 qui
628 3719 728 3812 quasi
748 3744 873 3812 parurn
887 3746 907 3792 a
921 3723 994 3792 suis
1010 3722 1166 3792 alumnis
1190 3736 1225 3792 et
1247 3722 1305 3792 di·
1355 3743 1433 3789 mae
1447 3722 1619 3806 familiae,
1645 3746 1750 3814 aqna
1774 3719 1896 3789 multis
1918 3729 1969 3785 est
1991 3717 2138 3785 affectus
2158 3717 2339 3822 bpneficiis

326 3820 456 3910 scipulis
480 3835 572 3891 esset
588 3821 783 3911 flagellatus
799 3823 885 3894 dum
908 3823 1061 3904 viveret,
1085 3824 1191 3894 etiam
1207 3849 1297 3898 mor·
1356 3847 1499 3912 parcere
1529 3818 1614 3894 huic
1643 3818 1820 3905 Scholae,
1860 3819 2013 3886 versanti
2044 3818 2082 3884 in
2111 3819 2339 3887 acerbissimo

327 3933 398 3992 tuus
420 3921 671 4017 conquiescere
691 3947 765 3992 non
788 3937 922 4013 potest,
949 3926 1038 4019 quin
1061 3947 1102 3994 es
1123 3925 1182 4010 iis,
1216 3949 1305 4018 quos
1356 3925 1453 3995 luctu
1479 3940 1624 4016 propter
1644 3925 1853 4005 orbitatem,
1879 3941 2022 4012 parcere
2044 3921 2194 3988 miserae
2210 3921 2339 3988 iuven·

327 4021 360 4092 in
382 4047 440 4094 sua
460 4049 584 4095 mensa
609 4027 673 4094 diu
699 4025 809 4108 aluit,
845 4027 1078 4118 quibuscum
1099 4051 1171 4096 non
1197 4031 1304 4098 modo
1355 4028 1449 4110 tuti,
1488 4027 1666 4096 desiderio
1699 4026 1819 4096 amissi
1851 4021 1997 4092 rectoris
2026 4020 2228 4090 studiorum
2259 4021 2339 4090 lau·
2402 4045 2409 4056 ·

327 4124 452 4213 prrblice
475 4127 697 4212 doctrinam,
723 4129 783 4196 sed
806 4129 973 4222 privatim
997 4129 1106 4200 etiam
1126 4153 1218 4221 quae
1240 4123 1305 4198 ha·
1355 4130 1495 4214 gerenti,
1519 4152 1660 4218 parcere
1682 4123 1863 4198 Ecclesiae
1888 4136 1922 4193 et
1946 4123 2161 4213 posteritati,
2194 4145 2339 4212 parcere

326 4227 391 4298 buit
407 4240 441 4299 et
458 4229 595 4321 potuit,
620 4229 788 4309 consilia,
814 4242 849 4299 et
870 4245 1001 4302 secrete
1017 4253 1079 4300 sua
1097 4231 1299 4300 commuui-
1354 4232 1510 4321 denique
1533 4229 1628 4313 Deo,
1665 4231 1722 4299 cui
1752 4252 1832 4300 cum
1861 4226 1957 4295 bona
1979 4223 2196 4293 conscientia
2218 4224 2340 4295 serviit

325 4329 422 4414 cavit,
450 4333 585 4424 quibus
610 4331 716 4400 etiam
745 4354 807 4399 cor
836 4353 961 4423 serum,
994 4331 1025 4401 si
1055 4331 1228 4416 licuisset,
1260 4355 1302 4402 es
1354 4323 1577 4428 Philippus,
1611 4355 1657 4402 ne
1678 4331 1727 4403 ita
1751 4329 1964 4400 deformaret
1996 4338 2030 4396 et
2052 4325 2271 4404 doctrinam,
2304 4337 2338 4394 et

326 4441 451 4516 pectore
466 4447 644 4502 exemtum
662 4431 931 4523 impertivisset,
957 4433 1069 4528 aliqui
1085 4433 1124 4502 in
1145 4457 1302 4523 exangue
1354 4455 1471 4502 mores
1503 4448 1536 4504 et
1569 4435 1727 4504 actiones
1752 4428 1860 4502 buius
1883 4429 1971 4511 viri,
2004 4425 2107 4519 qnasi
2129 4425 2338 4530 veteratorie

326 4553 439 4622 corpus
472 4534 603 4625 sepulti
626 4535 806 4620 saeviant,
836 4535 1014 4606 vindictae
1043 4535 1162 4606 studio
1188 4549 1300 4620 tanto,
1353 4535 1478 4604 luserit
1498 4535 1536 4604 in
1560 4535 1723 4606 doctrina
1747 4533 1907 4615 coelesti,
1933 4542 1968 4598 et
1987 4525 2225 4619 blasphemias
2245 4527 2336 4597 scri-

325 4645 354 4701 et
375 4637 563 4705 acerbitate
598 4647 716 4720 tanta,
748 4650 790 4705 ut
815 4639 984 4722 credam,
1019 4637 1050 4705 si
1078 4659 1196 4706 coram
1218 4640 1303 4728 ipsis
1355 4637 1480 4724 pserit,
1504 4637 1704 4708 antdiserit
1720 4637 1760 4703 in
1773 4636 1887 4706 filium
1899 4628 1988 4712 Dei,
2007 4651 2099 4699 neve
2117 4628 2198 4697 aliis
2213 4629 2338 4700 couvi-

325 4734 478 4808 miserum
497 4749 534 4807 et
554 4737 624 4806 iam
650 4753 854 4829 putrescens
875 4741 1022 4809 cadaver
1045 4729 1218 4832 Philippi
1242 4763 1302 4808 ex·
1353 4737 1415 4809 ciis
1437 4761 1517 4807 eum
1540 4738 1798 4829 proscinderet,
1837 4736 1876 4804 in
1896 4730 2058 4822 sepulcro
2087 4729 2336 4822 quiescentem.

326 4838 467 4922 positum
484 4839 549 4924 sit,
576 4860 636 4909 eos
656 4840 823 4910 dentibus
838 4863 937 4912 more
958 4863 1085 4910 cauum
1100 4840 1302 4928 irruituros,
1353 4842 1425 4909 imo
1442 4840 1480 4909 in
1501 4841 1583 4910 sion
1608 4853 1644 4910 et
1665 4840 1851 4928 complexu
1873 4834 1940 4904 lilii
1955 4830 2022 4903 Dei
2046 4832 2176 4904 iudicis
2198 4844 2234 4902 et
2254 4832 2335 4904 tin·

325 4949 351 5007 tt
363 4939 575 5012 frustulatim
590 4965 731 5010 carnem
748 4942 824 5010 eius
838 4942 1053 5014 laceraturus
1069 4963 1154 5010 esse.
1353 4942 1441 5010 dicis
1476 4941 1639 5012 omnium
1672 4939 1872 5021 scelerum,
1919 4949 1956 5008 et
1985 4934 2150 5024 inprimis
2185 4933 2338 5022 iugrati-

413 5039 510 5131 Quid
530 5043 625 5112 enim
645 5044 743 5112 aliud
764 5067 925 5128 censeas,
950 5045 980 5112 si
1006 5043 1099 5130 legas
1118 5041 1303 5134 scriptum,
1354 5043 1510 5122 tudinis,
1549 5043 1788 5135 perfruentem
1812 5042 1906 5111 laeto
1932 5049 2126 5127 conspectu
2158 5047 2194 5104 et
2223 5033 2337 5109 tollo-

327 5144 411 5230 quod
430 5165 553 5213 recens
566 5144 713 5236 quidam
728 5166 811 5213 suae
825 5145 1007 5215 doctrinae
1021 5158 1057 5213 et
1072 5145 1184 5213 famae
1198 5160 1301 5216 tuen-
1353 5147 1437 5238 quin
1455 5142 1532 5214 Dei.

323 5243 378 5308 dae
393 5267 514 5329 causa,
540 5257 581 5315 ut
596 5245 711 5314 videri
727 5247 823 5329 vult,
848 5246 887 5315 in
905 5247 1031 5336 vulgus
1049 5245 1200 5332 sparsit?
1224 5246 1301 5314 Ad·
1454 5240 1514 5315 An
1531 5240 1590 5314 hic
1604 5245 1649 5315 sit
1662 5243 1817 5334 Spiritus
1833 5239 1920 5325 Dei,
1944 5230 2153 5308 debacchari
2171 5235 2208 5306 in
2233 5235 2337 5306 talem

327 5363 434 5416 veram
457 5368 565 5439 quam
583 5345 754 5416 iniuriam
780 5371 863 5416 vero
885 5371 959 5416 sese
974 5349 1005 5415 is
1019 5345 1201 5416 defendit?
1226 5347 1302 5418 Aut
1353 5361 1449 5417 tanta
1473 5347 1683 5428 acerbitate,
1722 5343 1881 5415 iudicent
1904 5341 1977 5412 alii.
2046 5334 2181 5408 Paulus
2211 5337 2248 5406 2.
2271 5333 2339 5406 Ti·

326 5465 404 5531 quae
422 5461 623 5536 potestesse
642 5445 884 5537 Praeceptoris
899 5448 1080 5531 fidissimi,
1104 5449 1177 5516 imo
1187 5445 1302 5518 Patris
1353 5445 1466 5520 moth.
1484 5451 1520 5520 2.
1535 5459 1628 5520 certe
1645 5469 1728 5517 suos
1744 5444 1927 5515 ministros
1947 5437 2234 5541 aliterjnstruit,
2257 5458 2338 5505 com

327 5539 610 5646 rintopyoscirov
624 5560 660 5617 et
675 5548 932 5637 benignissimi,
955 5549 1087 5620 iniuria
1102 5561 1174 5618 tam
1189 5560 1303 5632 atros,
1353 5550 1487 5640 inquit:
1514 5544 1654 5620 δοῦλον
1672 5541 1714 5618 δὲ
1735 5540 1870 5639 aevpfov
1891 5540 1938 5616 ori
1955 5537 2015 5615 dei
2024 5531 2216 5630 μάχεσθαι
2222 5586 2235 5621 ,
2261 5531 2337 5606 ἀλλ’

327 5669 406 5734 quae
426 5665 559 5720 tantem
582 5663 761 5720 mereatur
784 5650 1028 5734 acerbitatem,
1052 5662 1094 5720 ut
1111 5650 1187 5718 eius
1204 5674 1301 5719 mor·
1351 5647 1463 5742 ἤπιον
1476 5643 1677 5742 εἶναιπρὸς
1689 5643 1929 5728 ΠΑΝΤΑΣ,
1956 5635 2191 5721 admixta,
2219 5633 2338 5717 ἆνεξι·

328 5747 372 5814 tui
389 5753 534 5820 cadaver
551 5751 810 5842 propemodum
835 5764 870 5822 et
894 5753 1033 5823 tumulo
1057 5751 1229 5824 refossum
1253 5753 1300 5821 ita
1352 5749 1471 5822 κακὸν
1490 5751 1532 5822 iv
1551 5743 1750 5844 npqussrs,
1784 5740 2010 5822 παιδεύοντα
2032 5735 2120 5820 rotis
2138 5733 2339 5812 ἅντιδωῐί·

330 5850 508 5923 crudeliter
523 5847 721 5922 laceretur?
1354 5850 1556 5946 'mimi'
1582 5865 1648 5923 ‘le'
1767 5941 1853 6017 67*
