5825 6950
565 636 643 719 211

570 809 738 903 ignorant
757 803 927 878 beneficia
951 801 1122 889 Messiae,
1154 815 1191 874 et
1214 813 1352 880 tantum
1379 797 1561 872 somniant

572 937 676 983 suurn
708 910 810 979 illud'
832 909 1055 978 mundanum
1088 927 1256 995 regnum,
1292 902 1418 993 repetit
1449 900 1562 991 igitur

545 1009 736 1084 'Christus
762 1033 843 1081 suas
872 1009 1148 1081 asseverationes
1176 1006 1227 1075 de
1250 1004 1418 1075 missione
1447 1018 1483 1076 ει
1511 1004 1561 1073 de

572 1115 754 1197 doctrina,
780 1127 815 1184 ει
830 1113 982 1208 explicat
995 1109 1231 1197 obiectionem
1247 1108 1291 1176 de
1306 1099 1501 1179 Abraham.

546 1333 551 1340 ·
623 1276 823 1354 Abraham
851 1288 959 1380 pater
986 1286 1098 1351 cester
1124 1271 1326 1358 exaltarit,
1358 1282 1398 1346 ul
1428 1268 1561 1345 videret

676 1381 772 1456 diem
788 1405 920 1459 msam.

673 1518 772 1592 Haec
786 1541 878 1591 nova
894 1517 1093 1589 absurditas
1114 1515 1226 1607 magis
1241 1512 1346 1586 etiam
1365 1513 1483 1584 irritat
1497 1511 1562 1583 ad·

573 1626 768 1708 versarios,
794 1623 916 1716 miscet
931 1632 1080 1705 aetates,
1102 1643 1201 1689 suam
1221 1631 1256 1688 et
1270 1611 1448 1686 Abrahae.

644 1809 648 1816 t
675 1723 774 1816 Quid
806 1718 872 1792 hoc
903 1721 955 1791 rei
985 1720 1063 1791 est?
1111 1719 1183 1791 Sed
1212 1719 1426 1789 nominatim
1455 1713 1560 1787 dicit:

548 1831 553 1842 '
574 1823 757 1902 Abrabam
773 1823 910 1914 optavit
918 1823 1036 1894 videre
1047 1822 1139 1891 diem
1155 1845 1284 1892 mcum.
1306 1819 1384 1890 Etsi
1400 1822 1444 1888 de
1461 1841 1563 1908 prae-

550 1929 753 2002 dicatione
778 1926 947 1997 victoriae
973 1938 1008 1995 ct
1027 1925 1080 1994 de
1102 1924 1311 1993 liberatione
1331 1923 1468 2011 generis
1492 1915 1562 1988 hu-

549 2031 670 2101 'mani
685 2027 864 2121 loquitur,
889 2041 1006 2098 tamen
1024 2027 1144 2095 desua
1165 2047 1314 2116 persona
1336 2018 1441 2093 etiarn
1460 2019 1562 2090 dicit:

573 2126 761 2203 Abraham
781 2129 904 2198 videre
920 2141 1099 2221 utrunque
1115 2129 1281 2198 ardenter
1294 2125 1439 2228 cupivit,
1466 2117 1562 2191 hunc

572 2232 866 2328 propiciatorem,
894 2243 928 2300 et
948 2232 1060 2321 ipsam
1082 2229 1381 2322 praedicationem
1398 2222 1563 2314 Evange-

571 2337 627 2420 lii,
645 2349 678 2404 et
691 2331 839 2423 gloriam
858 2332 1024 2402 victoriae
1040 2333 1078 2400 in
1097 2330 1363 2414 resurrectione,
1378 2351 1418 2397 ac
1432 2327 1561 2398 trium·

572 2433 686 2532 pbum
702 2432 835 2504 Christi
856 2434 1076 2504 ascendentis
1097 2432 1136 2502 in
1155 2433 1291 2516 coelos,
1318 2430 1382 2500 ubi
1397 2425 1563 2520 Apostoli

573 2539 743 2608 viderunt
756 2537 908 2606 formam
924 2537 1000 2605 eius
1019 2535 1131 2627 regni,
1158 2536 1253 2630 quod
1271 2532 1339 2605 erit
1350 2545 1431 2626 post
1444 2553 1565 2602 resur·

573 2642 779 2712 rectionem.
809 2705 811 2710 .

678 2738 873 2829 Quomodo
895 2735 1004 2826 igitur
1017 2737 1108 2811 vidit
1129 2734 1216 2808 haec
1232 2729 1440 2808 Abraham?
1487 2728 1564 2804 Re-

576 2845 752 2937 spondeo:
778 2839 972 2932 Personam
996 2841 1116 2928 novit,
1140 2837 1209 2911 hoc
1232 2851 1302 2919 est,
1321 2836 1425 2908 novit
1448 2835 1561 2905 filium

574 2944 644 3018 Dei
665 2956 854 3015 venturum
878 2941 916 3011 in
935 2967 1095 3027 carnem,
1117 2957 1152 3014 et
1170 2939 1267 3012 hunc
1289 2961 1361 3010 esse
1384 2937 1562 3030 propicia-

475 3125 480 3132 ,
557 3063 690 3120 'torem
712 3060 875 3115 nostrum
896 3058 932 3114 et
946 3046 1145 3130 custodem,
1169 3048 1220 3113 sie
1240 3055 1344 3112 norat
1363 3041 1477 3110 lilium
1494 3036 1562 3107 Dei

576 3162 611 3220 et
629 3148 751 3228 lacob,
779 3148 841 3240 qui
861 3147 994 3236 inquit:
1019 3144 1213 3215 Benedicat
1226 3143 1346 3235 pueris
1362 3143 1439 3213 istis
1451 3143 1562 3226 Deus,

575 3265 611 3322 et
624 3251 781 3338 angelus,
796 3248 860 3339 qui
874 3249 1004 3338 eripuit
1017 3272 1075 3316 me
1088 3271 1130 3316 ex
1145 3247 1313 3318 omnibus
1329 3244 1441 3315 malis.
1491 3242 1562 3313 Hic

573 3353 737 3440 angelus,
764 3352 827 3444 qai
849 3351 977 3420 liberat
993 3351 1038 3420 ab
1058 3349 1227 3419 omnibus
1248 3346 1369 3432 malis,
1396 3360 1488 3418 certe
1510 3357 1562 3414 εει

573 3455 670 3524 lilius
690 3452 777 3538 Dei,
810 3467 926 3523 custos
951 3466 986 3523 et
1014 3451 1169 3521 salvator
1193 3464 1333 3535 noster,
1366 3449 1403 3518 id
1429 3459 1562 3517 norant

573 3571 712 3649 patres,
735 3556 817 3625 ideo
831 3568 865 3625 et
879 3557 924 3622 de
936 3554 1011 3622 tilio
1024 3550 1101 3622 Deo
1116 3552 1329 3641 intelligitur
1344 3572 1560 3641 congressus,

575 3684 656 3729 cum
673 3658 836 3749 apparuit
853 3654 948 3724 Deus
962 3650 1130 3725 Abrahae
1150 3654 1190 3723 in
1208 3654 1298 3723 valle
1314 3650 1470 3736 Mamre,
1497 3651 1561 3720 ubi

574 3773 647 3830 tres
662 3761 758 3828 viros
772 3754 926 3848 bospitio
942 3756 1088 3848 excipit,
1114 3769 1150 3826 et
1164 3780 1276 3825 unum
1294 3755 1435 3840 adorat,
1460 3753 1561 3823 vide-

574 3861 675 3947 licet,
688 3862 795 3928 inter
811 3859 953 3949 angelos
967 3872 1107 3929 euntem
1122 3858 1237 3928 lilium
1252 3854 1333 3927 Dei.
1416 3905 1425 3916 ,

676 3961 730 4030 Ac
754 3962 798 4029 de
818 3961 1053 4052 promissione
1073 3962 1154 4030 data
1176 3954 1343 4028 Abrahae
1367 3954 1474 4025 nimis
1495 3954 1561 4025 sri-

575 4066 657 4153 gida
674 4064 889 4152 cogitamus,
915 4063 1033 4131 sinon
1050 4062 1287 4131 existimamus
1303 4082 1382 4129 eum
1399 4060 1561 4127 conside-

548 4158 688 4244 rasse,
724 4177 856 4255 quanta
880 4187 937 4232 res
964 4160 1137 4253 promissa
1160 4163 1279 4233 inerit.
1337 4159 1562 4250 lntelligebat

572 4263 758 4339 Abraham
774 4288 847 4332 non
861 4278 999 4335 tantum
1014 4264 1083 4335 sibi
1100 4265 1260 4354 promitti
1285 4286 1433 4349 regnum
1452 4286 1560 4331 mun-

573 4372 727 4452 danum,
754 4388 834 4434 curn
859 4366 1047 4457 promissio
1060 4367 1171 4436 dicat:
1199 4363 1242 4435 ln
1263 4365 1397 4463 semine
1412 4378 1474 4434 tuo
1496 4366 1560 4434 be·

573 4472 785 4539 nedicentur
806 4492 928 4538 omnes
949 4482 1080 4557 gentes.
1132 4464 1357 4537 Gubernalio
1378 4467 1559 4537 mundana

572 4573 672 4660 regni
694 4569 879 4640 israelitici
902 4567 996 4638 nihil
1020 4571 1189 4660 proderat
1214 4569 1359 4638 caeteris
1384 4568 1558 4656 gentibus,

572 4676 635 4742 sed
652 4674 783 4742 sciebat
798 4667 978 4741 Abraham
994 4670 1203 4761 promissam
1224 4693 1298 4739 esse
1313 4669 1557 4739 liberationem

572 4787 759 4865 apeccato
786 4785 821 4841 et
851 4798 870 4842 a
903 4788 1016 4842 morte
1049 4786 1210 4856 aeterna,
1242 4786 1277 4841 et
1297 4771 1557 4841 restitutionem

573 4890 735 4945 aeternae
762 4872 920 4942 iustitiae
945 4889 979 4943 et
1000 4874 1105 4945 vitae.
1157 4872 1217 4943 Sic
1234 4850 1343 4962 igitur
1357 4873 1449 4944 vidit
1462 4874 1556 4942 diem

571 4976 716 5047 venturi
731 4973 902 5059 Messias,
927 4974 1103 5045 intellexit
1121 4976 1404 5064 promissionem,
1425 4974 1557 5047 sciebat

571 5093 762 5149 ventarum
776 5100 894 5146 semen
908 5075 984 5143 iore
998 5071 1150 5145 bostiam
1165 5096 1231 5165 pro
1246 5090 1398 5166 peccato,
1422 5090 1456 5147 et
1473 5101 1556 5166 pro-

571 5195 654 5274 pter
673 5182 788 5270 ipsum
812 5178 887 5246 dari
908 5177 1152 5246 remissionem
1178 5193 1400 5267 peccatorum
1435 5192 1469 5248 et
1500 5180 1554 5248 vi-

571 5298 644 5352 tam
660 5296 858 5362 aeternam,
883 5280 955 5347 imo
969 5292 1072 5348 norat
1088 5280 1194 5349 etiarn
1214 5280 1460 5371 ipsumlilium
1474 5279 1553 5366 Dei,

572 5406 678 5476 quem
696 5383 833 5449 viderat
855 5394 1042 5449 venturum
1066 5381 1103 5449 in
1125 5404 1279 5453 carnem.
1330 5378 1426 5450 Hinc
1446 5379 1555 5469 igitur

570 5486 721 5554 laetatus
744 5495 814 5561 est,
848 5483 930 5573 quia
955 5480 1090 5569 agnitio
1118 5482 1382 5552 misericordiae
1407 5498 1554 5574 propter

570 5586 683 5655 lilium
705 5582 915 5676 promissae,
945 5582 1073 5652 liberat
1101 5606 1121 5653 a
1149 5584 1299 5676 peccatis
1331 5596 1365 5653 ει
1395 5597 1554 5654 amorte

571 5702 728 5769 aeterna,
762 5696 797 5752 et
819 5684 920 5752 affert
943 5684 1058 5765 vitam¹
1079 5698 1276 5769 aeternam,
1310 5686 1399 5757 sicut
1420 5682 1554 5755 Paulus

571 5788 705 5883 inquit:
724 5786 813 5859 Fide
827 5784 1004 5859 iustificati
1016 5810 1136 5879 pacem
1150 5783 1322 5858 habemus
1335 5808 1413 5879 erga
1422 5788 1553 5861 Deum.

1165 625 1292 703 enta.
1317 623 1436 702 Mul.
1462 622 1672 704 SCRIPTA
1695 617 1999 702 uxunu‘rtcA.

2523 635 2591 712 Ωιι

1592 851 1595 858 .
1710 795 1765 866 Ae
1780 792 1966 870 docetboc
1979 799 2059 871 loco
2073 794 2247 890 Christus,
2273 801 2455 898 quomodo
2470 802 2591 878 salvati

1611 894 1683 968 sint
1712 919 1835 970 omnes
1867 894 2037 972 haeredes
2069 901 2162 974 vitae
2187 919 2368 992 aeternae,
2407 921 2592 1002 antequam

1611 994 1775 1070 Christus
1792 1024 1832 1070 ex
1846 1001 1984 1092 virgine
1998 1015 2100 1078 uatus
2116 1020 2179 1079 εει.
2227 1004 2409 1080 Pharisaei
2423 1011 2593 1101 putabant

1610 1123 1733 1171 omnes
1749 1102 1938 1207 disciplina
1954 1105 2040 1196 legis
2054 1106 2207 1178 salvatos
2221 1131 2315 1196 esse,
2341 1110 2433 1182 sicut
2447 1111 2594 1204 scripse·

1612 1215 1697 1273 runt
1711 1218 1745 1275 et
1761 1199 1950 1290 Monachi,
1972 1208 2035 1300 qui
2051 1207 2229 1282 linxerunt
2250 1224 2322 1282 tres
2339 1210 2451 1304 leges,
2477 1226 2513 1285 et
2535 1215 2594 1283 ad·

1612 1304 1779 1394 diderunt
1814 1329 2108 1402 unumquemque
2139 1311 2312 1384 salvatum
2344 1336 2418 1384 esse
2452 1329 2593 1408 propter

1592 1415 1712 1478 'suam
1736 1408 1859 1498 legem.
1911 1405 2009 1481 Haec
2028 1410 2260 1486 deliramenta
2287 1417 2483 1488 execranda
2503 1431 2595 1503 sunt,

1613 1531 1654 1578 ac
1669 1509 1852 1580 sciendam
1868 1533 1977 1582 unam
1994 1534 2068 1582 esse
2082 1511 2195 1602 legem
2216 1529 2415 1604 aeternam,
2440 1543 2533 1612 quae
2551 1533 2595 1592 εει

1612 1609 1785 1680 iudicium
1814 1625 1997 1683 aeternum
2026 1611 2095 1684 Dei
2121 1616 2167 1685 de
2196 1632 2351 1710 peccato.
2402 1617 2593 1713 Nunquam

1612 1725 1726 1802 potest
1740 1709 1817 1782 Deo
1833 1714 1968 1805 placere
1983 1715 2198 1787 adulterium
2214 1716 2375 1807 Davidis,
2399 1745 2465 1792 nec
2481 1723 2594 1816 placet

1612 1813 1723 1884 ullius
1736 1808 1893 1885 hominis
1907 1830 2099 1909 peccatum,
2111 1821 2172 1890 sed
2187 1821 2239 1892 ira
2254 1815 2404 1894 incurril
2418 1824 2457 1892 in
2471 1824 2593 1912 filium,

1612 1927 1758 2007 propter
1789 1908 1885 1988 hunc
1919 1919 2090 2012 recipitur
2131 1944 2281 2014 persona
2312 1925 2522 2016 confugiens
2554 1927 2593 1996 ad

1612 2017 1738 2090 lilium.-
1795 2016 1943 2112 Semper
1967 2021 2079 2112 igitur
2104 2021 2160 2092 lex
2190 2024 2324 2114 arguit,
2355 2039 2389 2098 et
2422 2027 2594 2099 accusavit

1612 2130 1774 2211 peccata,
1794 2123 2067 2218 necquicquam
2085 2139 2232 2224 propter
2248 2127 2474 2220 disciplinam
2497 2129 2592 2198 illam

1612 2220 1766 2292 salvatus
1779 2234 1843 2296 est.
1882 2220 1953 2295 Sed
1969 2227 2091 2296 codam
2109 2228 2218 2298 modo
2233 2230 2357 2301 salvati
2373 2245 2459 2324 sunt
2473 2254 2593 2301 omnes

1613 2319 1779 2394 haeredes
1794 2325 2089 2410 vitae'aeternae,
2114 2329 2201 2416 fide,
2227 2331 2262 2401 id
2286 2344 2355 2416 est,
2379 2333 2507 2404 fiducia
2528 2334 2592 2402 mi-

1614 2425 1824 2496 sericordiae
1857 2441 2002 2521 propter
2034 2429 2201 2502 Messiam
2237 2434 2440 2525 promissae.
2498 2431 2591 2504 Haec

1613 2550 1759 2618 prorsus
1788 2528 1909 2619 ignota
1936 2531 2082 2603 luerunt
2112 2527 2332 2622 Pharisaeis,
2366 2537 2428 2631 qui
2456 2549 2586 2607 tantum

1613 2630 1838 2701 somniabant
1857 2633 2078 2703 mundanum
2102 2634 2312 2727 imperium,
2336 2661 2402 2708 nec
2417 2637 2586 2728 intelliga-

1614 2733 1701 2802 bant
1722 2734 1990 2826 promissionem
2013 2736 2058 2805 de
2080 2737 2347 2825 benedictione,
2371 2763 2435 2809 nae
2458 2740 2591 2830 cogita·

1613 2834 1700 2906 bant
1733 2835 1820 2929 quid
1856 2832 2022 2908 Abrabae
2056 2850 2091 2909 ει
2122 2841 2290 2911 omnibus
2322 2843 2483 2935 patribus
2516 2851 2593 2932 post

1613 2936 1749 3028 lapsum
1779 2937 1863 3006 inde
1892 2961 2003 3034 usque
2033 2940 2078 3008 ab
2105 2939 2209 3011 initio
2238 2943 2431 3035 profuisset
2461 2941 2593 3034 agnitio

1613 3037 1775 3112 Messiae.
1829 3036 1991 3134 Denique
2013 3064 2157 3134 prorsas
2175 3043 2390 3134 ignorabant
2412 3069 2533 3117 veram
2553 3045 2594 3116 de

1612 3137 1743 3210 Massia
1761 3141 1973 3218 doctrinam.

1714 3239 1793 3314 Hoc
1809 3243 1916 3334 igitur
1937 3245 2071 3318 dictum
2087 3241 2219 3320 Christi
2243 3249 2530 3339 meminerimus,
2555 3249 2595 3318 de

1611 3344 1807 3415 salvatione
1822 3362 1974 3438 patrum,
1999 3347 2045 3418 ad
2061 3350 2157 3444 quod
2172 3353 2335 3442 congruit
2350 3352 2486 3424 dietum
2503 3349 2597 3422 Petri

1613 3448 1650 3517 in
1667 3442 1766 3519 Actis
1781 3449 1893 3541 capite
1911 3443 1986 3525 15.:
2040 3447 2138 3539 Quid
2155 3455 2297 3525 tentatis
2311 3451 2451 3542 Deum,
2482 3455 2597 3549 impo-

1612 3564 1735 3648 nentes
1760 3550 1883 3639 iugum
1908 3575 2014 3645 super
2037 3554 2171 3626 collum
2194 3556 2472 3649 discipulorum,
2504 3556 2597 3651 quod

1612 3674 1728 3746 neque
1742 3665 1858 3744 patres
1873 3655 1997 3739 nostri,
2022 3678 2138 3749 neque
2155 3680 2221 3729 nos
2244 3673 2384 3751 portare
2406 3660 2600 3751 potuimus,

1612 3756 1670 3823 scd
1699 3754 1810 3843 gratia
1836 3755 1974 3825 domini
1998 3753 2077 3828 lesu
2099 3754 2232 3831 Christi
2257 3761 2435 3833 credimus
2458 3760 2600 3846 salvari,

1613 3855 1703 3926 sicut
1719 3870 1752 3925 et
1771 3856 1860 3947 ipsi,
1887 3870 1921 3927 et
1942 3871 1985 3928 ut
2006 3882 2071 3928 nos
2096 3862 2283 3949 gratuitam
2318 3863 2599 3935 misericordiam

1613 3957 1743 4028 clarius
1764 3958 2021 4049 intelligamus,
2045 3976 2081 4031 et
2098 3964 2201 4031 lidcm
2222 3964 2432 4050 excitemus,
2459 3964 2600 4037 intuea-

1612 4083 1693 4129 mur
1714 4074 1829 4152 patres
1850 4074 1932 4131 ante
1955 4062 2086 4153 legem,
2119 4078 2355 4138 sustentantes
2385 4090 2421 4137 se
2444 4068 2601 4157 promis·

1612 4162 1730 4246 sione,
1754 4186 1828 4231 non
1851 4162 1945 4251 lege,
1972 4166 2064 4235 sicut
2087 4180 2121 4237 et
2144 4165 2276 4239 Paulus
2297 4168 2401 4237 nobis
2423 4167 2602 4259 singulari

1611 4263 1760 4341 consilio
1785 4259 1851 4335 boc
1872 4265 2006 4335 dictum
2023 4269 2209 4358 proponit:
2233 4266 2395 4341 Credidit
2409 4265 2602 4341 Abraham

1610 4363 1706 4450 Deo,
1732 4380 1766 4437 ει
1789 4366 2001 4457 imputatum
2025 4382 2078 4440 est
2097 4370 2130 4439 ei
2153 4372 2198 4440 ad
2222 4372 2409 4443 iusticiam.
2461 4371 2510 4443 ln
2536 4368 2604 4443 bos

1609 4467 1811 4559 exemplum
1832 4468 1964 4540 intueri
1987 4492 2057 4541 nos.
2076 4469 2192 4559 iubet,
2217 4489 2251 4546 et
2274 4480 2376 4545 docet
2395 4498 2463 4543 nos
2488 4474 2604 4565 recipi

1609 4570 1834 4657 ingratiam,
1859 4594 1934 4640 non
1950 4585 2094 4665 propter
2115 4574 2243 4671 legem,
2271 4578 2332 4645 sed
2354 4576 2443 4664 lide,
2469 4578 2513 4649 id
2541 4590 2604 4661 est,

1608 4672 1735 4741 fiducia
1759 4670 2020 4743 misericordiae
2041 4688 2187 4767 propter
2203 4676 2370 4747 Messiam
2390 4679 2605 4771 promissae,

1609 4774 1699 4842 sicut
1712 4768 1895 4842 Abraham
1912 4790 2072 4867 receptus
2087 4790 2148 4847 est.
2182 4776 2255 4850 Nec
2272 4779 2420 4850 dubium
2437 4796 2497 4852 est
2513 4780 2605 4873 quin

1607 4869 1771 4947 Christus
1792 4874 1829 4942 in
1855 4870 1920 4945 hac
1943 4878 2148 4948 narratione
2158 4876 2407 4970 Evangelistae
2423 4882 2471 4951 ad
2496 4884 2604 4954 illum

1607 4977 1724 5046 locum
1745 4976 1782 5044 in
1801 4972 1931 5045 Genesi
1954 4978 2135 5071 respiciat,
2161 5005 2242 5051 cum
2267 4981 2317 5053 ait
2333 4983 2377 5054 de
2392 4977 2606 5057 Abraham:

1606 5076 1709 5148 Vidit
1726 5091 1759 5148 et
1774 5078 1922 5148 lactatus
1936 5091 1996 5153 est.
2031 5080 2110 5151 Hoc
2124 5084 2228 5175 plane
2244 5084 2338 5154 idern
2353 5099 2417 5170 est,
2441 5090 2550 5179 quod
2568 5088 2606 5155 in

1608 5176 1740 5248 Genesi
1758 5178 1906 5251 dicitur:
1930 5178 2109 5268 Credidit,
2134 5198 2169 5255 et
2191 5186 2403 5279 imputatum
2425 5203 2481 5258 cst
2499 5191 2538 5258 ei
2561 5192 2607 5259 ad

1605 5282 1792 5355 iusticiam.
1844 5278 1921 5350 Etsi
1945 5277 2031 5354 baec
2052 5287 2226 5358 sententia
2249 5313 2269 5360 a
2292 5288 2440 5359 somniis
2464 5286 2607 5363 Phari·

1605 5406 1765 5453 saeorum
1785 5404 1929 5473 prorsus
1949 5384 2180 5477 discrepabat.
2232 5442 2240 5455 .

1708 5483 1802 5554 Sunt
1843 5498 1961 5555 autern
2001 5486 2041 5556 in
2074 5489 2191 5561 verbis
2232 5490 2395 5563 ardentes
2429 5490 2605 5567 affectus:

1604 5581 1787 5657 Abraham
1804 5587 1939 5677 optavit
1954 5589 2073 5659 videre
2089 5592 2184 5660 diem
2199 5616 2329 5680 meum,
2354 5592 2390 5661 id
2407 5605 2475 5679 est,
2498 5613 2609 5688 opta-

1605 5688 1656 5757 vit
1674 5700 1707 5757 et
1722 5710 1777 5755 me
1794 5708 1914 5772 nosse,
1939 5701 1975 5758 et
1996 5690 2065 5761 mei
2083 5694 2255 5764 adventus
2276 5694 2445 5785 gloriam,
2476 5696 2522 5765 id
2542 5711 2607 5785 est,

1604 5788 1840 5863 incoationem
1864 5790 1964 5880 regni
1986 5794 2120 5867 aeterni
2137 5794 2270 5872 videre.
2323 5794 2440 5885 Vidit,
2469 5796 2516 5869 id
2541 5814 2607 5883 est,
