5825 6950
582 679 658 754 aas
792 674 798 686 ·
943 765 952 781 Ι
1179 663 1307 743 antu
1332 661 1452 743 unu
1475 659 1685 745 scalers
1713 661 2013 745 exscertus.
2171 761 2175 768 ¹
2272 671 2278 692 ·
2523 685 2587 762 τοῦ

581 855 634 929 les
651 847 864 930 mundanis,
888 854 1074 918 utcontra
1097 840 1362 913 ordinationem
1378 834 1446 908 Dei
1470 859 1574 930 appe.
1632 838 1744 910 miella
1770 841 1961 913 reformare
1982 841 2020 910 in
2046 841 2208 914 doctrina
2231 845 2290 916 rel
2317 845 2418 923 ritib,
2434 843 2593 932 conantur.

583 969 665 1030 tunt
688 953 791 1046 impii
815 951 1056 1043 voluptatem,
1082 959 1258 1038 quaeruut
1281 966 1367 1035 opes
1391 956 1426 1012 et
1449 955 1575 1033 poten·
1631 941 1706 1009 Aut
1728 965 1747 1010 e
1769 943 1934 1030 regione,
1960 968 2040 1013 cum
2057 947 2220 1018 doctores
2235 963 2447 1022 extrasuum
2461 957 2593 1033 olbcium

583 1059 670 1137 tiam
696 1054 839 1126 iniustis
863 1049 998 1134 modis,
1021 1050 1165 1138 lugiunt
1186 1070 1340 1118 crucem.
1391 1043 1499 1114 Tales
1514 1068 1577 1114 cu·
1628 1041 1750 1116 civilia
1775 1045 1917 1134 negotia
1939 1049 1983 1116 ad
2005 1071 2105 1119 suam
2127 1061 2335 1138 potestatem
2359 1074 2534 1143 revocant,
2567 1081 2595 1138 et

583 1161 750 1254 piditates
790 1158 954 1238 damnat,
995 1173 1085 1245 quae
1125 1162 1346 1239 occuparunt
1385 1147 1577 1217 maximam
1631 1139 1766 1216 habent
1783 1148 1934 1218 alterum
1951 1153 2075 1238 pedem
2092 1151 2131 1220 in
2147 1147 2267 1238 Curia,
2281 1154 2429 1228 alterum
2445 1158 2595 1234 inErcle·

583 1261 713 1332 mundi
743 1272 893 1352 partem.
950 1253 1053 1327 Sicut
1080 1252 1242 1322 videmus
1273 1251 1409 1342 ubique
1437 1248 1578 1320 animos
1631 1247 1707 1320 sim,
1747 1247 1850 1321 Sicut
1873 1247 2131 1342 Aristophanes
2153 1254 2292 1328 dicebat
2314 1260 2358 1328 de
2380 1256 2522 1347 Cleone,
2544 1260 2596 1336 ha.

583 1359 774 1434 hominum
790 1363 916 1432 ardere
929 1357 1017 1426 alios
1034 1353 1115 1426 aliis
1130 1353 1400 1444 cupiditatibus,
1417 1351 1579 1435 avaritia,
1632 1350 1716 1419 bere
1742 1373 1823 1420 eum
1845 1352 1997 1424 alterum
2022 1355 2146 1447 pedem
2171 1356 2210 1426 iu
2234 1361 2376 1446 castris,
2408 1363 2547 1436 alterum
2566 1369 2596 1438 in

585 1467 804 1554 ambitione,
837 1459 1072 1546 libidinibus,
1112 1467 1146 1526 et
1174 1470 1320 1548 propter
1343 1450 1408 1524 has
1430 1454 1578 1524 miscere
1632 1452 1815 1524 concione.

586 1568 711 1640 orbem
744 1580 920 1638 terrarum
953 1559 1184 1643 tumultibus,
1225 1557 1414 1647 caedibus,
1455 1555 1580 1642 hellis,
1635 1627 1638 1636 Δ
1734 1552 1896 1628 Primum
1913 1556 2022 1646 igitur
2038 1560 2305 1632 meminerimus
2321 1557 2379 1632 hic
2396 1568 2548 1660 praecipi,
2561 1593 2596 1640 ue

585 1670 677 1743 sicut
693 1669 900 1764 quotidiana
914 1663 989 1738 vita
1007 1675 1166 1740 testatur,
1180 1675 1214 1734 et
1232 1658 1401 1732 historiae
1416 1657 1578 1730 omnium
1633 1659 1887 1730 conturbemus
1908 1661 2154 1749 vocationem,
2180 1665 2242 1732 sed
2257 1679 2297 1734 ut
2311 1667 2440 1756 singuli
2456 1691 2532 1740 suae
2544 1697 2595 1740 vo·

584 1786 799 1866 temporum,
1633 1759 1784 1830 cationis
1800 1762 1914 1832 officia
1932 1762 2122 1852 diligenter
2143 1766 2286 1840 iaciant.
2337 1767 2496 1840 Altemm
2513 1797 2595 1862 prae-

687 1869 845 1944 Ecoutre
866 1883 983 1942 autem
1001 1867 1099 1938 iubet
1115 1865 1281 1937 renovari
1298 1878 1435 1948 mente,
1463 1862 1580 1948 idest,
1634 1875 1774 1950 ceptum
1797 1874 1893 1934 vetat
1917 1864 2075 1936 iudicare
2099 1883 2223 1940 contra
2246 1871 2489 1961 praescriptam
2510 1897 2596 1962 regu·

585 1975 686 2048 iubet
702 2000 769 2045 nos
784 1975 890 2045 aliter
906 1973 1059 2054 sentire,
1087 1970 1174 2039 alias
1193 1966 1346 2038 noticias
1360 1970 1405 2036 de
1419 1965 1520 2054 Deo,
1547 1980 1581 2035 et
1633 1962 1723 2044 lam,
1750 1959 1898 2051 horest,
1931 1979 2055 2036 contra
2078 1971 2227 2039 verbum
2252 1968 2321 2040 Dei
2348 1985 2382 2042 et
2401 1973 2532 2044 saniora
2552 1977 2604 2046 iu·¹

586 2079 676 2148 alios
692 2077 839 2148 affectus
854 2073 1061 2165 concipere,
1088 2072 1254 2143 videlicet
1270 2093 1395 2139 verum
1414 2069 1579 2139 timorem
1632 2065 1736 2138 dicia.
1790 2068 1892 2139 Sicut
1917 2068 2029 2162 aliqui
2059 2085 2233 2143 tumentes
2264 2073 2365 2144 inani
2394 2078 2595 2172 persuasione

585 2177 655 2252 Dei
684 2193 720 2250 et
744 2202 863 2249 veram
882 2179 1007 2260 lidem,
1043 2190 1083 2247 ut
1105 2175 1342 2246 anteferamus
1359 2172 1579 2242 voluntatem
1632 2169 1821 2260 singularis
1835 2171 2045 2263 sapientiae,
2070 2186 2193 2245 sensns
2209 2197 2319 2245 novas
2334 2174 2531 2266 opiniones,
2548 2181 2594 2250 in·

584 2279 655 2354 Dei
685 2280 819 2351 nostris
840 2279 1105 2370 cupiditatibus.
1632 2270 1785 2343 stituunt
1808 2296 1921 2342 novos
1940 2274 2073 2360 cultus,
2099 2276 2296 2348 offundunt
2320 2278 2500 2366 caliginem
2521 2283 2595 2350 veris

688 2380 774 2455 Ideo
791 2384 908 2454 addit:
943 2377 991 2451 Ut
1006 2375 1221 2468 agnoscatis,
1244 2397 1335 2467 quae
1352 2373 1399 2446 sit
1413 2375 1579 2444 voluntas
1632 2385 1666 2444 et
1689 2374 1897 2444 necessariis
1919 2375 2087 2447 articulis.
2149 2375 2254 2448 Hanc
2279 2381 2463 2450 audaciam
2486 2382 2593 2474 inpri-

585 2481 655 2558 Det
678 2487 772 2556 bona
795 2498 861 2557 etc.
914 2481 955 2554 ld
979 2484 1074 2550 enim
1099 2477 1307 2581 simpliciter
1324 2477 1505 2567 intelligo,
1534 2480 1578 2547 de
1632 2475 1699 2547 mis
1721 2475 1989 2548 meminerimus
2014 2473 2073 2551 hic
2097 2476 2300 2572 prohiberi,
2336 2504 2415 2550 cnm
2439 2483 2542 2569 iubet,
2563 2500 2593 2556 ut

509 2669 513 2676 ,
586 2590 771 2660 voluntate
788 2586 857 2658 Dei
883 2585 1062 2677 proposita
1086 2581 1126 2650 in
1148 2579 1343 2670 praeceptis
1367 2593 1401 2649 et
1424 2580 1578 2670 promis·
1632 2579 1876 2670 unusquisque
1892 2597 2059 2668 agnoscat
2074 2606 2276 2654 mensuram
2299 2583 2357 2654 sui
2373 2587 2475 2672 doni,
2499 2587 2588 2670 idest,

586 2690 761 2767 sionibus.
815 2684 1092 2758 lubeteuimita
1110 2682 1493 2764 renovari,utnovam
1509 2705 1579 2750 no·
1631 2691 1665 2748 et
1688 2681 1867 2752 vocationi
1891 2703 1973 2752 suae
1996 2685 2232 2775 obtemperet,
2259 2697 2293 2756 ct
2319 2709 2393 2756 non
2414 2689 2587 2758 sumalsibi

586 2792 710 2863 ticiam
733 2793 778 2859 de
801 2786 877 2859 Deo
902 2787 1164 2878 concipiamus,
1198 2795 1234 2853 et
1249 2783 1441 2853 induamus
1466 2806 1579 2853 novos
1631 2779 1805 2854 iudicium
1831 2789 2108 2876 supramodum
2140 2789 2197 2858 sui
2231 2787 2341 2874 doni,
2380 2812 2455 2858 non
2483 2792 2589 2862 incerta

586 2893 752 2976 affectus,
779 2891 942 2960 videlicet
964 2911 1089 2959 verum
1112 2885 1276 2956 timorem
1298 2884 1368 2953 Dei
1393 2899 1427 2956 et
1457 2905 1578 2954 veram
1631 2883 1795 2954 affirmet.

586 2996 711 3079 idem,
727 3006 761 3063 et
777 2987 815 3062 hi
829 2991 977 3063 affectus
991 3001 1136 3061 exerant
1150 3011 1186 3057 se
1202 2987 1241 3056 in
1256 2987 1355 3058 omni
1370 3007 1498 3076 genere
1512 2988 1579 3058 bo-
1713 2983 1847 3056 Paulus
1859 3001 1960 3058 vocat
1976 3011 2177 3060 mensuram
2194 2990 2288 3076 fidei,
2307 3015 2502 3064 mensuram
2514 2990 2592 3070 doni,

584 3120 718 3167 ssorum
735 3118 907 3185 operum,
933 3108 966 3164 et
983 3089 1258 3169 afflictionibus,
1276 3089 1440 3158 videlicet
1456 3089 1522 3174 ita,
1539 3088 1579 3161 Si
1631 3089 1727 3177 quod
1743 3089 1782 3156 in
1800 3083 1868 3158 lide
1884 3093 2037 3160 exerceri
2054 3094 2176 3180 debet,
2195 3106 2228 3163 et
2245 3119 2311 3185 per
2324 3096 2427 3166 fidem
2443 3098 2550 3176 datur,
2562 3107 2590 3162 ut

586 3199 627 3269 in
643 3197 898 3269 afflictionibus
914 3189 1238 3284 intelligamusDeo
1253 3191 1389 3283 placere
1406 3192 1579 3262 obedien·
1631 3189 1670 3258 in
1695 3190 1848 3262 exercitu
1870 3192 1961 3264 aliua
1983 3207 2035 3264 est
2058 3197 2149 3278 dur,
2188 3197 2278 3264 alius
2305 3199 2485 3281 tribunus,
2521 3198 2590 3264 elius

586 3300 692 3386 tiam,
717 3311 752 3370 et
775 3313 959 3390 propterea
981 3296 1220 3369 sustineamus
1238 3295 1404 3376 adversa,
1431 3317 1497 3366 nec
1520 3295 1578 3365 lu·
1632 3306 1811 3384 quaestor,
1845 3291 1896 3362 lte
1913 3291 2128 3366 inEcclesiis
2143 3297 2203 3366 alii
2220 3299 2385 3369 doctores
2401 3294 2591 3369 habentina-

587 3403 724 3495 giemus
745 3414 897 3472 crucem.
1473 3463 1480 3472 ,
1631 3390 1708 3466 iora
1725 3396 1819 3466 dona
1834 3395 1926 3467 aliis.
1977 3392 2061 3468 Ideo
2075 3413 2193 3490 postea
2211 3400 2314 3472 addit
2328 3401 2457 3472 Paulus
2472 3421 2591 3469 enume-

1632 3498 1824 3583 rationem,
1848 3513 1888 3569 ut
1911 3499 2042 3590 singuli
2065 3503 2293 3575 meminerint
2320 3526 2401 3576 suae
2425 3502 2591 3575 vocationis

1631 3614 1666 3672 ei
1689 3601 1746 3673 Sui
1766 3602 1877 3673 m0die

636 3566 738 3645 Dico
753 3568 854 3643 cobis
863 3590 930 3669 per
939 3566 1128 3665 gratiam,
1146 3590 1241 3665 quoe
1255 3560 1347 3636 dolo
1357 3534 1408 3637 eil
1422 3560 1529 3638 milei.

692 3704 791 3778 luter
805 3706 978 3789 virtutes,
994 3727 1085 3797 quae
1100 3704 1146 3771 acl
1161 3700 1419 3787 ministerium,
1434 3723 1495 3772 seu
1512 3724 1579 3793 gu·
1990 3769 1998 3789 ‚
2222 3768 2229 3791 ,

587 3808 854 3893 bemationem,
893 3830 957 3877 scu
995 3803 1339 3875 administrationem
1379 3806 1579 3895 pertinent,
1948 3768 2033 3843 “3¹⁰⁶
2055 3767 2305 3873 Pf⁰Pl³m⁰m⁰

577 3914 683 3983 ‘duae
706 3924 790 3980 sunt
814 3908 1042 4000 praecipuae:
1080 3902 1296 3978 Obedicntis
1318 3907 1357 3977 iu
1381 3907 1580 3992 vocatione,
1719 3899 1762 3973 ln
1778 3906 2044 3976 enumeratione
2059 3908 2268 3999 praescribit
2285 3909 2491 4004 quibusdam
2506 3928 2589 3995 regu·

590 4028 623 4085 et
642 4014 683 4081 in
698 4012 891 4081 iudicando
913 4032 977 4080 seu
1002 4009 1244 4093 instituendo,
1272 4032 1347 4077 uon
1363 4008 1578 4081 discederea
1629 4002 2036 4099 12⁸,uldePropbetis·
2085 4008 2271 4099 Significat
2291 4026 2409 4084 autem
2427 4004 2587 4101 Prophetis

589 4114 805 4208 praescripta
829 4112 950 4200 regsrla
975 4134 1037 4180 seu
1061 4112 1241 4181 mandato.
1309 4109 1430 4199 Quare
1452 4112 1498 4181 de
1522 4106 1578 4181 his
1630 4107 1902 4200 revelationem,
1938 4130 2000 4179 seu
2026 4114 2284 4202 praedictiones
2306 4117 2352 4184 de
2374 4112 2511 4190 lecturis,
2538 4131 2585 4176 seu

589 4217 731 4287 duabus
748 4211 940 4287 virtutibus
954 4212 1059 4283 initio
1076 4212 1363 4297 concionatur,et
1379 4212 1427 4281 its
1443 4213 1579 4305 inquit:
1630 4210 1955 4300 interpretationem
1978 4208 2191 4306 scripturae,
2217 4217 2303 4309 quia
2326 4219 2369 4287 ad
2395 4212 2482 4287 banc
2501 4212 2587 4281 etiem

588 4316 705 4389 Nemo
721 4330 931 4406 arroganter
946 4317 1041 4386 dese
1054 4315 1192 4398 sentiat,
1207 4314 1243 4383 id
1258 4328 1323 4396 est,
1338 4338 1443 4385 nemo
1459 4338 1578 4383 erum-
1628 4334 1718 4399 opus
1743 4325 1795 4382 est
1818 4313 1937 4405 aliqua
1961 4314 2187 4387 revelatione.
2242 4316 2331 4387 Nam
2353 4320 2437 4413 quid
2460 4338 2532 4384 vera
2552 4310 2586 4379 sit

590 4432 653 4511 pat
670 4432 768 4489 extra
791 4440 893 4489 suam
915 4418 1158 4498 vocatiouem,
1191 4429 1225 4487 ct
1250 4430 1456 4505 arroganter
1479 4416 1577 4487 aliud
1629 4413 1727 4498 fides,
1744 4426 1778 4487 et
1796 4438 1877 4487 vera
1894 4416 2088 4487 consolatio
2105 4420 2350 4502 conscientiae,
2367 4436 2401 4493 et
2416 4440 2492 4489 vers
2505 4413 2585 4503 agui·

591 4520 780 4612 suscipiat,
806 4542 913 4613 qcram
937 4520 1092 4612 postulat
1113 4518 1169 4587 sui
1191 4516 1422 4590 officiiratio.
1473 4520 1578 4589 Item:
1628 4516 1847 4606 tiopeccati,
1874 4518 2511 4609 nemointelligitsinedivinomotn.
2547 4511 2585 4583 El

590 4620 705 4692 Nemo
735 4635 941 4711 arroganter
965 4622 1059 4695 ausit
1079 4621 1236 4690 iudicare
1268 4622 1313 4690 de
1337 4621 1578 4711 dogmatibus,
1629 4610 1762 4690 habeut
1778 4620 1840 4689 alii
1858 4633 1975 4690 mulus
1990 4620 2202 4693 illustriores
2217 4623 2308 4694 aliis.
2511 4626 2519 4638 '

592 4738 714 4795 contra
738 4725 905 4793 traditam
932 4722 1110 4811 regulam,
1143 4737 1203 4793 aut
1228 4744 1345 4792 serere
1367 4745 1479 4792 novas
1499 4722 1578 4813 opi·
1726 4718 1902 4814 Praecipit
1927 4722 2055 4811 igitur,
2091 4736 2132 4794 ut
2154 4725 2399 4818 interpretatio
2422 4720 2511 4792 verbi
2531 4712 2583 4785 Dei

591 4825 738 4907 stiones,
774 4837 836 4894 aut
861 4824 1046 4893 instituere
1072 4849 1184 4895 novos
1211 4825 1344 4908 cultus,
1382 4825 1578 4895 infatuatus
1627 4820 1672 4889 sit
1687 4823 1911 4911 analoga,id
1930 4839 1998 4907 est,
2021 4828 2247 4897 consentiens
2262 4829 2361 4912 balei,
2388 4823 2528 4904 hocest,
2549 4840 2584 4885 ne

591 4925 821 5015 persuasione
836 4947 981 5014 magnae
998 4926 1190 5019 sapientiae
1206 4939 1267 4997 aut
1281 4927 1494 5008 sanctitatis,
1518 4948 1578 4996 su·
1626 4923 1782 4995 discedat
1804 4928 1849 4995 ab
1871 4925 2029 4996 articulis
2053 4927 2153 5012 fidei,
2177 4954 2222 4999 ue
2243 4932 2419 5018 extinguat
2435 4922 2581 4994 noticiam

590 5048 655 5119 pra
671 5028 818 5095 modum
832 5026 888 5095 sui
901 5028 1000 5101 doni.
1626 5048 1742 5094 veram
1760 5022 1915 5111 Christi,
1943 5040 1976 5098 et
1992 5027 2095 5097 fidem
2113 5030 2151 5098 in
2166 5026 2361 5102 Christum.
2411 5026 2504 5097 Sicut
2525 5020 2582 5088 ial-

678 5122 880 5223 Utrumque
893 5142 1011 5201 autem
1027 5143 1249 5220 praeceptum
1267 5130 1500 5200 necessarium
1515 5144 1578 5211 est,
1624 5126 1674 5197 tio
1688 5127 1733 5198 ab
1754 5130 1911 5200 articulis
1930 5129 2012 5200 fidei
2033 5130 2267 5203 discesserunt
2282 5128 2416 5212 Elaion,
2440 5126 2582 5199 Samosa-

590 5228 745 5299 maxime
764 5228 803 5296 in
829 5224 1005 5315 Ecclesia,
1044 5246 1084 5302 ut
1109 5233 1206 5301 euim
1230 5219 1433 5305 civitatibus
1461 5236 1575 5305 noiv—
1624 5242 1746 5313 tenus,
1762 5244 1796 5299 st
1813 5234 1891 5319 olii,
1905 5234 1966 5326 qui
1983 5235 2242 5305 contenderunt
2258 5235 2294 5303 in
2310 5229 2449 5304 Christo
2464 5240 2580 5298 tantun

591 5321 841 5423 πραγμοσύνη
862 5332 1057 5420 plurimum
1082 5348 1204 5416 nocet,
1238 5359 1319 5403 cum
1342 5335 1510 5423 ingerunt
1536 5359 1574 5406 ee
1623 5354 1695 5399 esse
1719 5345 1881 5403 naturam
1906 5331 2111 5409 humanam.
2173 5332 2313 5407 Deinde
2337 5330 2494 5411 Arriani,
2529 5322 2578 5416 ‘llll

589 5432 720 5523 privati
736 5427 899 5503 homines
913 5438 1084 5523 negotiis,
1111 5451 1145 5507 et
1158 5438 1357 5529 impediunt
1372 5437 1573 5506 ordinarias
1622 5450 1840 5522 negaverunt
1863 5437 1974 5507 lilium
1989 5434 2057 5505 Dei
2072 5450 2198 5507 natura
2215 5438 2330 5508 Deum
2347 5458 2429 5506 esse.
2477 5424 2578 5498 Mani·

588 5534 764 5619 actiones,
788 5534 877 5603 sieut
892 5534 1048 5623 Marius,
1074 5535 1226 5624 Brutus,
1248 5555 1281 5609 et
1302 5540 1363 5607 alii
1380 5540 1573 5612 turbabant
1620 5529 1740 5616 chael,
1765 5540 1826 5631 qui
1852 5539 2028 5609 finxerunt
2049 5540 2139 5607 duos
2157 5541 2261 5624 deos,
2296 5553 2328 5609 et
2343 5536 2576 5607 damnaverunt

587 5636 748 5727 rempub.
800 5633 851 5707 lta
867 5638 904 5707 in
920 5636 1074 5713 Ecclesia
1089 5642 1214 5733 ingens
1230 5642 1425 5729 periculum
1442 5641 1570 5723 existit,
1619 5639 1844 5726 coniugium,
1877 5640 2025 5725 iudicia,
2061 5662 2159 5709 essem
2184 5643 2355 5713 carnium.
2415 5634 2464 5705 lca
2486 5630 2576 5698 inte·

587 5760 667 5805 cum
686 5737 797 5831 aliqui
813 5741 868 5809 vel
885 5744 992 5814 stulto
1016 5747 1111 5828 zelo,
1139 5746 1195 5813 vel
1213 5745 1292 5811 aliis
1314 5745 1567 5833 cupiditatibus
1617 5753 1703 5810 reiut
1716 5735 1879 5813 homiues
1892 5766 1966 5814 non
1984 5742 2063 5829 fide,
2073 5744 2133 5814 sed
2150 5745 2278 5816 talibus
2293 5731 2575 5813 observationibus

585 5837 748 5925 incitati,
787 5856 883 5915 extra
904 5848 1125 5919 vocationem
1151 5868 1252 5918 suam
1276 5857 1487 5939 erumpunt,
1533 5859 1567 5916 et
1616 5844 1729 5917 iustos
1755 5866 1838 5915 esse.
