5825 6950
328 707 388 784 ttt
466 709 573 788 lilll.
622 713 662 785 2.
688 705 1057 786 conueniant!
1083 703 1136 780 IN
1160 701 1320 830 EPIST.
1345 698 1498 780 PAULI
1523 701 1591 782 on
1616 700 1880 786 ROMANOS.
1942 707 2047 786 cle.
2074 709 2173 788 xlv.
2269 715 2344 789 762

321 883 471 972 operibns
497 881 813 967 inminutionem,
852 907 933 953 cum
958 894 1078 952 tamen
1101 879 1195 951 ratio
1218 903 1295 954 non
1346 893 1381 950 et
1400 879 1448 949 ab
1469 894 1613 954 aeterna
1634 883 1707 964 ira,
1734 907 1842 977 quam
1866 884 1921 954 lex
1946 886 2149 958 denunciat.
2201 883 2343 961 Norant

320 985 405 1054 alind
424 984 601 1076 intelligat
623 1009 698 1056 esse
722 985 922 1070 iusticiam,
955 983 1027 1054 nisi
1053 983 1295 1056 obedientiam
1345 982 1465 1052 inilia
1484 985 1637 1054 naturali
1658 986 1789 1057 noticia
1806 1010 1879 1058 non
1897 990 2048 1078 proponi
2065 990 2253 1079 gratuitam
2275 1016 2340 1060 re-

319 1088 405 1158 iurta
423 1087 546 1176 legem.
1344 1083 1550 1154 missionem
1570 1101 1813 1177 peccatorum,
1837 1089 1918 1159 ideo
1936 1091 2083 1160 aliunde
2100 1095 2265 1182 petebant
2283 1116 2340 1163 re-

406 1189 476 1260 Sed
492 1191 656 1263 doctrina
672 1186 861 1281 Evangelii
884 1190 929 1262 de
953 1200 1116 1280 peccato,
1143 1185 1228 1257 item
1250 1186 1296 1254 de
1346 1186 1566 1256 missionem.
1600 1188 1707 1277 Quod
1727 1191 1758 1258 si
1775 1192 1983 1278 sensissent,
2005 1193 2051 1265 ita
2068 1215 2106 1262 se
2121 1194 2233 1266 iustos
2251 1196 2339 1278 lore,

320 1290 445 1360 iusticia
468 1292 575 1385 fidei,
613 1307 667 1364 est
685 1317 832 1364 arcarna
856 1305 892 1362 et
912 1291 1101 1384 peculiaris
1120 1288 1295 1378 sapientia
1342 1281 1426 1357 cnm
1442 1289 1520 1359 sine
1535 1290 1621 1360 vitiu
1639 1306 1766 1374 essent,
1791 1294 2110 1366 succubuissentin
2126 1318 2340 1386 agonecnn-
2391 1285 2398 1294 ’

319 1418 411 1462 verae
425 1391 614 1480 lieclesiae,
640 1419 747 1489 quam
762 1396 867 1465 etiam
884 1393 985 1483 pauci
1003 1391 1295 1482 exscriptoribus
1344 1390 1532 1475 scientiae,
1556 1396 1618 1462 sed
1638 1406 1769 1464 norant
1782 1394 1864 1466 ideo
1887 1397 2102 1487 promissum
2128 1421 2202 1468 esse
2222 1399 2338 1468 salea-

317 1510 528 1584 agnoeerunt
545 1521 586 1568 ac
601 1499 760 1568 saniores
775 1496 839 1567 alii
853 1496 1060 1579 obscurius,
1083 1494 1148 1564 alii
1163 1491 1295 1562 elarius
1343 1504 1472 1578 torem,
1488 1507 1528 1564 ut
1543 1509 1737 1567 statuerent
1751 1518 1789 1564 se
1806 1498 1943 1587 placere
1958 1497 2046 1583 Deo,
2063 1501 2200 1570 etiamsi
2217 1517 2332 1574 essem

317 1614 542 1686 agnoverunt,
580 1599 754 1672 Scotistae
777 1613 812 1669 et
833 1598 967 1668 similes
993 1619 1138 1688 prorsus
1162 1595 1291 1664 obrue·
1344 1593 1486 1684 indigni
1502 1609 1536 1668 et
1552 1597 1743 1668 immundi.
1781 1597 1842 1670 Sic
1856 1600 2059 1673 sentiebant
2072 1626 2109 1672 se
2124 1603 2236 1696 iustos
2250 1626 2337 1682 esse,

315 1714 403 1769 mot.
452 1697 538 1770 ldeo
558 1717 744 1793 postquam
761 1699 859 1770 Deus
875 1694 962 1770 haee
978 1720 1101 1768 rursus
1117 1695 1294 1790 patefecit,
1343 1719 1418 1766 non
1440 1710 1586 1792 propter
1619 1699 1752 1790 legem,
1792 1703 1853 1772 sed
1876 1717 2022 1794 propter
2049 1719 2240 1776 venturum
2265 1705 2336 1774 sal-

317 1801 494 1890 diligcnter
509 1803 900 1874 tueamurillustratnm
913 1800 1127 1872 doctrinam.
1343 1810 1512 1892 valorem.
2364 1893 2368 1901 ι

273 1926 275 2037 p
404 1902 520 1973 Porro
538 1929 605 1976 cur
625 1905 819 1976 adversarii
845 1902 1002 1974 vicissim
1029 1925 1105 1972 non
1127 1900 1291 1972 conside-
1443 1899 1519 1972 Has
1543 1917 1659 1974 noras
1682 1928 1741 1976 ree
1762 1906 2008 1996 complectitur
2028 1910 2189 1980 liberatio
2213 1910 2336 2000 alege,

273 2046 274 2057 .
316 2017 406 2082 rant,
439 2029 545 2097 qnam
569 2007 617 2078 sit
639 2008 833 2077 absurdum
851 2005 988 2085 dicere,
1010 2006 1108 2097 qnod
1124 2001 1291 2074 Christus
1343 2023 1432 2096 quas
1445 2027 1519 2074 non
1536 2006 1741 2096 intelligunt
1755 2002 1919 2078 homines
1933 2012 2067 2097 securi,
2093 2013 2155 2104 qui
2173 2013 2336 2082 nesciunt

316 2108 510 2176 liberaverit
538 2133 605 2178 nos
626 2123 764 2180 tantum
787 2131 808 2176 a
828 2107 1136 2185 ceremonialibus,
1203 2104 1291 2176 ltem
1343 2103 1431 2196 quid
1450 2109 1495 2176 sit
1512 2131 1594 2178 vera
1611 2109 1851 2198 poenitentia,
1871 2111 2067 2184 invocatio:
2095 2115 2250 2208 denique
2273 2115 2336 2206 qni

313 2212 337 2278 si
350 2209 512 2279 liberatio
526 2223 664 2282 tantum
681 2215 725 2281 ad
747 2209 996 2280 ceremonialia
1019 2208 1191 2300 pertinet,
1216 2229 1292 2276 non
1343 2230 1418 2277 non
1438 2225 1646 2280 exercentur
1661 2212 1946 2298 adflictionibus,
1973 2229 2085 2286 etant
2107 2211 2239 2288 habent
2255 2217 2336 2287 ani-

314 2312 438 2400 proluit
454 2313 615 2403 patribus
629 2328 711 2384 curte
726 2311 890 2405 Moysen.
941 2310 1090 2380 Necesse
1106 2325 1158 2380 est
1171 2323 1290 2378 autem
1343 2331 1422 2377 mus
1441 2326 1633 2402 occupatos
1649 2314 1914 2404 voluptatibus,
1939 2330 2000 2386 aut
2023 2317 2246 2390 delectantur
2263 2319 2336 2388 auis

313 2427 478 2498 statuere,
501 2418 599 2506 qnod
623 2415 787 2486 liberatio
806 2441 825 2480 a
848 2414 925 2501 lege
945 2413 1121 2504 pertineat
1140 2413 1184 2478 ad
1208 2410 1292 2481 uni·
1343 2412 1576 2501 opinionibus
1599 2429 1633 2484 et
1654 2431 1890 2505 aspernantur
1914 2420 2062 2490 verbum
2083 2419 2172 2505 Dei,
2204 2421 2335 2490 autad

273 2538 274 2613 p
315 2539 441 2583 versam
471 2512 665 2586 Ecclesiam
695 2542 713 2586 a
738 2516 915 2605 principio
946 2509 1072 2584 mundi
1104 2536 1217 2604 usqne
1245 2512 1291 2581 ad
1342 2535 1425 2582 suas
1465 2514 1737 2603 imaginationes
1783 2519 1970 2594 inflectunt
2008 2547 2048 2593 ae
2088 2535 2335 2612 corrumpunt.

273 2622 274 2663 l
312 2619 421 2688 inem.
471 2615 568 2688 llaec
594 2619 772 2710 copiosius
795 2618 1042 2708 disputantur,
1072 2631 1112 2686 ut
1133 2615 1226 2695 diri,
1253 2614 1292 2682 in
1343 2613 1522 2686 Nonnulli
1542 2619 1736 2688 adversarii
1757 2621 1962 2709 astutiores,
1988 2625 2053 2694 etsi
2070 2621 2333 2714 videntAugu-

312 2718 426 2788 libello
442 2720 487 2786 de
499 2720 629 2810 spiritu
644 2735 679 2790 et
694 2721 805 2789 litera.
1224 2781 1228 2789 ,
1343 2717 1430 2786 atini
1446 2731 1482 2788 et
1498 2732 1655 2790 nostram
1674 2721 2013 2812 interpretationem,
2041 2751 2122 2796 vere
2136 2749 2210 2796 esse
2227 2724 2333 2796 Pauli

402 2818 572 2912 Denique
593 2822 680 2915 qnid
705 2823 751 2892 sit
779 2819 943 2890 liberatio
968 2843 989 2890 a
1019 2820 1115 2910 lege,
1148 2839 1292 2908 prorsus
1344 2843 1386 2888 ae
1414 2815 1641 2910 propheticae
1669 2839 1703 2894 et
1730 2826 1943 2914 apostolicae
1972 2831 2165 2917 scripturae
2189 2841 2333 2898 senten-

308 2923 471 3008 ignorant
489 2925 565 3010 illi,
591 2924 653 3016 qui
670 2923 876 3012 intelligunt
901 2944 980 2992 eam
1003 2936 1142 2993 tantum
1167 2923 1213 2990 de
1234 2943 1291 2986 ce-
1344 2921 1452 3006 tiam,
1478 2935 1596 2992 tarnen
1618 2926 1830 3018 obstrepunt
1847 2929 1952 2998 nobis
1975 2943 2008 2999 et
2024 2924 2213 3020 Origenis,
2240 2927 2330 2999 llic-

307 3025 491 3094 remoniis.
544 3024 592 3097 Ut
613 3049 737 3095 omnes
758 3021 922 3094 homines
947 3038 1024 3114 post
1040 3025 1178 3114 lapsum
1193 3023 1292 3090 Adae
1345 3025 1506 3118 ronymi,
1529 3021 1809 3120 chrysostomi,
1823 3043 1857 3099 et
1879 3031 1997 3101 nescio
2019 3056 2172 3124 qnorum
2197 3032 2333 3102 antori-

309 3142 380 3198 sont
407 3127 571 3217 oppressi
596 3141 757 3219 peccato,
781 3128 833 3196 ira
858 3123 946 3208 Dei,
972 3139 1105 3205 morte,
1136 3123 1290 3214 ingenti·
1345 3140 1450 3197 tatem
1467 3126 1589 3211 citant,
1615 3153 1689 3198 non
1706 3132 1800 3221 quod
1819 3131 1900 3202 illos
1912 3157 1992 3203 vere
2007 3148 2041 3203 ct
2054 3158 2095 3203 rx
2110 3134 2229 3202 animo
2247 3159 2331 3222 pro-

307 3231 362 3298 bus
387 3231 486 3299 vitae
512 3229 718 3310 aerumnis,
758 3229 914 3298 aeternis
942 3231 1087 3318 poenis:
1131 3227 1177 3296 ita
1208 3237 1292 3294 araret
1345 3229 1449 3312 bent,
1474 3231 1535 3298 sed
1557 3244 1695 3300 tantum
1719 3245 1758 3300 ut
1783 3233 2260 3326 lucnmt‘aciantimperitis,
2286 3260 2333 3304 ue

304 3355 425 3400 omnes
449 3324 589 3402 onerati
614 3332 708 3420 lege,
743 3354 834 3424 qnae
859 3343 1037 3418 peecatum
1061 3332 1201 3418 arguit,
1229 3350 1293 3396 nos
1346 3329 1534 3401 videantur
1560 3332 1655 3405 victi.
1712 3329 1794 3402 Non
1818 3335 1914 3404 enim
1944 3337 2110 3407 adferunt
2138 3337 2333 3407 adversarii

304 3447 466 3515 accusat,
491 3447 527 3506 et
537 3433 690 3505 aeternis
704 3432 902 3507 terroribus
918 3431 1070 3511 occidit,
1096 3444 1136 3501 ut
1159 3429 1292 3501 Paulus
1344 3434 1389 3503 ad
1415 3427 1502 3503 haec
1523 3433 1715 3510 certamina
1739 3434 1870 3507 bonam
1892 3439 2165 3524 conscientiam,
2198 3452 2232 3510 et
2253 3453 2332 3511 stu·

304 3536 439 3629 inquit:
473 3534 571 3625 Ergo
594 3537 741 3606 liberari
762 3561 783 3605 a
806 3535 899 3622 lege,
929 3546 981 3603 est
1005 3536 1051 3602 ab
1067 3534 1129 3601 illa
1151 3556 1292 3602 accusa·
1344 3535 1457 3618 dinm,
1470 3539 1871 3629 quaeremlaeveritatis,
1888 3545 1948 3611 sed
1964 3544 2087 3612 odium
2105 3543 2228 3627 nostri,
2244 3566 2332 3611 con·

304 3637 399 3707 tione
416 3639 582 3720 liberari,
613 3662 658 3710 ue
674 3639 785 3707 simus
810 3638 859 3705 rei
876 3637 950 3705 irae
965 3634 1051 3719 Dei,
1075 3648 1111 3705 ct
1130 3649 1293 3705 aeternae
1345 3650 1494 3707 temtum
1512 3634 1718 3728 Evangelii,
1749 3665 1869 3711 curans
1893 3646 2042 3715 tuendae
2059 3668 2141 3715 snae
2160 3646 2333 3713 autorita-

304 3742 451 3823 mortis,
476 3756 529 3813 eat
545 3764 619 3809 nnn
634 3754 774 3811 tantum
789 3764 809 3809 a
825 3738 954 3807 ritibus
967 3753 1029 3808 ant
1043 3738 1199 3807 externis
1212 3760 1292 3828 spe·
1345 3738 1401 3811 tis.
1453 3738 1551 3828 Quid
1577 3742 1728 3831 populus
1752 3745 1797 3813 de
1813 3740 1957 3815 Christo
1972 3747 2122 3828 sentiat,
2149 3749 2332 3839 quomodo

304 3844 451 3912 craculis
466 3843 625 3923 liberari,
649 3844 708 3911 sed
726 3840 838 3911 multo
857 3841 1008 3929 potiusa
1026 3840 1103 3929 lege
1116 3853 1292 3927 perterre·
1344 3838 1555 3911 erudiantur
1570 3838 1765 3930 Ecclesiae,
1794 3842 1886 3915 nihil
1909 3851 1952 3917 ad
1978 3872 2015 3919 se
2040 3852 2217 3939 pertinere
2235 3848 2330 3916 iudi-

304 3945 473 4027 iaciente,
507 3943 760 4025 maledicente,
788 3946 978 4011 damnante
1002 3954 1037 4010 et
1059 3940 1292 4010 interficiente
1345 3956 1444 4021 cant,
1475 3968 1514 4011 ac
1537 3946 1664 4033 partim
1690 3962 1810 4034 aperte
1838 3963 2000 4021 exercent
2032 3946 2331 4045 sycophanticam,
2393 3998 2400 4011 .

306 4069 367 4113 nos
396 4048 499 4137 eripi.
574 4044 667 4117 Cum
694 4044 858 4115 videlicet
885 4043 954 4112 alia
984 4068 1041 4112 res
1067 4044 1291 4134 proponitur,
1347 4058 1383 4117 nt
1410 4041 1626 4133 Cochlacus,
1659 4046 1841 4119 Wicelins
1861 4064 1897 4121 et
1921 4053 2071 4137 similes,
2096 4053 2223 4143 partim
2249 4064 2333 4123 aunt

305 4164 449 4238 propter
474 4171 582 4242 quam
605 4146 690 4218 iusti
713 4148 1010 4237 pronunciamur,
1042 4145 1174 4215 scilicet
1198 4146 1292 4213 iilius
1345 4149 1489 4241 tyranni
1511 4163 1545 4218 et
1568 4164 1802 4246 tyrannorum
1819 4154 2004 4237 satellites,
2026 4158 2086 4247 qni
2109 4169 2254 4245 propter
2276 4178 2332 4221 sa·

303 4246 388 4333 ilci,
414 4252 609 4340 lactuspro
634 4250 741 4318 nobis
762 4249 917 4319 victima.
967 4246 1027 4318 Sic
1044 4245 1180 4329 Adam,
1208 4246 1294 4327 Noa,
1345 4250 1499 4339 pientiae
1516 4269 1578 4321 aut
1594 4252 1734 4323 virtutis
1755 4256 1961 4347 opinionem
1986 4262 2185 4343 gerbcrnant
2208 4257 2333 4347 ponti·

302 4350 486 4422 Abraham
503 4367 539 4424 et
553 4376 677 4421 ornnes
693 4351 794 4420 electi
809 4363 892 4419 ante
908 4346 1188 4443 Moysenalege
1200 4348 1291 4417 libe·
1344 4353 1469 4431 licum,
1503 4374 1624 4437 regum
1658 4369 1692 4424 et
1724 4352 1923 4447 principum
1947 4357 2113 4438 consilia,
2151 4382 2229 4425 curn
2258 4358 2332 4426 sint

304 4455 367 4521 rati
390 4458 552 4528 fuerunt.
602 4453 903 4523 Acccrsabantura
921 4452 1015 4540 lege,
1040 4453 1294 4521 exercebantur
1346 4448 1510 4522 homines
1532 4452 1660 4541 ἄθεοι,
1686 4459 1800 4549 quiin
1818 4460 2022 4528 universum
2040 4460 2259 4528 arbitrantur
2276 4484 2332 4526 re·

302 4552 541 4627 horribilibus
555 4556 770 4638 terroribus,
795 4567 831 4624 et
843 4576 950 4623 sensu
966 4554 1039 4622 irae
1053 4552 1144 4636 Dei,
1170 4567 1204 4621 et
1217 4578 1289 4623 ma·
1345 4555 1496 4643 ligiunes
1512 4560 1770 4630 commentitias
1783 4582 1879 4644 esse,
1904 4586 1944 4631 ae
1960 4562 2028 4631 sibi
2047 4561 2114 4651 ipsi
2136 4562 2267 4627 mirum
2289 4561 2328 4628 in

301 4658 516 4732 ledictionis.
582 4656 652 4728 Sed
678 4656 772 4727 inter
795 4649 862 4727 hos
887 4671 1040 4726 terrores
1066 4657 1293 4747 erigebantur
1346 4659 1492 4727 modum
1517 4653 1587 4729 hoo
1609 4661 1755 4729 nomine
1776 4662 1931 4749 placent,
1966 4665 2064 4757 qtrod
2086 4662 2206 4731 ausint
2227 4654 2331 4732 derc-

298 4761 485 4851 agnitione
498 4759 775 4842 misericordiae,
796 4771 942 4849 propter
956 4772 1145 4830 venturum
1164 4758 1295 4831 Domi·
1345 4753 1494 4851 ne‘pden'
1507 4756 1599 4854 πρὸς
1612 4756 1679 4842 τὰς
1694 4758 1877 4856 βροντὰς,
1903 4777 1945 4834 nt
1962 4765 2022 4834 ille
2038 4766 2132 4855 apud
2157 4763 2331 4831 comicum

299 4890 385 4935 nom
402 4861 610 4958 promissae,
623 4873 658 4931 et
670 4864 871 4932 statuebant
884 4884 922 4931 se
936 4861 1048 4934 iustos
1063 4864 1292 4953 pronunciari
1347 4862 1478 4954 inquit.
1531 4860 1578 4932 Et
1595 4865 1682 4932 tales
1699 4864 2136 4938 dicturisnntsententias
2159 4864 2197 4933 in
2222 4888 2331 4958 syno-

299 4983 446 5059 propter
467 4978 654 5036 venturam
681 4962 879 5044 victimam,
908 4986 982 5031 non
1007 4985 1152 5054 propter
1171 4964 1295 5054 legem.
1346 4966 1402 5034 dis
1426 4966 1471 5033 de
1493 4960 1628 5035 Christi
1656 4967 1785 5056 gloria,
1821 4968 1923 5039 cuius
1944 4992 2074 5039 nomen
2094 4990 2168 5039 esse
2191 4966 2333 5039 tanato-

299 5068 439 5139 Norant
453 5079 594 5158 peccata
608 5085 683 5135 esse
696 5087 771 5135 non
785 5066 1222 5152 tantumerternadelicta‚
1233 5070 1293 5139 sed
1346 5092 1425 5138 sum
1445 5068 1614 5157 cogitant,
2325 5103 2329 5131 ;

300 5172 507 5241 incederem
517 5168 795 5251 immunditiem,
812 5161 1021 5237 horribilem
1031 5168 1294 5241 dubitationem
1450 5168 1608 5240 Proinde
1628 5171 1706 5262 pios
1726 5172 1873 5242 lectores
1896 5166 2084 5257 adhortor,
2109 5170 2271 5243 Primum
2291 5182 2334 5241 ut

301 5274 342 5341 de
358 5274 454 5354 Deo,
469 5271 650 5342 fremitum
662 5283 695 5340 et
709 5269 991 5359 indignationem
1003 5272 1166 5341 adsersus
1178 5268 1293 5343 Deum
1347 5271 1573 5341 considerent
1595 5296 1721 5362 genera
1747 5275 1946 5357 doctrinae,
1973 5276 2044 5345 otri
2068 5274 2277 5365 simpliciter
2299 5285 2333 5342 et

303 5376 339 5443 in
353 5377 465 5445 rebus
479 5372 657 5459 adversis,
677 5386 711 5442 et
725 5385 881 5443 caeteros
897 5394 1025 5462 pravos
1047 5373 1218 5464 impetus,
1252 5386 1287 5446 et
1348 5373 1425 5444 sine
1444 5369 1637 5464 sophistica
1658 5376 1869 5444 sententiam
1893 5377 2087 5465 seriptnrae
2107 5370 2334 5471 propheticae

302 5478 463 5548 sciebant
486 5497 560 5544 non
581 5474 701 5566 aliqua
724 5475 800 5562 lege
820 5473 919 5556 tolli,
955 5474 1011 5543 vel
1033 5474 1150 5563 ipsum
1172 5500 1295 5564 pecca·
1346 5490 1381 5546 et
1412 5476 1625 5566 apostolicae
1658 5490 1872 5569 proponant.
1947 5475 2086 5547 Deinde
2111 5502 2190 5545 cnm
2219 5492 2332 5567 patres

303 5594 379 5647 tom
403 5593 440 5649 et
465 5589 614 5645 naturae
628 5566 897 5658 infirmitatem,
932 5575 989 5643 vel
1012 5575 1102 5643 iram
1118 5574 1207 5660 Dei,
1232 5580 1291 5647 sed
1345 5577 1512 5657 citantur,
1528 5602 1617 5671 quae
1635 5580 1727 5648 dicta
1746 5592 1884 5669 patrum
1898 5578 1970 5647 aiut
1989 5593 2225 5650 consentanea
2241 5578 2335 5647 diei·

303 5696 434 5752 norant
451 5701 490 5750 se
511 5678 693 5765 agnitione
713 5694 746 5747 et
769 5677 898 5746 fiducia
921 5676 1084 5766 promissi
1107 5679 1294 5747 salvatoris
1347 5678 1519 5747 uaeeoci.
1569 5676 1633 5751 Est
1648 5680 1744 5750 enim
1765 5702 1890 5769 magna
1908 5680 2164 5751 dissimilitudo
2180 5693 2333 5771 patrum.

303 5804 341 5850 er
359 5781 471 5853 tantis
487 5780 669 5851 aerumnis
682 5778 785 5867 eripi.
836 5778 897 5849 sie
912 5792 947 5848 et
970 5777 1024 5845 illi
1048 5792 1132 5847 sont
1150 5779 1293 5851 liberati
1345 5778 1529 5849 Postremo
1544 5796 1584 5852 ut
1601 5780 1732 5852 Paulos
1745 5784 1842 5854 iubet
1859 5784 2010 5874 probare
2024 5784 2181 5873 spiritua,
2204 5780 2335 5848 volun·

304 5884 416 5975 alege
428 5882 573 5967 morali,
598 5881 763 5955 videlieet
779 5880 960 5953 iudicante
974 5893 1009 5949 et
1023 5879 1207 5955 occidente
1220 5906 1295 5969 eos,
1346 5898 1399 5955 tas
1418 5880 1602 5977 utriusque
1619 5886 1731 5977 patris
1745 5888 1934 5979 spectanda
1949 5898 2021 5974 est,
2045 5898 2080 5957 et
2096 5904 2233 5954 summa
2249 5902 2336 5949 con·
