5825 6950
560 673 639 754 ssa
744 769 752 784 g
818 766 824 776 g
896 695 902 705 .
1086 666 1090 674 ·
1165 661 1295 746 nutu
1321 663 1440 746 unu.
1465 662 1681 742 scutum
1705 659 2009 756 extorum
2193 741 2197 752 ,
2279 736 2301 760 ,,
2507 675 2572 755 m

546 871 620 924 -sus
642 846 776 921 tollunt
796 855 976 940 peecatum
996 837 1170 930 originis,
1193 835 1269 908 Alii
1286 837 1445 929 fingunt,
1468 853 1547 932 post
1600 841 1772 922 donatum
1789 853 1935 932 propter
1949 833 2148 924 Christum,
2173 837 2335 910 remissio
2351 853 2569 934 procrtomm,

559 950 853 1025 resurrectionem
889 940 1026 1030 Christi
1058 962 1204 1035 prorsus
1235 941 1420 1011 'neminem
1452 943 1550 1014 nasci
1602 942 1789 1034 imputatio
1818 941 2005 1035 iustipiae,
2042 939 2189 1025 donatio
2222 939 2381 1035 Spiritus
2410 947 2517 1018 sancti
2541 963 2570 1022 et

561 1077 644 1127 cum
671 1064 813 1145 peccato
839 1045 1004 1136 originis.
1068 1043 1251 1114 Adversus
1275 1043 1355 1113 illas
1382 1043 1552 1116 fanaticas
1602 1045 1884 1118 vitaeaeternae.
2355 1099 2358 1106 .

562 1154 752 1248 opiniones
773 1151 945 1222 muniunt
970 1171 1035 1217 nos
1052 1145 1122 1216 loci
1137 1143 1233 1214 citati
1248 1168 1289 1214 ex
1306 1144 1461 1221 Ioanne:
1498 1147 1553 1216 Ac
1676 1234 1679 1244 ‚
1708 1144 1832 1218 Gratia
1855 1167 1975 1216 sumus
1998 1143 2100 1231 iusti,
2129 1141 2256 1219 Gratia
2279 1158 2333 1220 est
2357 1159 2476 1219 nostra
2496 1150 2574 1222 dile-

563 1258 647 1330 ride
661 1268 793 1352 quarua
808 1253 855 1325 sit
869 1250 1007 1322 insania
1023 1242 1381 1338 Anabaptistarum.'
1416 1247 1456 1320 Si
1472 1249 1555 1319 nul·
1605 1250 1674 1322 ctio
1706 1262 1791 1334 eto,
1841 1246 1936 1338 Ergo
1967 1260 2089 1318 nostra
2121 1247 2311 1319 dilectione
2344 1271 2466 1322 sumus
2495 1251 2578 1328 iusti.

564 1361 643 1432 lum
656 1373 747 1429 esset
762 1371 941 1451 peccatum
956 1350 1116 1439 originis,
1141 1372 1266 1420 omnes
1281 1345 1556 1422 hominesvive-
1605 1351 1819 1442 Respondeo
1844 1352 1889 1420 ad
1918 1349 2111 1420 minorem=
2150 1345 2303 1424 Etiamsi
2331 1350 2509 1422 interdum
2536 1355 2578 1426 sic

566 1473 650 1534 rent
672 1457 750 1530 sine
772 1472 912 1552 peccato
937 1468 974 1524 ει
997 1453 1074 1522 sine
1099 1464 1223 1522 morte.
1275 1451 1384 1541 Quod
1407 1478 1487 1524 eum
1513 1453 1558 1522 sit
1607 1454 1779 1544 accipitur
1805 1451 2015 1523 vocabulum
2037 1451 2188 1541 gratiae,
2219 1466 2341 1526 temen
2362 1453 2400 1523 id
2423 1451 2462 1524 fit
2478 1478 2580 1526 κατα·

567 1560 755 1635 manifeste
784 1561 942 1638 salsum,
983 1577 1121 1625 necesse
1150 1567 1201 1626 εει
1230 1577 1371 1626 causam
1402 1579 1558 1641 manere,
1604 1558 1829 1652 χρηστικῶς,
1853 1556 1914 1624 sed
1930 1550 2102 1645 signifieat
2116 1554 2228 1644 gratia
2246 1555 2488 1635 remissionem
2511 1581 2580 1650 pec·

570 1663 705 1740 scilicet
721 1673 903 1756 peccatum
919 1657 1081 1746 originis.
1312 1660 1317 1671 ’
1609 1672 1776 1730 catorum.

675 1763 799 1836 Tertia
821 1760 1074 1833 dissimilitudo
1105 1771 1157 1829 est
1180 1759 1370 1848 diligenter
1394 1758 1560 1831 conside·
1711 1757 1853 1830 iusticia
1870 1780 1991 1830 sumus
2007 1758 2112 1844 iusti,
2137 1756 2281 1833 iusticia
2299 1773 2353 1830 est
2371 1771 2489 1832 nostra
2504 1783 2581 1852 qua·

573 1869 705 1952 reuda,
729 1888 837 1961 quam
854 1875 889 1934 et
903 1857 963 1932 hic
977 1860 1017 1930 in
1036 1874 1133 1932 textu
1148 1858 1282 1934 Paulus
1298 1875 1424 1934 tractat
1437 1875 1473 1932 et
1487 1887 1562 1932 am·
1610 1863 1710 1946 litas,
1748 1859 1843 1950 Ergo
1875 1874 1996 1932 nostra
2024 1861 2193 1954 qualitate
2214 1883 2338 1950 sumus
2361 1861 2457 1933 iusti.
2517 1859 2581 1934 Re·

573 1969 724 2064 plificat:
746 1963 875 2038 Gratia
888 1976 1030 2057 superat
1046 1976 1238 2057 peccatum.
1288 1962 1392 2035 Hanc
1407 1963 1563 2034 dissimi-
1612 1966 1768 2054 spondeo
1791 1965 1834 2032 ad
1859 1965 2050 2032 minorem:
2079 1960 2222 2034 iusticia
2249 1965 2288 2033 in
2307 1960 2365 2034 his
2388 1963 2581 2055 disputatio-

572 2071 765 2145 litudinem
799 2067 987 2161 praecipue
1020 2078 1160 2157 oportet
1191 2065 1378 2138 inculcari:
1418 2067 1502 2158 quia
1534 2065 1563 2134 si
1612 2068 1741 2150 nibus,
1774 2063 1948 2154 significat
1966 2063 2263 2158 acceptationem,
2298 2079 2335 2146 et
2357 2065 2488 2136 iustum
2510 2085 2582 2152 esse,

575 2197 700 2270 parem
714 2172 788 2240 vim
804 2165 976 2240 haherent
991 2182 1172 2260 peceatum
1187 2169 1358 2258 etgratia,
1384 2169 1564 2263 quomodo
1614 2183 1664 2240 est
1682 2191 1755 2238 esse
1770 2180 1964 2259 acceptum.

577 2275 690 2370 gratia
715 2274 892 2358 salvaret:
911 2270 1116 2361 praesertim
1138 2294 1219 2340 cum
1248 2285 1428 2362 peccatum
1455 2268 1565 2359 magis
1719 2267 1860 2340 iusticia
1883 2283 1935 2340 est
1956 2269 1996 2338 in
2018 2270 2221 2351 voluntate,
2246 2267 2355 2342 Fides
2370 2282 2421 2343 est
2442 2268 2582 2340 inintel-

576 2377 775 2452 sentiatur:
815 2372 867 2445 lta
898 2372 1108 2444 beneficium
1137 2367 1325 2464 Evangelii
1347 2367 1441 2443 nihil
1466 2386 1566 2454 esset,
1616 2374 1729 2462 lectu,
1754 2367 1851 2462 Ergo
1876 2371 1945 2440 iide
1973 2394 2046 2442 non
2071 2394 2259 2464 possumus
2279 2395 2358 2444 esse
2381 2373 2476 2447 iusti.
2521 2369 2583 2444 tte-

578 2481 680 2553 nulla
696 2491 786 2549 esset
799 2477 900 2546 firma
917 2474 1127 2547 consolatio.
1614 2477 1792 2567 spondeo:
1819 2472 1960 2544 iusticia
1977 2496 2066 2567 quae
2083 2487 2135 2544 est
2149 2487 2270 2546 nostra
2295 2475 2463 2570 qualitas,
2488 2488 2533 2544 εει
2551 2473 2582 2542 in

685 2579 806 2670 Quare
820 2573 1175 2648 haecdissimilitudo
1199 2576 1410 2649 illustranda
1433 2589 1502 2657 est,
1528 2589 1567 2646 ut
1617 2579 1810 2650 voluntate.
1868 2573 1939 2646 Sed
1961 2575 2117 2661 iusticia,
2142 2576 2179 2646 id
2202 2590 2273 2661 est,
2307 2577 2513 2667 acceptatio,
2542 2588 2582 2646 est

581 2697 703 2779 postea
725 2681 811 2755 lacit
825 2677 979 2764 Paulus,
1012 2677 1121 2768 Quod
1150 2680 1262 2768 gratia
1283 2693 1424 2771 superat
1446 2701 1569 2771 pecca·
1617 2681 1760 2759 relatio,
1786 2701 1860 2747 non
1876 2701 1965 2770 quae
1982 2671 2102 2748 haeret
2116 2678 2156 2746 in
2176 2677 2312 2772 aliquo.
2363 2677 2502 2750 Deinde
2514 2678 2581 2747 fides

582 2801 673 2861 tum.
723 2780 876 2876 Superat
893 2796 1010 2850 autem
1034 2780 1243 2871 dupliciter,
1275 2797 1310 2854 et
1337 2783 1571 2874 imputatione
1618 2798 1792 2874 quatenus
1815 2792 1867 2850 est
1891 2779 2053 2850 voluntas
2077 2779 2272 2872 accipiens,
2299 2803 2376 2851 non
2398 2793 2450 2851 est
2465 2793 2583 2852 tanton

583 2901 620 2960 ει
644 2885 782 2960 effectu.
832 2879 1073 2979 imputatione
1099 2897 1259 2974 superat,
1293 2886 1376 2977 quia
1396 2906 1475 2968 eos,
1509 2883 1570 2976 qui
1620 2886 1656 2953 in
1674 2883 1876 2965 intellectu,
1900 2883 1960 2950 sed
1978 2895 2031 2952 est
2045 2881 2150 2951 ctiam
2164 2882 2203 2951 in
2219 2883 2417 2960 voluntate.

584 2982 1025 3080 apprehenduntgratiam,
1039 2983 1134 3056 Deus
1144 2998 1283 3076 reputat
1296 2988 1418 3074 iustos,
1433 2986 1570 3057 etiamsi
1718 2981 1835 3074 Vulgo
1850 2983 1998 3073 gratiam
2013 2982 2217 3076 intelligunt
2230 2980 2432 3058 scholastici
2447 2985 2586 3056 doetom
2616 2987 2617 3056 ζ

585 3090 702 3183 reipsa
725 3083 841 3158 adhuc
864 3083 996 3157 habent
1030 3086 1200 3180 reliquias
1223 3091 1365 3178 peceati.
1429 3086 1572 3161 Deinde
1620 3088 1731 3178 ipsam
1749 3084 1953 3180 qualitatem
1972 3085 2010 3155 in
2028 3087 2151 3171 nohis,
2185 3101 2218 3160 et
2243 3101 2374 3158 vocant
2391 3082 2587 3156 charitatem.

585 3193 693 3264 etiam
707 3190 835 3262 effectu
848 3203 1001 3282 superat,
1015 3190 1097 3282 quia
1114 3190 1152 3258 in
1170 3189 1242 3283 illis
1256 3190 1353 3281 ipsis,
1368 3215 1571 3285 quanquam
1621 3189 1758 3260 Deinde
1779 3189 1923 3281 quaudo
1941 3187 2092 3274 dicitur,
2115 3183 2316 3260 Sumns'ius
2324 3191 2350 3262 ti
2373 3186 2588 3283 pergratiam,

587 3293 751 3377 infirmis,
778 3304 895 3362 tamen
910 3291 1065 3386 existunt
1078 3292 1164 3361 novi
1178 3306 1306 3378 motus,
1325 3294 1388 3387 qui
1404 3295 1575 3370 resistunt
1621 3293 1861 3382 imaginantur
1875 3285 2040 3360 homiues
2055 3291 2166 3362 iustos
2180 3314 2254 3362 esse
2268 3307 2419 3385 propter
2430 3287 2589 3386 propriam

586 3408 741 3491 peccato.
801 3389 909 3479 item,
942 3392 996 3462 illi
1011 3393 1098 3484 ipsi,
1118 3417 1323 3489 quanquam
1350 3396 1388 3464 in
1414 3391 1480 3467 hac
1502 3396 1575 3470 vita
1622 3394 1844 3489 qualitatem,
1871 3392 2013 3464 scilieet·
2026 3407 2170 3486 propter
2190 3387 2421 3483 charitatem,
2454 3389 2515 3464 hoc
2538 3403 2589 3471 est,

588 3491 707 3569 adhuc
733 3497 880 3568 luerunt
907 3496 1064 3581 infirmi,
1098 3510 1218 3570 tamen
1249 3500 1504 3571 resuscitantur
1530 3500 1573 3569 ad
1624 3522 1752 3568 uovam
1778 3496 2038 3566 obedientiam·
2083 3494 2135 3567 lta
2160 3520 2234 3567 uon
2259 3500 2391 3569 docent
2413 3488 2588 3589 apprehen·

588 3600 699 3670 vitam
722 3610 913 3672 aeternam.
965 3594 1064 3667 Haec
1085 3598 1167 3669 sciri
1191 3623 1333 3670 necesse
1357 3616 1427 3681 est,
1451 3615 1492 3671 ut
1514 3603 1577 3672 he-
1623 3603 1706 3670 dere
1736 3599 1970 3668 mediatorem
1992 3593 2197 3684 Christum,
2230 3614 2263 3671 et
2287 3602 2496 3694 relinquunt
2519 3616 2588 3665 cou-

588 3696 756 3773 neficium
781 3694 916 3771 Christi
948 3697 1186 3792 intelligatur,
1225 3716 1261 3773 et
1291 3718 1452 3775 teneatur
1476 3704 1576 3775 firma
1623 3701 1786 3773 scientias
1808 3687 1947 3775 dubias.
1998 3698 2162 3794 Denique
2176 3702 2227 3772 sic
2243 3704 2394 3786 docere,
2417 3700 2507 3795 quod
2519 3717 2587 3766 seu·

590 3800 798 3876 consolatio.
849 3796 903 3871 Ac
923 3797 1057 3870 Paulus
1080 3801 1155 3890 ipse
1174 3802 1306 3873 deinde
1322 3819 1448 3885 tractat
1463 3820 1498 3879 ει
1517 3831 1576 3879 cx·
1625 3804 1785 3876 tiendum
1807 3802 1872 3883 ⁵513
1914 3825 1979 3874 ¹10⁸
2009 3825 2083 3874 ὅδε
2114 3804 2224 3875 iustos
2254 3820 2402 3897 propter
2427 3798 2585 3895 proprifflss

589 3917 730 3995 aggerat
746 3899 839 3975 hanc
858 3902 1199 3975 dissimilitudinem.
1625 3902 1851 4001 qualitatem,
1884 3918 1936 3977 est
1966 3904 2128 3979 doctrina
2152 3906 2257 3997 legis,
2298 3920 2335 3979 et
2365 3906 2475 3979 multa
2499 3898 2587 3971 habet

597 4002 633 4021 ⁸*
1626 4006 1865 4080 incommoda.

854 4064 903 4139 Si
923 4064 1018 4139 mim
1041 4066 1152 4140 “⁰3⁸⁸
1172 4065 1314 4148 daim·
1630 4132 1633 4139 ·
1745 4107 1829 4179 Ideo
1861 4108 1970 4199 gratia
2002 4108 2222 4199 intelligatur
2251 4111 2418 4192 relative,
2457 4128 2516 4199 pro
2542 4121 2588 4168 ³⁰·

693 4200 838 4297 Repetit
860 4203 1086 4275 collationem
1103 4207 1298 4297 perspicuis
1316 4197 1451 4283 verbis:
1479 4209 1578 4285 Sicut
1626 4212 1823 4303 captatione
1853 4212 2028 4301 gratuita,
2068 4226 2108 4284 ut
2135 4212 2181 4285 sit
2210 4213 2327 4300 idem,
2369 4213 2495 4287 Sumus
2522 4197 2590 4270 iusti

594 4321 741 4402 propter
762 4306 871 4378 unius
892 4305 1060 4377 delictum
1085 4307 1149 4375 alii
1170 4309 1252 4379 facti
1276 4323 1361 4381 sunt
1382 4312 1454 4398 rei,
1488 4314 1580 4387 itae
1628 4315 1892 4407 pergratiam,
1932 4316 2030 4407 quod
2065 4314 2176 4399 illud,
2218 4314 2352 4389 Sumus
2376 4310 2502 4404 accepti
2527 4300 2589 4372 1)ιο

594 4411 740 4500 regione
760 4422 906 4503 propter
925 4411 1039 4477 unum
1057 4403 1238 4479 Christum
1261 4411 1322 4480 alii
1344 4415 1580 4488 reconcilian-
1628 4438 1693 4485 nos
1723 4416 1830 4505 gratis
1865 4430 2011 4514 propter
2039 4413 2223 4487 Christum
2259 4430 2482 4513 acceptante,
2510 4408 2589 4476 ium

595 4525 656 4583 tur
672 4508 767 4593 Deo,
792 4524 827 4581 et
841 4510 930 4579 liunt
954 4509 1085 4599 accepti
1103 4507 1191 4581 Deo.
1225 4511 1323 4584 Haec
1342 4518 1485 4588 collatio
1501 4542 1581 4607 per·
1628 4519 1917 4610 promissionem,
1958 4517 2092 4612 inqua
2120 4512 2357 4610 haec'gratia,
2390 4520 2425 4589 id
2450 4526 2514 4590 ests
2542 4526 2588 4572 ³⁶·

594 4613 716 4706 spicue
731 4611 898 4696 ostendit,
924 4634 989 4681 nos
1006 4636 1080 4679 non
1095 4629 1217 4683 nostro
1232 4617 1371 4700 merito,
1384 4620 1446 4689 sed
1463 4619 1580 4692 alieno
1629 4622 1792 4711 reptatio,
1808 4618 1986 4712 proposita
2003 4634 2064 4695 εει.
2098 4619 2145 4691 Ει
2159 4622 2374 4695 conscientia
2397 4623 2520 4691 statuat
2536 4622 2589 4673 11⁰⁸

595 4714 819 4787 reconciliari
835 4711 910 4782 Deo
931 4726 966 4783 et
981 4728 1141 4803 acceptos
1155 4739 1239 4791 esse.
1486 4724 1491 4746 ³
1629 4723 1758 4809 iustos,
1799 4724 1930 4808 idest,
1970 4736 2129 4817 acceptos
2153 4746 2228 4794 esse
2254 4741 2399 4817 propter
2417 4714 2588 4791 Christum,

695 4812 767 4885 Hic
782 4812 916 4885 Paulus
930 4816 1001 4887 duo
1021 4816 1226 4906 coniungit,
1250 4816 1434 4907 Gratiam,
1461 4837 1495 4895 et
1515 4823 1582 4894 tlo-
1631 4849 1695 4894 nec
1711 4826 1909 4897 intuebitur
1923 4825 2104 4917 propriam
2124 4826 2352 4915 dignitatem,
2378 4824 2436 4895 sed
2461 4812 2588 4887 verbum

596 4939 684 4987 num
700 4916 936 5007 pergratiam.
989 4907 1115 4987 Gratia
1129 4920 1304 5010 significat
1318 4926 1507 5014 gratuitam
1524 4950 1582 4997 ac-
1631 4952 1692 4997 seu
1712 4926 2004 5020 promissionem,
2037 4940 2072 4998 et
2095 4927 2190 4998 iuxta
2216 4923 2309 4999 hauc'
2332 4936 2457 4999 statuet
2476 4919 2516 4987 de
2536 4928 2588 4972 ιθ·

598 5017 833 5109 ΰθΡῑθῑῖὓῦθῐῐῑ
856 5030 999 5109 implet
1024 5013 1228 5108 Christum,
1261 5016 1330 5095 hoc
1351 5040 1421 5112 cst,
1456 5031 1581 5099 remis·
1630 5031 1768 5099 luntate
1782 5025 1849 5099 Dei
1871 5049 1951 5117 erga
1976 5051 2060 5115 nos,
2085 5043 2191 5123 atque
2211 5029 2260 5100 ita
2278 5022 2511 5121 apprehendet
2532 5006 2589 5077 hde

597 5119 733 5190 sionem
755 5130 977 5209 peccatorum
1001 5122 1218 5218 gratuitam,
1249 5140 1285 5197 ct
1309 5128 1581 5221 imputationem
1629 5126 1812 5201 Christum
1836 5129 2079 5206 mediatorem.
2153 5132 2234 5202 Hoc
2258 5155 2339 5215 cnm
2364 5132 2419 5213 lit,
2453 5123 2588 5193 donator

598 5219 757 5291 iusticias
784 5218 971 5309 gratuitam
1001 5236 1146 5313 propter
1175 5220 1369 5299 Christum.
1434 5228 1582 5301 Donum
1630 5230 1787 5325 Spiritus
1801 5245 1962 5313 sanctus,
1987 5247 2020 5305 et
2034 5234 2127 5305 fiunt
2144 5234 2182 5303 in
2197 5233 2307 5304 nohis.
2319 5230 2404 5305 novi
2418 5236 2535 5297 motus·

495 5375 497 5378 ·
595 5345 660 5415 l)er
682 5320 829 5411 &filiam
850 5320 1023 5410 significat
1045 5326 1273 5398 donationem
1290 5329 1446 5421 Spiritus
1468 5334 1581 5406 sancti
1732 5331 1945 5406 Retineatur
1965 5356 2047 5425 ergo
2065 5350 2240 5429 utrunqe,
2267 5349 2300 5405 et
2319 5334 2414 5429 quod
2437 5322 2507 5397 fieri
2531 5332 2586 5381 ¹¹⁰·

596 5435 632 5493 et
646 5422 738 5493 vitae
754 5434 924 5495 aeternae.
969 5422 1060 5524 Nam
1074 5428 1113 5498 in
1129 5430 1337 5503 remissione
1358 5447 1581 5525 peecatorum
1631 5458 1695 5509 vos
1710 5450 1829 5507 motus
1845 5436 1884 5503 in
1900 5436 2007 5505 nobis
2022 5450 2179 5528 oportet,
2205 5450 2240 5510 et
2263 5439 2358 5533 quod
2380 5448 2492 5505 tamen
2515 5433 2587 5524 2⁰¹?

595 5518 831 5642 Evangelium
845 5522 951 5643 simul
967 5523 1070 5599 offert
1084 5530 1257 5623 Spiritum
1274 5549 1447 5617 sanctum,
1474 5561 1580 5631 quern
1628 5539 1773 5611 scientia
1790 5538 1916 5607 debeat
1932 5550 2029 5609 extra
2043 5562 2109 5609 nos
2122 5540 2256 5611 intueri
2270 5539 2490 5611 mediatorem
2497 5512 2585 5637 utrc-

565 5731 570 5736 .
596 5628 740 5718 quidem
757 5626 827 5693 fide
847 5627 1056 5717 accipimus,
1081 5656 1160 5705 cum
1182 5638 1289 5708 corda
1316 5637 1521 5729 eriguntur,
1547 5653 1581 5712 et
1629 5652 1744 5721 stum,
1769 5655 1804 5712 et
1818 5652 1981 5725 statuere,
1998 5643 2096 5731 quod
2112 5640 2373 5735 propterillnm
2388 5624 2584 5707 simusruut,

593 5726 800 5817 concipiunt
822 5728 1098 5831 consolationem
1129 5760 1192 5826 per
1217 5740 1378 5812 verbum.
1458 5739 1579 5835 Atque
1627 5741 1754 5827 idest,
1778 5741 1928 5832 accepti,
1951 5754 1987 5815 et
2010 5736 2078 5815 hoe
2100 5755 2153 5815 ost
2175 5742 2296 5815 dicere
2317 5736 2474 5813 hmines
2488 5723 2582 5826 5⁰⁸¹?

580 5820 663 5943 ¹hoc
679 5842 731 5903 est
746 5830 956 5904 heneficium
976 5834 1064 5907 novi
1077 5840 1277 5914 testamenti
1300 5863 1361 5929 seu
1376 5838 1578 5947 Evangelii,
1626 5866 1701 5917 esse
1728 5842 1983 5941 pergratiam,
2017 5844 2202 5941 videlicet,
2226 5846 2324 5945 qood
2348 5822 2526 5919 sintiuttis
2548 5808 2580 5879 ιὰ
