5825 6950
549 686 628 765 m
651 686 653 694 '
840 736 845 751 .
993 713 997 724 ·
1128 670 1276 749 -vlllla
1298 666 1420 755 Mill..
1440 668 1656 753 centana
1677 667 1983 751 fflffl‘lssb.
2286 670 2308 733 Γ
2533 676 2609 751 840

554 855 773 933 ιιιιιιὶιυιιι
789 850 1125 943 etcopgragslivnro
1153 863 1188 921 ct
1202 848 1546 921 communicativum
1598 847 1726 918 mortis
1749 848 1951 922 multonem
1979 848 2160 922 mnarum
2198 844 2429 934 bominum,
2476 872 2614 935 noum,

560 987 654 1042 esse,
688 958 737 1030 ita
761 956 858 1027 Deus
881 967 914 1024 et
937 976 1020 1023 vere
1041 975 1163 1021 amans
1187 964 1240 1022 est
1263 952 1549 1042 congregationis
1599 963 1860 1036 matronarum,
1878 972 2081 1041 puerorum.
2133 949 2181 1023 Et
2196 956 2310 1024 semel
2331 948 2612 1025 motisRebns·

560 1056 943 1137 etcommunicstionis
960 1055 1223 1125 beneficiorum.
1275 1051 1365 1125 Vult
1383 1050 1547 1124 homines
1598 1052 1750 1143 publicis
1791 1076 1865 1121 non
1895 1049 1999 1123 la'cile
2028 1067 2147 1145 postea
2179 1080 2266 1147 pax,
2302 1054 2536 1146 disciplina,
2560 1058 2611 1127 le-

562 1168 656 1241 inter
670 1186 707 1233 se
723 1159 845 1231 multis
868 1159 1021 1227 vinculis
1044 1158 1226 1249 copulatos
1250 1178 1343 1241 esse,
1369 1156 1548 1246 coningio,
1598 1176 1677 1244 ges,
1701 1151 1827 1245 religio
1843 1154 1984 1227 restitui
2008 1150 2167 1246 pbssunt.

561 1292 681 1339 amore
695 1286 774 1352 erga
791 1274 911 1351 natos,
933 1272 1101 1352 tanquam
1127 1281 1206 1349 erga
1224 1272 1360 1349 partem
1383 1258 1549 1351 propriae
1691 1252 1990 1331 Macedonum
2010 1258 2267 1351 implacabiles,
2282 1256 2492 1330 sicntSaul
2513 1262 2612 1331 nullo

562 1384 729 1451 naturae,
764 1386 848 1435 cura
872 1361 1046 1431 educandi
1078 1373 1196 1444 natos,
1226 1362 1550 1432 communicatione
1599 1358 1716 1428 officio
1731 1360 1996 1450 placanpotoit,
2015 1360 2613 1451 utdeponcretininttumodium,

563 1470 833 1549 beneficiorum,
865 1464 1046 1533 intellectu
1073 1464 1251 1543 iusticiae,
1278 1486 1369 1555 quse
1396 1487 1463 1555 pro
1487 1467 1549 1532 be·
1601 1485 1670 1552 quo
1692 1462 1839 1531 ardebat
1859 1465 2029 1531 adversus
2054 1462 2246 1546 Davidem,
2290 1464 2396 1533 bene
2425 1464 2476 1531 de
2499 1466 2612 1555 patria

563 1572 697 1645 nebciis
720 1570 816 1645 iubet
839 1565 992 1635 vicissim
1016 1566 1182 1635 beneficia
1205 1568 1365 1638 reddere.
1423 1562 1472 1635 Et
1493 1561 1550 1633 bis
1601 1562 1790 1653 etdeipso
1808 1565 1988 1635 meritum.
2039 1560 2136 1635 Haec
2152 1564 2357 1656 pertinacia
2374 1564 2554 1637 odiorum
2573 1567 2610 1636 in

565 1674 718 1747 vineolis
741 1684 775 1739 et
799 1663 866 1737 hac
888 1666 1210 1738 communicatione
1239 1669 1317 1737 vult
1345 1668 1548 1737 conservari
1601 1658 1808 1734 hominibus
1825 1665 1944 1733 lividis
1957 1679 1991 1735 et
2004 1666 2118 1736 saevis
2136 1690 2209 1735 non
2226 1689 2312 1736 rara
2328 1679 2403 1740 est.

563 1790 739 1847 naturam.
792 1768 843 1839 lta
867 1790 971 1838 causa
1002 1770 1236 1855 conspicitur,
1269 1793 1333 1839 cur
1361 1772 1550 1862 impressae
1697 1760 1964 1860 Ἀνελεήμονες,
1990 1767 2311 1839 immisericordes:
2343 1763 2610 1860 bsecappella-

564 1880 636 1948 sint
653 1870 859 1945 hominibus
875 1866 1041 1967 ocopyott'.
1068 1866 1203 1964 Estque
1220 1885 1292 1942 tota
1309 1867 1394 1941 haec
1410 1874 1552 1965 sapien·
1602 1869 1654 1937 tio
1671 1869 1771 1956 plura
1795 1864 2080 1960 comprehendit,
2113 1894 2223 1962 quam
2243 1868 2470 1941 crudelitas.
2523 1867 2610 1939 Cru-

565 1981 614 2053 tia
644 1979 689 2045 de
708 1974 866 2047 bonitate
884 1970 949 2041 Dei
974 1968 1226 2064 comprehensa
1246 1975 1284 2042 in
1303 1968 1369 2042 hoc
1386 1975 1551 2045 dulcissi·
1604 1970 1776 2054 deliscn,
1801 1972 1864 2064 qui
1892 1972 2001 2041 laedit
2023 1972 2133 2045 alium
2158 1972 2360 2057 atrociter,
2394 1972 2480 2041 sine
2510 1996 2609 2042 cansa

566 2106 626 2149 mo
641 2080 756 2148 dicto:
784 2072 882 2145 Deus
904 2088 954 2143 est
971 2074 1133 2158 dilectio,
1159 2090 1192 2145 et
1218 2077 1340 2168 quiin
1363 2078 1553 2149 dilectione
1606 2073 1716 2156 insta,
1742 2088 1803 2143 aut
1820 2074 1931 2163 poeda
1954 2073 2088 2141 maiore
2100 2072 2239 2154 adlicit,
2266 2095 2388 2165 quam
2412 2096 2485 2164 pro
2507 2076 2607 2143 modo

565 2170 705 2260 manet,
731 2179 769 2247 in
788 2178 871 2246 Deo
884 2188 1021 2257 manet,
1049 2189 1084 2246 et
1100 2176 1194 2246 Deus
1208 2180 1247 2247 in
1263 2202 1316 2249 ao.
1368 2174 1414 2247 Er
1435 2168 1552 2247 vicina
1605 2176 1735 2245 delicti.
1790 2172 2002 2246 Utcrudelis
2018 2188 2093 2243 erat
2108 2172 2258 2263 Augusti
2281 2172 2607 2267 ltospes,quiser·

565 2297 650 2354 sunt
668 2278 754 2350 haec
776 2279 884 2349 dicta:
918 2275 1015 2345 Deus
1049 2292 1101 2349 est
1126 2280 1260 2361 bonus,
1295 2294 1347 2360 et,
1383 2276 1554 2365 Densest
1605 2302 1689 2345 vom
1712 2276 1866 2346 obiicere
1890 2277 2050 2346 murenis
2082 2276 2219 2361 voluit,
2251 2278 2345 2370 qtrla
2371 2266 2605 2368 fregeratpo·

568 2384 730 2469 dilectio,
756 2379 880 2465 idest,
907 2403 988 2447 vere
1005 2380 1157 2471 diligens
1178 2403 1276 2451 suant
1293 2382 1463 2471 effigiem,
1488 2406 1554 2450 na·
1606 2378 1726 2446 culum
1751 2378 2007 2471 crystallinum.
2064 2375 2138 2448 Sed
2162 2375 2438 2450 immisericors·
2464 2390 2604 2447 estnon

568 2499 684 2558 turam
701 2483 971 2570 intelligentem.
1024 2481 1113 2551 Nam
1140 2478 1206 2552 hoc
1225 2486 1398 2574 posterius
1420 2485 1555 2554 dictum
1607 2480 1724 2548 solnm
1757 2480 1932 2564 crudelis,
1974 2480 2164 2551 sedetiam
2195 2480 2259 2573 qui
2288 2502 2383 2549 cum
2416 2480 2603 2570 probabilis

567 2588 678 2677 magis
696 2587 739 2654 ad
759 2597 903 2653 naturas
921 2584 1157 2673 intelligentes
1167 2587 1349 2674 congruit.
1608 2582 1698 2650 ratio
1714 2595 1786 2662 est,
1811 2606 1884 2649 noa
1902 2580 2041 2671 mitigat
2056 2580 2186 2651 iustam
2208 2582 2467 2671 asperitatem.

672 2688 744 2755 lam
761 2686 887 2773 cogita,
913 2708 993 2753 cnm
1012 2681 1167 2782 στοργαὶ
1182 2687 1252 2757 sint
1268 2710 1348 2756 vere
1364 2684 1557 2776 operallei,
1709 2681 1947 2753 Neminsticia
1965 2698 2026 2767 est,
2038 2683 2218 2753 neminem
2234 2684 2389 2753 laedere
2402 2684 2486 2753 sine
2499 2704 2596 2753 caum

569 2804 603 2861 ct
622 2790 778 2859 referant
799 2784 868 2856 Dei
891 2786 1107 2871 bonitatem,
1140 2803 1173 2859 et
1196 2792 1266 2857 sint
1287 2812 1345 2858 res
1364 2790 1405 2857 in
1429 2803 1556 2858 natura
1608 2782 1722 2855 Estet
1734 2784 1772 2853 in
1786 2786 1912 2876 poenis
1941 2806 2082 2854 servare
2101 2785 2381 2879 aequalitatem:
2409 2784 2599 2855 misericor·

569 2892 772 2974 ordinatae,
806 2910 911 2981 quarn
936 2888 1014 2956 dira
1036 2891 1240 2979 depravatio
1262 2891 1306 2960 sit
1328 2890 1370 2957 tin
1394 2890 1562 2974 diabolis,
1608 2886 1668 2954 dia
1692 2911 1777 2954 nero
1802 2887 1957 2978 primum
1977 2885 2069 2956 iusta
2094 2902 2166 2971 cst,
2194 2912 2271 2957 non
2299 2886 2421 2958 laedit
2443 2888 2600 2957 insontes.

570 2994 630 3087 qui
649 2993 852 3061 abiecerunt
869 2984 1045 3085 στοργάς,
1080 3004 1114 3060 et
1134 2991 1171 3057 in
1189 2994 1311 3061 multis
1333 2988 1559 3075 *hominibus
1611 2988 1749 3058 Deinde
1769 2988 1949 3080 probabili
1986 2989 2126 3058 ratione
2157 2990 2266 3061 etism
2295 2990 2438 3061 iustam
2461 3008 2600 3075 poenam

569 3096 632 3187 qni
658 3090 725 3165 hoc
743 3091 897 3161 naturali
919 3115 1039 3160 amore
1063 3106 1096 3161 et
1117 3092 1259 3164 vinculo
1284 3085 1559 3164 consociationis
1610 3089 1758 3179 mitiget.
1812 3088 1864 3159 lta
1887 3090 1985 3160 Deus
1998 3090 2204 3159 misericors
2218 3105 2291 3175 eat,
2315 3106 2354 3163 et
2380 3104 2422 3161 ut
2448 3088 2599 3161 Psalmttt

570 3198 743 3274 extincto,
776 3192 908 3263 bellum
930 3209 1056 3281 gerunt
1079 3216 1158 3263 cum
1180 3193 1256 3264 Deo
1277 3212 1313 3279 et
1336 3220 1415 3263 corn
1433 3210 1559 3265 natura
1611 3192 1748 3285 inquit:
1783 3189 1866 3261 Non
1882 3193 2042 3265 accendit
2059 3203 2167 3262 lotam
2183 3192 2273 3262 iram
2291 3216 2417 3263 suant.

570 3298 708 3387 generis
723 3290 884 3365 hnmani.
919 3293 1559 3382 TalisestCain·,tnlessuntAtreus
1707 3290 1815 3362 Hauc
1844 3294 2110 3382 grammaticam
2144 3295 2419 3365 enarrationem
2453 3309 2598 3387 quarun-

570 3412 604 3471 et
628 3394 820 3492 Thyestes,
851 3396 931 3467 talis
962 3410 1014 3466 est
1037 3394 1183 3484 Medea,
1226 3422 1317 3492 quae
1352 3396 1447 3468 filios
1477 3422 1559 3468 suos
1612 3396 1836 3464 damnosum
1860 3396 2003 3471 addidi,
2027 3409 2070 3463 ut
2091 3396 2251 3465 iuniores
2274 3390 2598 3466 adsuefiantaddi·

569 3501 746 3572 interficit.
1596 3497 1795 3586 ,ligantiam
1821 3498 1859 3566 in
1882 3498 2140 3568 consideranda
2165 3499 2391 3589 proprietate
2416 3499 2594 3567 verberum

669 3597 760 3672 Cum
777 3613 893 3669 autem
907 3611 1032 3668 natura
1051 3599 1089 3667 in
1105 3595 1264 3683 homine,
1277 3603 1439 3672 nondum
1456 3625 1558 3694 pror..
1611 3611 1648 3670 et
1660 3600 1698 3668 in
1717 3600 1975 3670 distribuendis
1995 3599 2188 3673 virtutibus
2209 3613 2243 3672 et
2266 3599 2386 3674 vitiis.
2441 3599 2594 3675 lntoeatt·

461 3787 467 3793 ι
571 3724 631 3773 sus
654 3703 810 3790 furioso,
836 3714 954 3771 tamen
980 3702 1097 3792 aliqua
1121 3713 1283 3790 exparte
1306 3703 1487 3774 naturales
1503 3706 1560 3774 in·
1612 3715 1671 3772 tur
1685 3717 1822 3788 auum,
1846 3717 1887 3774 ut
1905 3723 2010 3792 saepe
2033 3700 2121 3770 alias
2140 3701 2234 3788 diri,
2257 3697 2496 3795 tteestapum.

571 3805 780 3876 clinationes
804 3804 952 3888 sentiat,
984 3828 1057 3871 non
1086 3803 1237 3873 dubium
1270 3818 1321 3874 est
1357 3829 1376 3874 a
1407 3807 1560 3877 diabolis

496 3961 499 3974 .
571 3906 706 3996 impelli
725 3905 815 3976 Cain
838 3919 872 3976 et
896 3905 1046 3988 similes,
1073 3906 1133 3996 qni
1150 3904 1300 3976 extincta
1324 3908 1477 3978 naturali
1497 3913 1560 3980 be·

573 4007 794 4090 nevolentia,
820 4007 1000 4077 saevitiam
1016 4007 1053 4075 in
1070 4021 1237 4097 cogntus
1250 4022 1284 4077 et
1305 4023 1452 4080 naturae
1476 4033 1561 4082 suae
1713 4005 1783 4079 Hic
1814 4007 1915 4079 addit
1943 4007 2103 4096 regulam
2133 4008 2180 4076 de
2209 4007 2353 4097 tegibus
2384 4005 2591 4080 naturalibus

573 4120 709 4198 partem
736 4131 895 4176 exercete
919 4103 1087 4198 possunt.
1134 4107 1184 4180 Et
1206 4110 1250 4196 de
1273 4111 1404 4180 talibus
1418 4099 1561 4205 quoque
1612 4110 1840 4180 seu'noticiis
1867 4111 2111 4190 naturalibus,
2137 4131 2230 4202 quac
2249 4111 2492 4182 nominantur
2517 4101 2590 4174 Itts

572 4233 694 4278 serum
716 4223 767 4310 est
789 4209 940 4278 dictum:
967 4208 1115 4281 Satanas
1137 4210 1284 4282 intrarit
1307 4210 1345 4279 in
1368 4217 1474 4282 corda
1501 4238 1561 4284 eo-
1613 4220 1826 4281 naturae.
1865 4209 1915 4282 Ut
1927 4213 2023 4280 enim
2039 4212 2079 4279 in
2094 4205 2162 4281 hac
2176 4213 2403 4284 arcuatione
2419 4208 2588 4282 convincat

573 4333 666 4382 rums
719 4309 993 4382 Considerantes
1017 4313 1144 4400 igitur,
1182 4335 1288 4404 quarn
1312 4314 1389 4383 dira
1413 4327 1448 4385 et
1470 4329 1560 4387 tetra
1614 4311 1795 4398 homines,
1840 4314 2009 4405 proponit
2039 4313 2089 4382 eis
2121 4315 2301 4386 naturales
2331 4315 2415 4383 illas
2445 4309 2588 4380 noticias.

574 4414 645 4483 sint
670 4406 755 4482 haec
781 4413 926 4498 scelera,
952 4428 986 4483 et
1011 4417 1107 4481 unde
1128 4414 1306 4494 oriantur,
1334 4439 1459 4505 magna
1476 4441 1560 4487 cura
1613 4415 1690 4485 Hae
1713 4414 1849 4507 inquit,
1876 4429 2041 4486 accusant
2063 4437 2148 4494 vos,
2180 4439 2269 4507 quas
2293 4417 2442 4510 quidem
2461 4412 2537 4480 ideo
2554 4406 2585 4472 in

574 4511 689 4582 Deum
707 4529 888 4586 aeternum
913 4529 1045 4604 patrem
1062 4513 1208 4583 Domini
1231 4517 1345 4585 nostri
1360 4513 1438 4587 lesu
1453 4514 1561 4589 Chri·
1613 4514 1803 4588 bominnm
1820 4529 1946 4585 natura
1964 4514 2059 4586 Deus
2080 4539 2157 4585 non
2180 4517 2295 4587 voluit
2319 4537 2465 4607 prorsus
2487 4509 2585 4582 ettin-

574 4618 632 4698 sti,
652 4617 871 4686 conditorem
885 4611 1135 4712 φιλόστοργον
1149 4618 1286 4706 generis
1307 4613 1466 4703 humani,
1481 4643 1561 4690 ore·
1612 4620 1692 4707 gui,
1721 4632 1761 4688 nt
1782 4631 1897 4687 essent
1921 4619 2121 4687 testimonis
2155 4619 2201 4686 de
2227 4615 2307 4688 Deo
2332 4633 2369 4689 et
2394 4621 2440 4684 de
2464 4608 2580 4683 iudicio

574 4741 669 4800 mus,
696 4733 734 4787 nt
751 4733 894 4808 propter
907 4719 1040 4801 filium,
1065 4742 1170 4811 quem
1191 4721 1329 4788 ardenti
1344 4722 1561 4791 benevolen·
1612 4721 1699 4803 Dei,
1732 4734 1768 4789 et
1789 4733 1885 4788 certo
1911 4721 2099 4803 sciremus,
2129 4715 2205 4804 hac¹
2219 4744 2307 4790 voce
2328 4735 2478 4790 naturae
2498 4732 2581 4781 com·

579 4819 628 4886 tia
647 4819 780 4908 diligit,
807 4824 910 4888 corda
926 4836 1045 4890 nostra
1066 4820 1202 4910 Spiritu
1218 4843 1282 4890 suo
1304 4837 1426 4891 sancto
1440 4837 1560 4894 custo·
1613 4820 1822 4904 monefacti,
1838 4818 1954 4892 Deum
1971 4845 2055 4891 rere
2067 4832 2104 4891 st
2121 4815 2346 4893 horribiliter
2360 4820 2461 4890 irasci
2475 4810 2579 4885 omni·

575 4919 650 4988 diat
677 4935 710 4988 et
743 4934 856 5004 regat,
900 4941 938 4990 ac
957 4922 1159 5012 depellata
1200 4923 1304 4990 nobis
1335 4923 1561 4996 insidiatores
1610 4923 1906 5003 brusacientibus
1921 4937 2043 4994 contra
2064 4917 2129 4992 has
2144 4923 2310 5011 noticias,
2337 4922 2578 5003 divinitnstto·

575 5022 758 5104 diabolos,
787 5017 903 5091 hostes
935 5047 1028 5096 snos.
1090 5023 1222 5096 Primis
1252 5025 1358 5092 etiarn
1385 5025 1498 5096 initiis
1520 5051 1561 5096 ac
1611 5026 1668 5095 bis
1688 5025 1821 5094 insitas.

574 5122 737 5190 scintillis
765 5124 888 5192 talium
918 5127 1081 5194 odiorum
1113 5125 1290 5213 sapienter
1325 5148 1560 5216 repugnemus
1711 5123 1950 5195 considerent
1962 5137 2079 5194 autem
2094 5126 2253 5196 ioaiores
2268 5125 2369 5197 Pauli
2387 5135 2575 5193 sermenem·

575 5223 660 5313 ipsi,
688 5247 731 5290 ne
750 5225 914 5294 diabolus
937 5227 1118 5296 invitetur.
1611 5226 1686 5296 Has
1703 5227 1864 5312 noticias,
1881 5251 1970 5321 quas
1985 5251 2151 5298 commus
2165 5227 2275 5317 Leges
2291 5241 2436 5298 naturae
2449 5243 2506 5291 sest
2523 5214 2571 5282 1⁰⁸

676 5323 792 5394 Malta
811 5340 1012 5415 grassantur
1027 5331 1156 5396 scelera
1179 5321 1288 5396 huius
1310 5331 1447 5418 generis
1465 5331 1560 5400 inter
1610 5343 1769 5413 naturae,
1794 5350 1953 5420 expresse
1975 5323 2035 5399 hic
2049 5315 2212 5401 nominat
2228 5331 2289 5402 lus
2304 5329 2382 5402 Dei.
2430 5323 2570 5394 Sciamus

573 5420 755 5508 homines,
789 5427 953 5516 privatim
978 5442 1012 5498 et
1038 5429 1195 5516 pnltlice,
1229 5429 1297 5501 alia
1327 5433 1455 5522 magis,
1488 5432 1558 5501 alia
1609 5432 1734 5520 igitur,
1760 5435 1855 5523 qttod
1881 5431 2104 5504 verissimum
2130 5445 2201 5516 est,
2234 5433 2329 5523 leges
2349 5434 2569 5499 astoraesste

572 5529 691 5598 minus
712 5529 854 5610 atrocia,
881 5543 920 5600 ut
936 5531 1044 5618 magis
1060 5546 1110 5600 est
1126 5525 1308 5628 ἄστοργος
1323 5530 1425 5622 Cain,
1450 5558 1558 5626 quam
1609 5535 1665 5601 ius
1688 5534 1869 5603 divinum:
1891 5547 1945 5604 est·
1959 5534 2054 5601 enim
2071 5533 2132 5602 lux
2145 5557 2167 5604 a
2181 5530 2259 5604 Deo
2272 5536 2312 5604 in
2329 5527 2498 5600 meatibus
2510 5539 2564 5583 no·

570 5624 677 5703 Esau.
705 5630 797 5701 Sunt
813 5632 918 5700 etiam
935 5627 1112 5726 ἄστοργοι
1126 5627 1289 5702 homines
1303 5635 1472 5719 seditiosi,
1493 5637 1555 5729 qni
1606 5635 1689 5705 stris
1703 5635 1864 5720 condita,
1880 5650 1915 5706 et
1933 5635 2116 5703 verissime
2130 5637 2296 5724 congruit
2310 5655 2387 5703 cum
2410 5620 2563 5702 Dtt³¹⁰l⁰

571 5725 841 5802 Ecclesiamaut
856 5736 1004 5822 patriam
1026 5737 1103 5802 sine
1125 5735 1329 5804 necessariis
1347 5739 1460 5806 causis
1477 5751 1555 5812 tur·
1604 5737 1913 5806 etaliisdictisin
1935 5734 2157 5834 legeMoisi,
2193 5738 2231 5805 in
2254 5738 2380 5831 quibus
2397 5722 2560 5818 repetitum

570 5832 676 5917 bant,
703 5837 785 5926 qnia
809 5859 933 5906 causae
960 5850 1043 5906 sunt
1074 5837 1272 5927 ingentium
1302 5839 1488 5920 dolorum,
1520 5852 1554 5908 et
1605 5852 1657 5909 cst
1677 5839 1734 5908 ius
1753 5852 1911 5910 naturae.
1969 5837 2064 5910 Sunt
2100 5839 2200 5908 enim
2217 5834 2432 5929 gravissimae
2451 5837 2562 5895 cantas

1928 3863 2091 3951 Scientes
2109 3866 2171 3942 ias
2190 3865 2283 3945 Dei.
