5825 6950
316 710 399 793 1181
471 698 578 781 xltt.
627 700 665 777 t.
691 693 1108 786 COMMENTAR.1N
1133 703 1288 788 El’lS'l'.
1313 704 1465 784 eadm
1490 704 1559 783 ΑΙ)
1584 704 1911 787 CORINTHIOS.
1959 707 2064 791 CAP.
2091 710 2172 789 XV.
2241 715 2344 792 1182

315 903 376 961 tem
394 876 654 959 omnisearnis‚
680 893 720 952 ut
736 903 864 967 omne,
888 878 986 973 quod
1003 878 1132 973 dedisti
1149 880 1202 967 ei,
1228 882 1287 953 det
1339 884 1504 977 νεκρῶν,
1551 880 1681 966 idest,
1726 874 1996 981 βαπτιζόμενα
2022 882 2330 986 ἐξομολονοῠνιιο

316 992 359 1063 eis
382 986 482 1054 vitam
506 994 697 1055 aeternam.
1337 979 1431 1082 ὑπὲρ
1447 988 1527 1058 τῶν
1541 990 1699 1083 νεκρῶν.
1750 986 1983 1077 Baptisantur
2006 1012 2071 1077 pro
2094 989 2262 1075 mortuis,
2286 990 2326 1061 id

403 1084 475 1155 llas
495 1084 653 1153 actiones
675 1080 781 1153 babet
801 1106 862 1151 reu
877 1077 1058 1169 Christus,
1084 1084 1197 1155 donec
1221 1086 1284 1155 ad·
1337 1098 1407 1165 est.
1449 1088 1654 1180 profitentes
1683 1090 1728 1159 de
1763 1091 1925 1161 mortuis.
1987 1088 2079 1161 Nam
2109 1090 2324 1183 praepositio

312 1194 405 1265 ducet
427 1186 663 1257 resuscitatam
687 1184 879 1255 Ecclesiam
901 1189 944 1256 ad
969 1202 1126 1279 patrem,
1152 1188 1285 1274 idest,
1334 1184 1428 1286 ὑπὲρ
1456 1186 1548 1261 banc
1570 1191 1863 1281 significationem
1891 1191 2121 1287 professionis
2150 1194 2323 1280 continet,

311 1300 413 1365 donec
434 1289 601 1359 divinitas
622 1288 826 1357 immediate
848 1310 885 1357 se
907 1290 1068 1361 ostendet
1091 1286 1282 1363 Ecclesiae.
1334 1314 1407 1361 non
1430 1292 1603 1383 significat
1625 1293 1737 1381 vices,
1770 1290 1867 1369 ἀντὶ.
1917 1292 2001 1365 Non
2023 1290 2320 1367 bocinderatio-

310 1396 404 1467 Tuus
426 1390 550 1462 offeret
574 1413 723 1481 regnum
747 1390 857 1481 patri,
881 1391 918 1460 id
936 1406 1006 1481 est,
1034 1395 1195 1463 ostendet
1219 1389 1282 1463 bas
1333 1394 1444 1464 cinari
1461 1412 1682 1482 necesseest,
1708 1397 1846 1492 aliquos
1863 1419 1930 1487 per
1947 1396 2114 1466 vicariam
2131 1419 2317 1487 personam

307 1498 449 1571 actiones
471 1494 662 1583 completas
683 1514 770 1567 esse.
820 1490 867 1562 Et
882 1494 1013 1563 deinde
1029 1494 1135 1563 simul
1153 1516 1278 1583 regna·
1333 1497 1510 1587 baptismo
1533 1499 1791 1574 initiatosesse.
1835 1496 1891 1569 lbi
1906 1498 2208 1568 enimdicendum
2228 1497 2318 1570 fuis-

307 1602 350 1670 bit
364 1613 401 1669 ut
419 1598 536 1680 Deus,
561 1594 765 1666 immediate
782 1595 1007 1667 divinitatem
1028 1598 1133 1667 nobis
1158 1610 1278 1669 osten·
1331 1611 1382 1670 set
1409 1594 1494 1672 ἀντὶ
1519 1605 1675 1695 νεκρῶν.
1733 1598 1832 1671 Haec
1853 1613 2034 1695 utcunque
2057 1600 2317 1671 consideranti-

305 1706 399 1785 deus,
425 1722 498 1769 non
517 1694 741 1768 balsensiam
762 1698 918 1767 actiones
935 1701 1189 1788 deprecatoris,
1216 1712 1279 1771 aut
1330 1702 1396 1771 hus
1419 1700 1575 1775 Graecae
1599 1704 1741 1794 linguae
1763 1726 1888 1789 usum,
1912 1703 2197 1772 manifestissima
2220 1715 2316 1784 suut,

303 1804 488 1893 colligentis
506 1798 700 1871 Ecclesiam
726 1823 789 1891 per
811 1800 1062 1876 ministerium.
1328 1814 1369 1874 ut
1394 1796 1487 1901 ὑπὲρ
1515 1804 1629 1879 ἄλλου
1656 1803 1935 1904 ἀπολογοῦμαι,
1974 1829 2049 1875 non
2075 1800 2160 1877 ἀντὶ
2186 1802 2314 1877 ἄλλου.

1328 1903 1470 1975 Possem
1491 1923 1525 1980 et
1540 1909 1627 1981 alias
1641 1909 1788 1979 recitare
1805 1909 2130 1998 interpretationes:
2163 1908 2222 1977 sed
2247 1900 2313 1975 bac

1328 2022 1515 2079 contentus
1532 2035 1612 2091 ero,
1628 2012 1801 2104 quianon
1818 2010 1969 2079 dubium
1985 2024 2053 2095 est,
2072 2008 2112 2078 in
2133 2008 2311 2103 baptismo

390 2106 514 2201 Aliqui
539 2105 791 2177 intellexerunt
815 2106 860 2177 de
884 2104 1043 2199 imperiis
1067 2108 1214 2193 muudi,
1240 2120 1276 2179 et
1326 2110 1460 2205 ubique
1475 2112 1604 2183 factam
1620 2136 1694 2184 esse
1707 2112 1963 2207 professionem
1979 2111 2143 2207 symboli.

301 2212 337 2281 de
355 2210 509 2301 potentia
541 2208 786 2297 diabolorum,
819 2208 909 2279 sicut
933 2208 1091 2281 Danielis
1116 2212 1273 2280 secundo

301 2330 328 2385 et
341 2312 484 2405 septimo
510 2312 554 2380 de
579 2311 725 2381 interitu
747 2312 978 2402 imperiorum
1001 2313 1143 2387 dicitur.
1194 2310 1273 2383 Etsi

300 2428 456 2485 autemst
478 2410 572 2483 banc
598 2413 807 2483 sententiam
832 2412 1118 2504 complectimur,
1150 2426 1271 2485 umen
1424 2410 1685 2505 Argumentum
1717 2420 1763 2489 de
1801 2416 2061 2491 resurrectione
2100 2426 2256 2487 sumtum
2288 2434 2310 2484 a

300 2515 494 2607 generaliter
512 2514 675 2611 intelligo
693 2512 826 2586 aboleri
848 2530 881 2587 et
896 2515 1044 2607 imperia
1060 2518 1209 2603 mundi,
1234 2530 1271 2589 et
1323 2521 1567 2609 praesentibus
1582 2524 1774 2593 aerumnis.
1827 2521 1866 2594 Si
1889 2546 1962 2591 non
1977 2530 2123 2591 restaret
2139 2516 2209 2587 alia
2223 2514 2310 2595 vita,

300 2619 475 2709 potentiam
507 2619 753 2702 diabolorum,
783 2630 818 2687 et
843 2617 1040 2689 ministeria
1063 2620 1270 2709 angelorum
1323 2644 1395 2688 non
1421 2636 1510 2692 esset
1538 2622 1729 2693 discrimen
1755 2624 1849 2695 inter
1875 2625 1985 2694 iustos
2008 2637 2042 2694 et
2064 2620 2235 2703 iniustos,
2274 2630 2309 2686 et

301 2719 527 2793 etErclssiae.
580 2718 656 2789 lmo
674 2735 708 2791 st
725 2720 855 2789 auxilia
871 2722 959 2804 cibi,
986 2734 1106 2812 potus,
1132 2736 1167 2794 et
1181 2722 1270 2792 alia·
1323 2722 1407 2793 iusti
1436 2724 1542 2793 stulte
1570 2724 1785 2798 sustinerent
1807 2728 1846 2797 in
1871 2726 1943 2799 vita
1973 2739 2091 2795 tantos
2112 2722 2252 2790 labores
2273 2732 2309 2791 et

299 2848 366 2893 ruru
391 2836 653 2907 creaturarum,
691 2823 775 2915 qnia
809 2836 894 2892 tunc
918 2820 1014 2893 Deus
1043 2844 1079 2892 se
1108 2826 1270 2896 ostendet
1322 2836 1437 2898 tantas
1453 2850 1655 2896 aerumnas:
1689 2830 1865 2899 sustinent
1887 2842 2003 2899 autem
2020 2841 2112 2896 certa
2130 2846 2191 2914 spe
2208 2820 2309 2892 futu-

299 2922 505 3011 immediate,
547 2938 581 2995 et
604 2924 796 2995 vivificabit
820 2926 959 3017 beatos,
990 2925 1195 2996 immediate
1217 2927 1270 2995 ef·
1321 2950 1381 2997 rae
1415 2928 1696 3020 tranquillitatis.
1749 2928 1863 3021 Igitur
1894 2928 2053 3001 Ecclesia
2079 2950 2162 2996 vere
2199 2923 2308 2993 sentit

298 3027 434 3099 fundens
457 3029 497 3097 in
522 3048 582 3097 eos
605 3050 703 3099 suam
728 3029 862 3113 lucem,
904 3028 1133 3121 sapientiam,
1164 3028 1268 3100 iusti·
1320 3044 1451 3101 restare
1476 3029 1582 3099 aliam
1607 3030 1730 3101 vitam.
1787 3032 1916 3104 luserit
1945 3045 2063 3103 autem
2086 3024 2307 3097 admonitio·

297 3128 376 3197 ciam
391 3144 421 3201 et
439 3130 627 3204 laetitiam.
681 3127 722 3199 lu
747 3124 839 3198 hanc
857 3130 1067 3201 senteutiam
1091 3142 1125 3201 et
1147 3144 1266 3220 postea
1319 3154 1419 3213 nem,
1447 3146 1485 3203 ut
1501 3131 1613 3203 vitent
1629 3156 1737 3224 prava
1752 3135 1950 3230 colloquia,
1979 3146 2014 3205 et
2027 3152 2150 3203 versus
2163 3142 2216 3201 est
2230 3148 2305 3197 me·

296 3228 427 3304 dicitur:
462 3233 563 3305 Deus
592 3232 660 3301 erit
682 3232 803 3301 omnia
826 3232 863 3301 in
887 3234 1075 3317 omnibus,
1115 3232 1268 3319 scilicet,
1319 3234 1432 3305 moria
1457 3234 1605 3323 dignus:

295 3356 357 3403 uon
376 3359 436 3425 per
458 3334 702 3405 ministerium
727 3334 915 3422 Evangelii
938 3356 1081 3427 regens,
1115 3336 1172 3403 sed
1196 3336 1266 3404 im·
1449 3350 1643 3433 oasam...
1663 3346 1732 3435 ἤθη
1749 3353 1871 3437 may
1892 3344 2011 3431 ὁμιλίαι
2030 3344 2132 3413 κακαί

296 3437 431 3509 mediate
452 3461 492 3508 se
517 3436 727 3518 ostendens,
767 3436 971 3526 vivificans,
1011 3448 1045 3508 et
1076 3436 1265 3508 effundens
1317 3445 1716 3553 E129udpe„hylum
1744 3461 1894 3530 ,fidum

293 3535 324 3605 in
337 3539 450 3613 beatos
464 3565 567 3612 suam
585 3541 783 3612 mirandam
800 3539 934 3629 lucem,
959 3539 1186 3634 sapientiam,
1208 3541 1267 3612 iu·
1448 3569 1550 3637 οὐδὲ,
1571 3565 1678 3639 ,pm
1697 3579 1794 3659 κακῆς
1814 3568 1950 3654 ὅμως,

291 3641 409 3712 stiriam
433 3659 467 3716 et
492 3643 675 3717 laetitiam.

365 1962 529 2067 Quando
552 1964 715 2037 abolebit
732 1948 878 2038 ‘omnem
908 1968 1171 2068 principatum.

1532 2276 1579 2353 Ti
1602 2276 1668 2353 acui
1691 2276 1799 2378 ἡμεῖς
1827 2272 2109 2374 κινδυνεύομεν.

1312 3707 1405 3784 Ἀλλ’
1440 3707 1517 3808 ἐρεῖ
1544 3707 1602 3784 ais
1633 3717 1714 3794 πῶς
1743 3707 1949 3812 ἐγείρονται
1979 3707 2018 3785 οἷ
2041 3700 2181 3802 νεκροί.
2230 3699 2310 3779 Sed

288 3801 369 3882 ’duri
392 3807 428 3884 τὶ
454 3803 653 3902 ποιήουσιν
686 3805 722 3882 οἱ
759 3801 1026 3904 βαπτιζόμενοι
1060 3801 1155 3906 ὑπὲρ
1187 3816 1266 3886 τοῖν
1469 3807 1563 3884 dicet
1583 3809 1747 3912 aliquis,
1769 3808 1953 3913 quomodo
1973 3808 2162 3909 surgunt?

290 3917 429 4010 milli·
484 3905 923 4032 Aliwuifufdsmfflr
942 3912 1010 4010 ‘lui
1025 3909 1266 4010 baf'fffflm'
1420 3947 1512 4022 Voci
1541 3951 1685 4022 divinae
1716 3953 1932 4023 credendum
1958 3964 2029 4036 est,
2067 3945 2304 4021 etiamsinon

644 4037 708 4113 ‘lu‘
730 4023 898 4090 mmm·
1318 4052 1467 4134 scimus,
1505 4057 1686 4148 quomodo
1706 4053 1895 4125 effecturus
1918 4056 1964 4126 sit
1983 4052 2084 4125 Deus
2106 4075 2169 4137 ea,
2208 4070 2302 4143 quae

378 4155 530 4226 Constat
559 4175 675 4239 nuuc,
722 4151 827 4223 etiam
860 4175 940 4222 cum
968 4152 1122 4225 infantes
1146 4155 1267 4248 bapti·
1316 4155 1516 4248 promittit,
1547 4170 1609 4227 aut
1632 4155 1805 4248 praedicit
1825 4179 1862 4226 se
1885 4158 2062 4228 facturum
2083 4176 2176 4238 esse,
2209 4151 2303 4221 sicut

291 4267 419 4344 rantur,
446 4272 568 4329 tamen
589 4253 729 4324 recitari
748 4255 916 4326 articulos
939 4256 1110 4348 symboli,
1136 4271 1177 4328 ut
1200 4282 1265 4329 vo-
1317 4255 1469 4352 Moysen
1492 4259 1634 4329 credere
1654 4259 1831 4350 oportuit,
1866 4272 2002 4354 petram
2024 4276 2224 4350 percussam
2246 4251 2301 4322 ef-

291 4373 369 4433 rant.
422 4357 463 4430 ld
489 4358 689 4448 exemplum
713 4369 868 4428 sumtum
893 4369 944 4428 est
965 4379 984 4426 a
1006 4357 1118 4449 prima
1142 4358 1263 4430 Eccle-
1315 4361 1473 4430 fusuram
1491 4383 1564 4430 esse
1580 4383 1706 4451 magna
1731 4361 1881 4431 flumina
1903 4382 2084 4455 aquarum.
2136 4353 2208 4427 Sed
2230 4347 2301 4424 bu·

288 4457 346 4546 sia,
382 4462 420 4532 in
445 4484 517 4556 qua
540 4459 675 4551 optimo
699 4458 848 4530 consilio
874 4459 1074 4531 institutum
1098 4461 1184 4548 fuit,
1222 4475 1263 4534 ut
1315 4481 1418 4530 mana
1435 4461 1635 4533 diffidentia
1657 4462 1875 4552 interrogare
1894 4465 1986 4533 solet
2008 4463 2054 4531 de
2075 4457 2202 4540 modo,
2226 4477 2299 4549 quo

289 4559 373 4635 fieret
399 4563 605 4656 planissima
636 4562 809 4653 professio
838 4561 1061 4652 singulorum
1092 4563 1262 4634 articulo-
1314 4561 1411 4632 Deus
1433 4584 1495 4633 sua
1520 4565 1689 4634 miracula
1707 4564 1894 4634 effecturus
1915 4576 1980 4636 est.
2030 4557 2211 4651 Reprimit
2232 4578 2299 4628 au-

287 4685 364 4737 rum.
415 4663 464 4737 Et
487 4664 647 4735 scribunt
664 4663 830 4758 quidam,
856 4667 1026 4734 adductos
1049 4686 1122 4734 esse
1144 4666 1262 4758 bapti·
1313 4680 1385 4739 tem
1405 4661 1463 4734 hic
1480 4665 1754 4756 interrogantes,
1779 4689 1965 4758 opponens
1985 4661 2161 4733 familiare
2180 4681 2299 4729 exem-

290 4769 406 4836 zandos
423 4769 470 4838 ad
488 4791 565 4838 ossa
589 4781 833 4852 mortuorum,
858 4779 891 4837 et
914 4765 964 4834 ibi
989 4767 1163 4856 professos
1187 4792 1262 4840 esse
1313 4769 1412 4860 plum
1439 4767 1477 4837 iu
1503 4780 1649 4838 natura:
1689 4766 1780 4839 Cum
1806 4790 1880 4838 non
1903 4767 2011 4852 scias,
2052 4763 2234 4859 quomodo
2256 4781 2299 4830 ex

287 4869 464 4941 articulum
484 4871 528 4940 ds
550 4867 806 4940 resurrectione
831 4883 1072 4949 mortuorum,
1099 4883 1134 4940 et
1150 4870 1261 4941 inter·
1313 4893 1422 4961 grano
1444 4884 1586 4940 mortuo
1608 4868 1812 4940 exoriantur
1835 4869 1992 4955 culmus,
2018 4880 2053 4939 et
2068 4865 2201 4936 multae
2221 4861 2297 4954 spi-

287 4987 433 5060 rogatos,
468 4996 514 5043 an
538 4973 727 5065 crederent¹
743 4965 809 5040 bos
832 4969 927 5062 ipsos
950 4970 1145 5042 revicturos
1168 4997 1260 5058 esse,
1312 4994 1392 5059 cae,
1417 4983 1451 5042 et
1467 4995 1594 5061 grana,
1616 4972 1833 5064 curquaeris
1847 4972 1992 5041 modum
2007 4961 2299 5039 resurrectionis?

288 5093 426 5162 quorum
447 5075 498 5143 ibi
525 5097 600 5144 ossa
621 5074 867 5158 intuerentur,
893 5073 1134 5162 respondisse,
1161 5075 1259 5147 futu·
1310 5073 1428 5146 Simul
1448 5089 1563 5145 autern
1587 5073 1778 5163 significat,
1802 5097 1845 5143 ex
1869 5073 1987 5165 parvis
2008 5067 2216 5164 pulvisculis
2238 5089 2297 5136 re·

286 5193 370 5260 rum,
393 5190 436 5247 ut
450 5171 508 5247 bis
525 5177 608 5268 ipsis
623 5176 694 5246 vita
712 5176 929 5250 restituatur.
1310 5177 1421 5260 lictis,
1447 5188 1567 5247 tamen
1584 5188 1697 5245 totum
1714 5198 1842 5268 corpus
1857 5198 1980 5246 rursus
1999 5170 2189 5258 aedificari,
2206 5167 2297 5240 sicut

373 5275 592 5372 Quanquam
615 5291 732 5349 autern
756 5273 815 5347 hic
830 5279 920 5350 ritus
939 5301 1012 5346 non
1028 5277 1097 5348 fuit
1112 5277 1258 5349 univer·
1310 5301 1350 5350 ex
1371 5278 1499 5349 nucleo
1516 5276 1641 5368 ingens
1656 5277 1764 5348 arbor
1775 5276 1904 5349 oritur.

285 5375 373 5462 salis,
398 5393 519 5450 tamen
537 5403 659 5450 omnes
684 5381 722 5448 in
737 5381 914 5470 baptismo
936 5379 1070 5474 ubique
1092 5380 1257 5472 planissi-

286 5499 334 5546 me
354 5481 502 5572 professi
528 5495 630 5568 sunt,
666 5504 703 5551 se
719 5482 917 5552 firmissima
939 5481 1008 5550 fide
1027 5483 1255 5552 resurrectio-

285 5599 353 5649 nem
377 5597 602 5654 mortuorum
627 5585 779 5657 credere.
829 5577 907 5655 Etsi
927 5583 1058 5654 multae
1081 5583 1255 5677 interpre-
1408 5579 1546 5675 Corpus
1568 5576 1733 5678 ψυχικὸν
1753 5583 1927 5673 significat
1943 5581 2068 5654 virens
2084 5582 2178 5668 vita,
2202 5603 2294 5676 quae

280 5681 422 5755 tationes
440 5688 487 5756 de
502 5681 571 5757 boc
585 5685 662 5756 foco
678 5687 888 5772 traduntur,
914 5698 1033 5756 tamen
1051 5686 1153 5756 valde
1168 5711 1256 5756 con·
1306 5683 1415 5755 alitur
1436 5685 1517 5754 cibo
1542 5698 1578 5755 et
1602 5699 1709 5776 potu,
1748 5695 1784 5754 et
1816 5680 1922 5756 babet
1945 5684 2103 5756 actiones
2127 5685 2291 5754 omnium

281 5799 479 5859 teutaneum
497 5801 566 5874 est,
599 5783 691 5858 banc
712 5787 909 5875 simplicem
927 5785 1253 5880 interpretationem
1307 5788 1566 5877 potentiarum,
1592 5787 1697 5856 etiam
1710 5786 1915 5857 nutritivae.
1963 5783 2096 5856 Forma
2119 5785 2291 5879 loquendi

282 5887 425 5961 nativam
450 5903 485 5962 et
506 5913 625 5964 veram
648 5912 740 5962 esse:
772 5881 1040 5988 βαπτιζόμενοι
1060 5883 1156 5990 ὑπὲρ
1177 5893 1255 5966 τῶν
1305 5910 1347 5961 ex
1362 5886 1495 5962 Genesi
1507 5904 1623 5962 sumta
1639 5902 1706 5961 est:
1733 5885 1861 5960 Factus
1879 5901 1930 5959 est
1946 5884 2061 5959 Adam
2081 5887 2119 5956 in
2136 5886 2291 5957 animam

1585 5440 1662 5516 Est
1687 5467 1817 5543 corpus
1842 5441 2021 5518 animale.
