5825 6950
558 689 636 772 103
1154 675 1284 759 1¹th
1306 673 1427 760 MEE.
1450 667 1663 762 SCRIPTA
1688 668 1992 762 uxuunttcsi
2519 682 2593 759 104

560 878 599 937 et
613 857 828 954 Apostolos,
857 847 1020 928 nondum
1040 847 1220 945 vituperat
1241 853 1357 924 cultos
1378 848 1555 922 Iudaicos.
1606 845 1794 944 Evangelii
1829 854 1983 946 primam
2011 875 2120 924 unam
2152 866 2188 930 et
2213 867 2418 948 perpetuam
2457 873 2532 930 csse
2559 868 2597 930 in

562 961 704 1038 Omnes
719 974 841 1055 gentes
856 974 892 1031 et
906 973 1044 1043 coetus,
1067 969 1109 1028 ut
1123 951 1396 1026 Mahometistae
1410 966 1446 1024 et
1462 954 1555 1023 aliae
1605 949 1783 1042 Ecclesia,
1811 956 1976 1026 traditam
1999 957 2103 1028 certis
2123 957 2334 1032 testimoniis
2354 982 2419 1054 per
2434 953 2599 1055 Prophe-

559 1065 770 1140 invocantes
782 1064 918 1148 Deum,
943 1061 1021 1136 siue
1040 1059 1150 1129 verbo
1167 1057 1299 1128 tradito
1314 1080 1379 1147 per
1394 1050 1561 1154 Prophess
1606 1067 1680 1140 tas,
1704 1051 1888 1130 Christum
1913 1073 1949 1129 et
1970 1053 2173 1153 Apostolos.

527 1149 537 1182 ⁸
564 1165 905 1259 inceramenta,
937 1163 1108 1232 invocant
1132 1160 1227 1254 quod
1253 1159 1427 1228 nesciunt.
1476 1155 1556 1229 Etsi

558 1284 685 1344 autern
702 1271 810 1340 breve
823 1267 1043 1345 dictumest,
1069 1276 1186 1333 tamen
1200 1259 1476 1351 copiosissimam
1490 1260 1556 1330 do-
1707 1255 1806 1329 Haec
1833 1282 1924 1354 quae
1951 1285 2048 1334 nuuc
2076 1263 2206 1351 recito,
2247 1278 2283 1338 et
2305 1287 2397 1360 qnae
2423 1277 2520 1338 certe
2541 1257 2600 1338 hic

567 1373 719 1446 ctrinam
737 1368 915 1452 continet,
940 1379 975 1436 et
989 1364 1192 1436 coecitatem
1217 1363 1327 1433 totius
1348 1361 1477 1432 mundi
1496 1384 1555 1430 ar·
1607 1356 1771 1434 Christus
1786 1361 1896 1446 dicit,
1922 1364 2081 1456 quotidie
2094 1367 2131 1434 in
2148 1366 2374 1440 invocatione
2396 1368 2521 1438 animo
2542 1367 2600 1437 in-

565 1475 653 1566 gnit.
705 1471 865 1544 Maxima
885 1491 968 1560 pars
988 1463 1177 1537 hominnm
1205 1464 1395 1565 religion'es
1416 1463 1456 1532 in
1478 1485 1558 1554 spe-
1607 1465 1738 1535 tuenda
1761 1477 1856 1540 sunt.
1913 1464 2155 1540 Discernenda
2179 1483 2230 1540 est
2252 1483 2312 1542 tua
2341 1470 2525 1542 invocatio
2555 1471 2599 1542 ab

566 1577 659 1647 ciem
682 1576 787 1660 colit,
820 1585 966 1666 propter
986 1567 1298 1652 consuetudinem,
1328 1565 1379 1635 sic
1400 1562 1558 1672 Alexan·
1606 1559 1866 1650 Ethnicorum,
1898 1565 2130 1660 Iudaeorum,
2162 1567 2500 1644 Mahometistarum
2525 1569 2596 1642 cla·

566 1680 652 1762 der,
692 1674 824 1760 lulius,
863 1669 1065 1762 Augustus,
1105 1682 1142 1740 et
1168 1669 1321 1754 similes,
1358 1667 1558 1738 sentiebant
1607 1690 1727 1751 more,
1752 1667 1816 1764 qui
1832 1668 2060 1760 interrogati,
2084 1694 2209 1741 omnes
2230 1672 2479 1758 faterenturse
2494 1672 2598 1744 invo-

444 1841 447 1851 ,
566 1779 730 1850 moribus
743 1775 992 1848 communibus
1011 1772 1329 1862 obtemperandum
1351 1793 1435 1843 esse.
1483 1765 1557 1836 Ta·
1608 1790 1686 1838 care
1701 1771 1850 1839 surdum
1865 1767 1995 1857 Deum,
2021 1795 2060 1841 ae
2071 1771 2234 1844 dubitare
2251 1799 2341 1866 qnae
2357 1797 2414 1844 res
2428 1775 2474 1846 sit
2489 1772 2599 1863 Deus,

566 1882 621 1954 les
637 1903 760 1952 omnes
774 1880 930 1949 fatentur
943 1900 979 1946 se
995 1874 1130 1946 nescire
1148 1874 1235 1966 quid
1250 1874 1418 1951 adorent,
1442 1869 1558 1941 faten-
1609 1883 1645 1941 et
1658 1893 1748 1963 quae
1763 1871 1808 1942 sit
1831 1869 1907 1944 eius
1923 1874 2106 1960 voluntas,
2138 1889 2174 1948 et
2196 1899 2243 1944 an
2265 1877 2386 1948 audiat
2407 1871 2598 1947 homiuum

563 1997 629 2060 ,tur
646 2005 684 2054 se
705 1981 857 2065 nescire,
888 2001 937 2048 an
959 1975 1058 2050 Deus
1077 1979 1193 2061 curet,
1217 1975 1367 2059 iudicet,
1394 1984 1428 2044 et
1452 1993 1559 2040 erau-
1609 1985 1702 2069 vota,
1727 1973 1960 2044 anafliciatur
1973 1976 2103 2047 uostris
2117 1974 2283 2064 miseriis,
2305 1979 2503 2050 faterentur
2517 1979 2600 2050 item

567 2085 645 2155 diat
668 2079 843 2153 homiues.
894 2078 972 2152 Alii
995 2093 1096 2163 sunt,
1120 2091 1161 2148 ut
1179 2075 1299 2157 Plato,
1324 2072 1471 2158 Cicero,
1496 2071 1558 2165 qui
1608 2095 1646 2142 se
1674 2073 1775 2144 nulla
1803 2070 1932 2147 habere
1960 2089 2054 2175 certa
2076 2077 2278 2150 testimonia
2300 2103 2384 2151 suae
2407 2080 2600 2167 doctrinae,

566 2198 760 2257 moventur
777 2183 933 2269 ratione,
957 2194 999 2252 ut
1015 2179 1170 2251 sentiant
1183 2175 1299 2247 Deum
1315 2201 1388 2246 esse
1403 2176 1558 2268 aliqdam
1609 2177 1785 2246 necunde
1800 2189 1862 2246 aut
1877 2181 2057 2270 quomodo
2070 2194 2260 2272 propagata
2274 2182 2338 2262 sit,
2364 2205 2430 2253 nec
2447 2182 2537 2252 scire
2551 2206 2595 2253 an

567 2301 724 2358 mentem
738 2301 936 2365 aeternam,
958 2284 1049 2354 sicut
1063 2281 1166 2352 Plato
1182 2280 1279 2364 dicit,
1305 2303 1445 2350 causam
1461 2276 1561 2373 boni.
1610 2277 1812 2369 promiserit
1831 2277 1929 2349 Deus
1951 2303 1988 2350 se
2008 2283 2257 2354 exauditurum
2290 2307 2384 2370 esse,
2421 2296 2483 2354 aut
2508 2309 2596 2378 quo-

567 2388 640 2460 Sed
660 2403 779 2460 tamen
799 2387 967 2482 quaesit,
1000 2385 1179 2476 quomodo
1205 2382 1290 2452 velit
1313 2380 1492 2463 invocari,
1526 2390 1560 2447 et
1609 2381 1716 2450 modo
1736 2380 1820 2450 velit
1837 2404 1910 2451 esse
1931 2382 2102 2478 placatus.
2157 2381 2253 2474 Ergo
2272 2387 2317 2456 ab
2341 2381 2472 2456 horum
2492 2387 2595 2455 invo-

567 2491 753 2576 exaudire,
778 2491 957 2581 ignorant.
992 2483 1090 2576 Ergo
1105 2509 1184 2555 curn
1203 2484 1358 2554 clamant
1371 2483 1416 2552 ad
1431 2481 1559 2561 Deum,
1610 2481 1747 2552 catione
1762 2495 1795 2552 te
1809 2483 1988 2572 seiungas,
2014 2497 2048 2556 et
2063 2499 2097 2557 te
2110 2486 2156 2555 ad
2181 2499 2291 2557 totam
2314 2483 2508 2560 Ecclesiam
2523 2486 2590 2557 Pa-

566 2617 650 2664 mor
664 2593 875 2684 obstrepunt
888 2592 939 2661 eis
951 2588 1205 2671 dubitationes,
1225 2609 1315 2679 quae
1329 2607 1384 2654 res
1400 2580 1559 2667 sitDeus,
1609 2595 1704 2653 trum
1731 2579 2013 2675 Prophetarum,
2052 2600 2089 2660 et
2111 2586 2368 2680 Apostolorum
2398 2589 2585 2678 adiungito,

567 2718 615 2764 an
630 2695 791 2785 singulos
808 2693 991 2784 respiciat,
1016 2714 1063 2760 an
1079 2702 1113 2760 te
1132 2689 1359 2757 invocantem
1383 2684 1559 2756 exaudiat.
1610 2708 1675 2777 per
1695 2679 1759 2757 hos
1781 2687 1895 2776 cogita
1908 2689 2057 2758 verbum
2081 2703 2176 2759 certo
2200 2691 2399 2762 testimonio
2421 2691 2587 2762 traditum

567 2793 706 2867 Similis
720 2808 773 2867 est
787 2795 936 2866 coecitas
951 2794 990 2862 in
999 2785 1276 2879 Mahometistis,
1302 2789 1375 2858 imo
1392 2801 1426 2857 et
1438 2785 1558 2855 omni·
1610 2807 1694 2871 esse,
1719 2800 1754 2858 et
1767 2781 1864 2857 hunc
1877 2812 1950 2860 esse
1957 2789 2086 2872 Deum,
2112 2791 2225 2884 quise
2240 2794 2401 2881 patefecit
2414 2817 2474 2884 par
2488 2815 2590 2862 suum

565 2898 635 2968 hus
651 2897 784 2988 ignaris
798 2893 995 2986 Evangelii.
1048 2891 1098 2966 Ut
1118 2893 1156 2961 in
1171 2888 1276 2962 Creta
1297 2890 1414 2960 insula
1430 2888 1561 2958 dicitur
1609 2889 1776 2975 verbum,
1801 2893 2183 2980 agnoscasetfatearis.
2233 2892 2305 2964 llic
2319 2894 2415 2966 Deus
2433 2918 2499 2966 nec
2514 2917 2593 2962 mu·

563 3000 675 3089 fuisse
691 2997 787 3070 lovis
803 3011 916 3070 statua
932 2998 1009 3066 sine
1030 2996 1194 3066 auribus:
1229 2995 1278 3063 ita
1301 3015 1425 3062 omnes
1439 3003 1560 3082 gentes
1611 3006 1667 3063 tus
1683 3003 1756 3073 est,
1780 3015 1846 3061 nec
1862 2997 2008 3075 surdus,
2032 2995 2172 3065 locutus
2189 3010 2240 3068 est
2255 2997 2360 3067 initio
2383 3021 2463 3068 cum
2478 2995 2591 3066 Patri·

565 3099 710 3190 ignarae
724 3088 912 3188 Evangelii
937 3099 976 3167 in
1001 3097 1229 3169 invocatione
1243 3096 1428 3178 dubitant,
1452 3115 1559 3186 quam
1610 3094 1678 3163 hus
1693 3105 1727 3162 et
1742 3088 1951 3185 Prophetis,
1975 3089 2136 3166 exhihuit
2151 3109 2186 3167 et
2201 3098 2270 3168 alia
2292 3111 2386 3168 certa
2401 3112 2437 3170 et
2452 3098 2591 3168 eviden-

564 3225 643 3272 rem
672 3203 921 3295 alloquantur,
958 3201 1168 3284 surdamne,
1209 3220 1257 3266 an
1291 3196 1560 3285 intelligentem,
1612 3195 1658 3266 tia
1681 3195 1902 3282 testimonia,
1943 3211 1983 3268 ut
2011 3198 2226 3269 resuscitatis
2244 3199 2414 3279 mortuis,
2449 3213 2484 3270 et
2504 3199 2588 3269 clara
2652 3259 2653 3278 ,

565 3317 770 3389 curantem,
802 3303 1022 3386 audientem,
1055 3324 1138 3370 vere
1158 3299 1333 3368 efficacem
1360 3311 1394 3367 et
1418 3296 1559 3365 salvan·
1610 3296 1813 3365 vocenobis
1829 3299 1995 3368 omnibus
2011 3301 2055 3370 de
2078 3301 2151 3370 lilio
2175 3303 2371 3393 praecepit:
2404 3297 2513 3372 Hunc
2534 3323 2592 3370 au·
2652 3339 2653 3378 t

564 3413 638 3477 teni
653 3399 828 3476 homines.
875 3400 953 3475 Etsi
973 3416 1089 3474 autem
1110 3398 1197 3472 haec
1217 3402 1256 3469 in
1274 3395 1442 3468 humanis
1459 3420 1558 3466 men·
1610 3397 1696 3472 dite.
1747 3397 1885 3470 Deinde
1908 3424 1972 3470 nec
2000 3403 2130 3471 surdus
2151 3417 2221 3489 cst,
2247 3406 2308 3475 sed
2323 3427 2407 3475 vere
2421 3403 2499 3475 vult
2515 3426 2595 3495 pro·
2652 3441 2653 3483 2

564 3508 663 3578 tibus
678 3508 855 3579 dubitatio
872 3530 947 3575 non
960 3506 1110 3576 obscura
1127 3518 1190 3588 est,
1218 3526 1283 3571 nec
1300 3503 1385 3572 latet
1400 3501 1558 3579 morbus,
1611 3513 1690 3591 pter
1718 3500 1833 3570 lilium
1868 3502 2051 3586 exaudire,
2100 3517 2135 3575 et
2164 3506 2321 3598 salvare,
2362 3518 2396 3575 ct
2420 3506 2597 3575 credentes
2652 3546 2653 3589 i

564 3618 687 3681 tamen
703 3623 828 3699 stupor
843 3620 963 3677 tantus
978 3621 1049 3690 est,
1082 3618 1124 3675 ut
1144 3627 1220 3674 non
1234 3604 1445 3692 cogitemus,
1472 3601 1557 3694 quid
1610 3603 1726 3671 sciunt
1741 3624 1777 3671 se
1793 3626 1868 3673 non
1884 3604 1972 3675 falli.
2031 3602 2129 3677 llaec
2152 3608 2274 3679 omnia
2300 3608 2460 3702 quotidie
2481 3607 2522 3677 in
2545 3606 2599 3675 in·
2652 3652 2653 3693 ,

566 3715 602 3782 'et
625 3726 796 3803 quantum
820 3710 867 3779 sit
891 3708 990 3781 mali.
1041 3703 1229 3777 Discamus
1251 3728 1334 3793 ergo
1360 3726 1559 3792 agnoscere,
1610 3703 1796 3774 vocatione
1829 3707 2015 3798 cogitanda
2049 3720 2151 3793 sunt,
2192 3709 2364 3783 intuenda
2397 3708 2599 3783 testimonia
2652 3756 2653 3793 3

565 3812 751 3902 deplorare
767 3825 801 3882 et
815 3813 936 3901 fugere
957 3803 1050 3879 hanc
1073 3820 1224 3900 pestem,
1258 3820 1293 3877 et
1316 3806 1558 3894 confugiamus
1609 3800 1789 3878 Ecclesiae
1805 3809 1934 3879 tradita
1950 3809 2034 3880 inde
2049 3832 2160 3905 usque
2175 3812 2222 3882 ab
2238 3812 2355 3885 initio.

565 3916 612 3985 ad
628 3914 762 3998 lucem,
787 3915 827 3981 in
854 3936 922 4005 qua
947 3934 984 3980 se
1001 3909 1098 3981 Dens
1118 3922 1282 3989 aeternus
1305 3908 1487 3998 patefecit,
1512 3907 1556 3975 ad
2652 3968 2653 3999 ,

564 4016 718 4086 verbum
755 4015 925 4086 traditum
955 4037 1019 4103 per
1047 4006 1263 4109 Prophetas,
1313 4006 1496 4080 Christum
1525 4022 1559 4079 et
1711 4002 1791 4075 Hoc
1820 4004 1937 4097 ipsum
1968 4008 2071 4080 docet
2104 4020 2245 4101 patrum
2281 4006 2455 4103 precatio,
2502 4008 2599 4085 Deus
2652 4060 2653 4099 ,

562 4113 779 4208 ''Apostolos,
817 4130 859 4186 ut
887 4138 969 4185 vere
994 4115 1200 4183 invocemus
1220 4110 1358 4197 Deum,
1398 4110 1559 4205 sequitur
1609 4100 1813 4192 Abraham,
1838 4108 1875 4177 id
1893 4124 1961 4193 cst,
1986 4123 2020 4180 te
2038 4112 2154 4181 Deum
2177 4112 2326 4199 invoco,
2352 4109 2597 4205 quiAbrahae
2652 4166 2653 4177 η

568 4237 663 4308 ergo,
1610 4208 1791 4279 tradidisti
1807 4225 1901 4282 certo
1923 4212 2128 4283 testimonio
2147 4214 2297 4284 verbum
2318 4227 2440 4301 tuum,
2470 4240 2546 4309 quo
2565 4230 2598 4287 et
2652 4268 2653 4307 ,

1610 4324 1756 4383 testatus
1779 4325 1865 4399 este
1881 4315 2128 4384 exauditurum
2151 4338 2245 4398 esse,
2277 4312 2385 4387 huius
2409 4318 2510 4387 verbi
2535 4320 2600 4389 fide
2650 4368 2653 4412 ,

755 4429 841 4509 Nos
867 4428 1072 4505 adoramus
1098 4423 1201 4529 quod
1220 4426 1369 4505 scimus,
1611 4424 1645 4481 te
1667 4413 1813 4494 invoco,
1845 4425 1879 4483 et
1902 4418 2007 4485 credo
2032 4438 2089 4485 me
2110 4417 2246 4502 audiri,
2274 4417 2420 4509 respici,
2451 4442 2519 4488 nec
2543 4422 2598 4490 in-
2650 4470 2653 4513 ,

1610 4538 1698 4583 voco
1721 4527 1761 4583 ut
1777 4516 1926 4601 caeteri,
1952 4518 2155 4607 ignorantes
2179 4522 2327 4593 verbum
2347 4515 2533 4607 Abrahae,
2560 4536 2598 4593 ut
2651 4576 2653 4615 ,

669 4619 711 4688 ld
725 4631 795 4702 est,
820 4641 887 4687 nos
902 4616 1031 4687 scimus
1046 4614 1266 4686 voluntatem
1281 4615 1353 4685 Dei
1375 4639 1449 4684 non
1471 4640 1560 4687 con·
1611 4612 1799 4708 Aegyptii,
1824 4633 1884 4687 aut
1898 4618 1970 4702 alii,
1995 4620 2189 4692 nescientes
2202 4623 2288 4714 quid
2304 4623 2350 4692 sit
2366 4619 2482 4705 Deus,
2507 4648 2600 4716 quo-
2652 4676 2653 4715 ,

569 4718 750 4813 spicisine
772 4720 883 4811 ipsius
904 4718 1143 4802 revelatione,
1180 4718 1271 4786 sicut
1293 4741 1398 4805 snpra
1423 4718 1558 4789 dictum
1611 4720 1719 4787 modo
1738 4718 1821 4787 velit
1838 4723 1979 4807 agnosci
2006 4733 2040 4790 et
2060 4724 2128 4791 coli
2139 4774 2151 4814 ,
2177 4712 2223 4792 ah
2240 4724 2442 4815 promiserit
2458 4724 2597 4819 aliquid
2650 4780 2653 4815 ,

570 4835 640 4895 est:
666 4820 781 4890 Deum
806 4845 912 4890 nemo
930 4821 1022 4889 vidit
1042 4842 1221 4910 unquam,
1246 4820 1306 4887 sed
1323 4818 1417 4888 lilius
1430 4820 1493 4912 qui
1510 4836 1562 4914 est
1611 4820 1656 4887 de
1673 4842 1735 4887 sua
1752 4819 1946 4895 voluntate.
1981 4820 2136 4895 Addidit
2149 4824 2362 4913 igiturDeus
2375 4840 2411 4897 et
2426 4827 2465 4895 in
2479 4830 2597 4919 primo
2652 4878 2653 4921 ,

569 4925 610 4994 ln
625 4925 705 4993 sinu
723 4924 851 5013 patris,
875 4922 950 5013 ipse
966 4921 1144 4990 enarravit
1159 4921 1276 4993 nobis.
1308 4920 1448 4991 Scimus
1464 4922 1559 5009 item,
1611 4933 1795 5009 praecepto
1824 4926 2085 5007 testimonium,
2124 4950 2195 5019 qno
2217 4928 2297 4999 vult
2324 4930 2489 5017 agnosci,
2516 4956 2598 5003 cum
2652 4984 2653 5021 ,

569 5026 671 5096 „0110
683 5048 785 5108 eum,
811 5037 852 5094 ur
867 5045 933 5093 nos
950 5024 1018 5114 ipsi
1043 5023 1216 5109 fingamus
1241 5024 1285 5090 de
1306 5046 1347 5091 eo
1370 5023 1561 5113 opiniones
1611 5021 1676 5090 ait:
1716 5018 1793 5111 Ego
1816 5046 1894 5093 sum
1918 5024 2033 5111 Deus,
2066 5028 2127 5119 qui
2151 5029 2272 5099 eduxit
2291 5042 2325 5098 te
2348 5031 2393 5100 de
2414 5044 2508 5101 terra
2526 5030 2598 5103 Ae-
2652 5092 2653 5111 2

568 5141 694 5199 nostro
709 5124 864 5211 iudicio,
890 5138 952 5195 aut
968 5123 1204 5212 excogitemus
1226 5124 1353 5193 cultus.
1403 5124 1488 5195 Ideo
1504 5150 1562 5196 ac-
1611 5122 1729 5216 gypti,
1777 5125 1827 5195 sic
1855 5149 1993 5218 semper
2013 5127 2156 5221 aliquod
2183 5144 2319 5201 certum
2350 5130 2595 5205 testimonium

572 5228 723 5319 cipimus
745 5227 782 5295 id
805 5229 953 5297 verbum
975 5228 1012 5294 iu
1036 5250 1108 5318 quo
1132 5249 1169 5294 se
1191 5226 1374 5319 patefecit,
1406 5241 1443 5295 et
1465 5222 1561 5297 hunc
1611 5226 1805 5316 proposuit.
1865 5226 1936 5298 Sed
1967 5232 2088 5299 omnia
2114 5232 2312 5303 referantur
2335 5233 2381 5302 ad
2411 5255 2598 5325 summam,
2652 5232 2653 5235 '

571 5327 688 5399 Deum
719 5342 921 5409 aeternum,
966 5329 1181 5419 sapientem,
1221 5328 1375 5411 bonurn,
1416 5328 1559 5411 iustum,
1610 5326 1740 5413 idest,
1779 5332 1822 5398 ad
1854 5330 1986 5415 filiurn,
2028 5330 2124 5401 hunc
2154 5356 2221 5403 nos
2250 5334 2470 5415 intueamur,
2504 5337 2596 5410 sicut

572 5430 745 5514 iudicem,
770 5443 805 5500 et
825 5443 960 5521 patrem
982 5427 1062 5499 lesu
1088 5425 1224 5499 Christi
1245 5429 1471 5513 invocamus,
1496 5432 1559 5522 qui
1609 5428 1716 5497 dixit:
1745 5426 1816 5517 Qui
1833 5432 1928 5502 videt
1943 5454 2020 5517 me,
2044 5434 2141 5505 videt
2155 5448 2192 5505 et
2206 5449 2353 5527 patrem.
2404 5434 2597 5531 Huncigi.

573 5544 610 5602 et
639 5532 830 5622 pollicitus,
847 5546 900 5602 est
933 5530 1039 5601 nobis
1069 5531 1217 5600 salutem
1253 5543 1397 5622 propter
1434 5531 1560 5618 filium,
1608 5541 1669 5600 tur
1680 5526 1795 5599 Deum
1808 5533 1953 5620 invoca,
1982 5534 2045 5627 qui
2063 5559 2120 5627 se,
2145 5549 2179 5607 et
2202 5561 2264 5629 per
2283 5540 2396 5611 fitium
2418 5541 2594 5632 patefecit,

494 5648 499 5654 ·
573 5655 679 5727 quem
703 5631 861 5703 mirabili
881 5646 915 5704 et
938 5632 1170 5702 inenarrabili
1196 5632 1346 5701 consilio
1368 5655 1433 5723 pro
1453 5635 1559 5703 nohis
1609 5642 1642 5701 et
1669 5632 1939 5720 promissionem
1971 5637 2252 5725 misericordiae,
2298 5655 2334 5713 et
2368 5642 2493 5715 salutis
2530 5668 2593 5736 per

571 5733 753 5805 victimam
774 5734 868 5807 fecit.
928 5734 1079 5827 Propter
1101 5729 1199 5803 hunc
1224 5733 1352 5802 scimus
1375 5747 1470 5804 certo
1493 5759 1559 5805 nos
1607 5732 1723 5820 ipsum
1749 5735 1879 5820 edidit,
1910 5751 1945 5811 et
1966 5754 2112 5833 propter
2139 5765 2218 5815 eum
2241 5758 2412 5836 praestat,
2436 5746 2519 5821 ideo
2539 5770 2594 5819 sc·

570 5836 720 5929 respici,
743 5835 925 5925 exaudiri,
946 5852 983 5911 et
1002 5836 1151 5924 salvari,
1175 5834 1305 5911 scimus
1326 5830 1418 5909 hauc
1435 5861 1556 5910 vocem
1605 5831 1739 5929 quitur.
1825 5894 1829 5899 -
