5825 6950
597 706 675 797 aas
1189 692 1318 773 auu.
1350 688 1471 771 unu
1500 686 1714 765 scaura
1745 624 2047 773 nxncanca.
2520 706 2573 781 aa

605 876 704 972 quod
726 875 771 945 ad
796 898 912 949 mores
934 871 1078 957 attinet,
1109 865 1315 965 hypocritae
1344 866 1403 939 isti
1425 863 1589 955 guaviter
1645 890 1823 959 merope,
1850 880 1947 939 metu
1972 881 2007 941 et
2032 868 2113 941 aliis
2142 872 2325 943 affectibus
2345 886 2524 965 occupatos,
2549 896 2575 951 at

608 992 743 1051 norunt
766 977 935 1051 simulare
954 976 1174 1058 comitatem,
1199 971 1425 1058 facilitatem,
1454 967 1594 1067 patien-
1647 992 1727 1041 cum
1736 968 1863 1041 Annae
1880 971 2079 1044 cultoribus
2094 975 2351 1066 promittuntur
2365 976 2575 1069 divitiae,cun

610 1084 695 1154 tiam
712 1129 722 1160 ‚
765 1094 899 1153 norunt
926 1093 1006 1171 apte
1036 1077 1195 1146 alludere
1225 1076 1270 1144 ad
1294 1096 1419 1143 eornm
1440 1069 1598 1151 affectus,
1648 1068 1813 1142 monachi
1828 1073 2043 1164 promittunt
2058 1076 2167 1147 vitam
2181 1090 2356 1148 aeternam
2374 1100 2432 1169 pro
2449 1080 2509 1149 suis
2526 1084 2578 1151 riti·

611 1183 743 1280 quibus
757 1205 839 1253 cum
855 1194 976 1273 agunt.
1029 1176 1148 1250 lluius
1173 1177 1224 1246 rei
1246 1174 1404 1265 exempla
1429 1171 1532 1241 lacile
1548 1183 1599 1240 est
1650 1175 1728 1259 bus,
1742 1198 1821 1244 cum
1841 1178 2057 1266 promittunt
2071 1178 2273 1250 felicitatem
2290 1180 2327 1247 in
2341 1180 2492 1249 omnibus
2505 1206 2579 1271 nego

611 1284 767 1377 reperire
785 1287 881 1377 apud
902 1278 1107 1355 monachos.
1158 1274 1209 1351 Et
1232 1274 1301 1349 hoc
1322 1289 1484 1367 tempore
1500 1276 1600 1343 Ana·
1651 1276 1710 1348 tiis
1728 1300 1795 1375 pro
1811 1278 1981 1349 sacrificio
1994 1277 2139 1355 Missae.
2173 1282 2354 1351 Adversus
2369 1304 2480 1351 ornnes
2494 1278 2582 1355 huius·

610 1387 804 1480 baptistae,
838 1410 919 1457 cum
942 1384 1086 1477 quidem
1113 1381 1224 1451 molta
1249 1383 1414 1461 doceant,
1447 1400 1521 1447 non
1543 1399 1601 1444 so-
1653 1379 1751 1448 modi
1776 1378 1926 1449 insidias
1957 1382 2094 1451 muniri
2123 1394 2288 1473 opportet
2318 1384 2448 1453 animos
2474 1400 2593 1479 certasti

614 1492 689 1561 lum
713 1489 821 1573 falsa,
858 1490 918 1557 sed
949 1486 1054 1558 etiam
1086 1484 1241 1553 absurda
1267 1497 1301 1553 et
1326 1480 1444 1572 palam
1469 1475 1601 1549 ahhor·
1653 1482 1752 1551 firma
1782 1482 1986 1571 cognitione
2025 1484 2125 1554 verbi
2153 1483 2235 1559 Dei.
2309 1483 2408 1556 Sicut
2431 1486 2475 1555 ait
2498 1483 2593 1569 Petra}

613 1590 728 1661 centia
759 1614 779 1657 a
812 1604 885 1661 tota
919 1601 1045 1659 natura
1073 1580 1282 1664 hominum,
1316 1596 1435 1654 tamen
1463 1582 1600 1649 animos
1654 1580 1837 1656 a.Per.·1.:
1863 1581 2583 1677 Benelacitis‚attendentespropheticom-

617 1690 825 1771 hominum,
860 1706 981 1762 tamen
1000 1688 1138 1761 animoa
1163 1684 1348 1757 hominum
1373 1683 1519 1775 capiunt
1542 1681 1603 1750 illa
1657 1685 1774 1769 moni,
1807 1698 1975 1778 tanquam
2006 1688 2171 1759 lrrcernae
2192 1688 2324 1759 lucenti
2348 1688 2384 1757 in
2417 1690 2487 1757 loco
2506 1690 2593 1777 caligi-¹

619 1794 821 1887 prodigiosa
862 1791 1091 1862 simulatione
1120 1789 1313 1887 patientiae
1343 1801 1377 1858 et
1400 1784 1604 1856 modestiae.
1657 1808 1763 1871 noso,
1789 1788 1902 1857 donec
1917 1788 2097 1862 illucescat
2122 1790 2217 1876 dies,
2242 1804 2278 1861 et
2302 1790 2436 1859 oriatur
2449 1790 2549 1860 lucifer
2565 1780 2593 1857 in*

621 1895 739 1967 Habet
770 1895 903 1965 alicubi
945 1914 1027 1963 suas
1066 1892 1260 1963 blanditias
1293 1890 1399 1961 etiam
1433 1888 1605 1969 doctrina,
1656 1890 1823 1960 cordibus
1839 1892 1974 1965 vestris.

619 2022 711 2091 quae
733 2010 769 2067 et
791 1998 866 2094 ipsa
890 1997 1037 2085 figurate
1060 1993 1240 2065 interdurn
1262 1992 1428 2063 adulatur
1462 1989 1606 2081 populo,
1760 1988 1857 2062 Deus
1879 1991 1998 2085 itaque
2021 1995 2195 2083 gubernet
2224 1996 2331 2065 corda
2362 2006 2474 2064 nostra
2492 2008 2585 2083 propter

621 2115 662 2171 ut
677 2122 758 2169 cum
775 2099 904 2188 vulgus
920 2096 1169 2186 intempestive
1189 2095 1326 2166 levatur
1348 2092 1517 2165 oneribus
1535 2104 1607 2161 tra·
1659 2092 1853 2165 Dominum
1876 2108 2036 2165 nostrum
2060 2092 2176 2167 lesum
2202 2093 2386 2166 Christum
2402 2094 2521 2185 Spiritu
2539 2120 2586 2163 san

621 2202 816 2273 ditionum:
845 2222 926 2270 cum
951 2194 1119 2267 homines
1133 2196 1309 2288 ingeniosi
1325 2195 1513 2266 solvuntur
1528 2192 1609 2261 vin·
1661 2209 1735 2278 cto,
1760 2209 1799 2265 nt
1815 2194 2046 2286 Evangelium
2061 2199 2105 2267 de
2121 2195 2219 2268 coelo
2235 2199 2405 2269 traditum
2422 2198 2588 2270 resinam

622 2304 713 2375 culis
736 2304 942 2391 dogmatum
965 2300 1192 2385 coelestium,
1219 2322 1309 2392 quae
1334 2297 1465 2369 rationi
1485 2295 1610 2367 viden·
1662 2310 1696 2367 et
1716 2298 1755 2365 in
1777 2298 1958 2387 agnitione
1978 2312 2013 2369 et
2037 2299 2164 2369 fiducia
2188 2294 2325 2369 Christi
2347 2300 2554 2392 proficiamus,
2570 2314 2587 2365 et

620 2421 681 2478 tur
700 2406 865 2476 absurda.
1663 2412 1703 2471 ut
1727 2398 1875 2489 gloriam
1897 2395 2086 2490 Evangelii
2109 2401 2276 2473 omuibus
2299 2401 2369 2495 piis
2393 2402 2505 2471 officiis
2524 2423 2594 2493 arua1

729 2550 909 2653 Edtoyiuc
926 2556 1126 2648 significant
1136 2552 1282 2625 Graecis
1296 2552 1529 2637 laudationes,
1550 2550 1610 2621 sed
1663 2524 1760 2586 '⁰¹¹⁸'
1787 2515 1820 2572 ει
1836 2502 1959 2571 reddat
1972 2500 2150 2575 &⁰¹⁰5ae
2164 2504 2391 2575 ‘⁰³⁰⁰'diim
2408 2504 2493 2597 Pilm
2506 2515 2532 2571 ‘l
2543 2512 2594 2591 prr-l

577 2681 582 2695 ⁸
627 2658 760 2729 Paulus
778 2657 955 2729 Hebraico
975 2680 1073 2729 more
1087 2650 1258 2754 εὐλογίας
1272 2668 1373 2725 vocat
1391 2655 1607 2725 benedictio·
1663 2615 1821 2697 '’emm'’
1846 2606 1975 2679 ΑΜ·
1989 2698 2033 2773 D
2115 2696 2153 2774 G
2253 2708 2262 2722 .

629 2782 711 2844 nes,
734 2755 888 2843 hocest,
912 2760 1027 2830 bonas
1052 2758 1323 2850 imprecationes
1348 2770 1382 2825 ct
1405 2756 1610 2846 magnificas
2042 2724 2089 2772 ⁶⁰
2162 2711 2307 2779 ΝΜ·

625 2861 889 2952 promissiones.
955 2859 1046 2933 Nam
1067 2855 1133 2931 hae
1156 2860 1311 2931 facilime
1332 2858 1510 2931 infatuant
1531 2857 1611 2929 ani·
2076 2854 2219 2928 Finis.
