5825 6950
551 711 629 801 aaa
1140 695 1416 776 rutnusn
1442 657 1984 778 mntevanmonnca
2523 697 2607 776 ssa

658 875 834 962 Econtrs,
858 873 923 972 qrsi
942 867 1127 947 Christum
1150 871 1272 952 novit,
1296 863 1367 942 hoe
1390 883 1463 953 est,
1487 865 1552 966 qui
1602 871 1682 963 pios
1703 870 1805 962 fungi
1829 895 1894 948 sno
1917 893 2078 946 monere.
2126 867 2229 944 Sicut
2245 867 2459 942 mirabiliter
2473 852 2606 942 servr-

552 983 678 1066 ttttlits
692 1003 777 1054 soct
786 975 996 1069 Evangelii,
1017 975 1086 1046 lide
1099 976 1223 1045 statuit
1240 995 1276 1044 se
1293 985 1440 1065 propter
1454 967 1553 1045 lruoc
1604 975 1657 1046 vit
1671 973 1856 1046 Danielem
1871 973 2048 1046 obiectum
2061 973 2246 1060 leonibus,
2269 987 2304 1044 et
2318 970 2434 1044 David
2454 972 2609 1064 atiquo-

556 1089 673 1166 tlltum
695 1080 970 1178 propiciatorem
993 1077 1104 1168 recipi
1125 1072 1260 1160 aDeo,
1284 1086 1320 1145 et
1332 1076 1463 1148 donari
1481 1074 1554 1146 vita
1604 1077 1671 1149 ties
1690 1075 1842 1168 eripitur
1863 1073 1998 1186 Sauli,¹
2018 1091 2188 1170 tauquam
2212 1099 2253 1146 cx
2275 1075 2449 1148 faucibus.
2499 1070 2613 1142 Haec

557 1205 725 1273 esterna,
748 1185 779 1257 is
802 1184 874 1254 iam
896 1203 980 1251 vere
993 1180 1095 1252 novit
1109 1191 1268 1272 patrem,
1291 1171 1361 1248 hoc
1376 1189 1448 1262 εει,
1473 1199 1556 1248 vers
1605 1179 1763 1269 exempla
1784 1178 1995 1250 confirment
2015 1192 2051 1251 ει
2068 1200 2155 1265 ιιοε,
2179 1201 2225 1246 ne
2242 1179 2484 1250 deterreamur
2500 1187 2611 1246 meto

561 1289 686 1368 statuit
712 1299 915 1379 utrunque,
947 1295 982 1354 et
1003 1279 1119 1354 Deum
1150 1283 1242 1351 iuste
1270 1279 1375 1350 irasci
1398 1291 1557 1375 peccato,
1606 1274 1763 1353 bostium
1778 1303 1797 1350 a
1813 1278 2052 1362 confessione,
2078 1292 2139 1351 aut
2153 1279 2233 1350 aliis
2246 1277 2512 1362 certaminibus,
2538 1299 2612 1348 nec

561 1397 674 1476 adeo,
698 1402 739 1460 ot
753 1389 855 1458 nulla
869 1386 939 1456 alia
954 1380 1091 1464 hostia,
1116 1396 1362 1477 praeterquam
1380 1382 1557 1472 unigeniti
1607 1374 1828 1471 defugiamus
1848 1381 1978 1452 similia
1995 1380 2171 1473 pericula,
2197 1383 2259 1452 sed
2276 1396 2312 1454 ει
2326 1378 2523 1474 ipsiaDeo
2544 1401 2612 1448 ex·

563 1493 629 1570 tilii
644 1503 777 1570 morte,
802 1489 933 1582 placari
948 1486 1123 1580 potuerit,
1148 1499 1184 1556 et
1196 1507 1278 1554 vere
1291 1508 1366 1555 esse
1379 1483 1556 1554 infinitam
1607 1499 1787 1578 pectemus
1814 1484 2075 1570 detentionem,
2106 1497 2146 1558 ut
2166 1478 2332 1556 Christus
2358 1483 2492 1554 docens
2525 1504 2612 1550 non

564 1609 601 1670 et
631 1591 849 1662 ineffabilem
875 1591 1074 1663 bonitatem
1103 1600 1140 1660 ει
1168 1586 1448 1658 misericordiam
1476 1583 1558 1676 Dei,
1609 1581 1863 1679 prehenditur,
1895 1585 1944 1656 ita
1955 1586 2124 1658 -sciamus
2147 1584 2264 1657 Deum
2288 1601 2323 1657 et
2342 1606 2410 1655 nos
2430 1583 2612 1654 defensu-

564 1697 663 1790 qnod
695 1695 806 1784 gratis
834 1705 979 1786 propter
1009 1691 1122 1762 lilium
1150 1689 1305 1759 remittat
1331 1700 1491 1781 peccata,
1523 1699 1559 1760 ει
1609 1713 1689 1760 rum
1720 1710 1793 1758 esse
1820 1688 1989 1762 facientes
2015 1689 2192 1775 osticium,
2231 1689 2345 1760 donec
2371 1683 2613 1786 absolvamus

566 1798 694 1870 reddat
718 1796 828 1866 vitam
846 1807 1046 1876 aeternam,
1070 1789 1206 1862 meritis
1230 1791 1318 1860 iram
1339 1803 1374 1860 et
1395 1802 1559 1865 mortem.
1610 1813 1752 1864 cursum
1779 1805 1922 1862 nostrae
1944 1791 2162 1876 vocationis,
2193 1812 2259 1861 nec
2282 1809 2506 1860 successuros
2529 1810 2612 1858 esse

566 1897 648 1970 lloc
669 1900 812 1968 demum
830 1909 883 1967 est
897 1918 979 1966 vere
996 1893 1136 1964 novisse
1152 1893 1295 1980 Deum,
1319 1906 1412 1963 certa
1429 1889 1559 1966 fiducia
1610 1907 1756 1964 conatus
1783 1893 2087 1978 adversariorum,
2117 1892 2290 1988 quamdiu
2311 1890 2409 1966 Deus
2435 1889 2516 1962 vult
2538 1911 2612 1962 nos
2635 1899 2638 1909 '

566 1993 834 2090 apprehendere
864 1996 1144 2066 mirericordiam
1167 2009 1203 2066 et
1223 1993 1437 2092 bonitatem,
1468 2015 1560 2088 qrrae
1609 1993 1710 2086 iungi
1728 2017 1874 2065 munere
1891 1992 2097 2072 vocationis.

567 2102 672 2192 erigit
693 2125 771 2185 cor,
797 2112 838 2170 ut
855 2100 994 2170 desinat
1009 2098 1131 2188 lugere
1147 2096 1284 2187 Deum,
1308 2119 1374 2166 nec
1388 2094 1560 2167 irascatur

566 2201 666 2284 Deo,
692 2215 726 2272 et
747 2201 863 2270 oderit
887 2225 990 2280 eum,
1016 2198 1108 2270 sient
1130 2221 1270 2268 necesse
1291 2198 1453 2281 estheri,
1478 2221 1560 2268 cum

567 2304 775 2398 perlegens
806 2303 933 2391 incipit
963 2301 1182 2373 innotescere
1214 2299 1326 2371 menti
1350 2302 1560 2391 magnitudo
1713 2295 1845 2371 Tristis
1867 2313 1901 2371 ει
1920 2293 2099 2372 horrenda
2115 2299 2344 2370 comminatio
2359 2311 2411 2369 est
2425 2300 2472 2367 de
2487 2321 2612 2400 poena

568 2403 702 2499 peccati
724 2417 760 2476 et
779 2405 851 2474 irae
867 2402 955 2490 Dei,
979 2405 1046 2474 soh
1069 2427 1138 2496 qna
1155 2402 1410 2494 opprimuntur
1426 2415 1561 2473 mentes
1611 2400 1761 2492 neglecti
1777 2415 1812 2472 et
1825 2403 1992 2474 contemti
2011 2398 2215 2494 Evangelii,
2238 2399 2360 2494 quales
2377 2401 2508 2472 multae
2524 2425 2611 2494 pas·

570 2507 838 2598 desperatione,
864 2522 899 2576 et
918 2505 1082 2578 montio
1099 2519 1248 2577 mortem
1265 2519 1465 2588 aeternam,
1489 2503 1560 2574 nisi
1611 2503 1678 2574 sim
1708 2503 1887 2594 leguntur.
1937 2500 2038 2576 Dixit
2068 2507 2113 2575 de
2136 2527 2200 2576 suo
2223 2501 2412 2590 beneficio,
2439 2499 2608 2575 hortatos

569 2621 782 2681 revocentur
803 2632 889 2678 voce
903 2604 1112 2697 Evangelii,
1135 2631 1227 2701 qnae
1249 2606 1351 2678 iubet
1371 2606 1561 2690 confidere,
1612 2619 1667 2677 est
1682 2608 1867 2698 populum,
1889 2620 1928 2678 ut
1943 2605 2119 2699 accipiant
2135 2600 2228 2678 banc
2242 2605 2383 2694 lucem,
2407 2629 2493 2700 quae
2507 2607 2603 2676 libe-

570 2710 668 2804 quod
691 2725 787 2782 certo
813 2723 961 2804 propter
982 2710 1094 2782 lilium
1112 2707 1209 2781 Dens
1224 2709 1402 2799 ignoscat,
1427 2721 1463 2777 et
1476 2708 1561 2780 velit
1612 2722 1667 2779 rat
1695 2731 1755 2778 eos
1784 2709 1828 2778 ab
1857 2709 2039 2778 erroribus
2062 2721 2096 2780 et
2118 2721 2231 2779 morte
2255 2721 2413 2784 aeterna.
2438 2719 2470 2778 et
2491 2707 2604 2776 allert

572 2814 710 2882 salvare
742 2813 944 2897 credentes,
976 2809 1043 2882 hac
1068 2835 1154 2880 soce
1182 2811 1304 2882 ettesx
1331 2823 1385 2882 est
1406 2807 1563 2902 Spiritus
1613 2824 1818 2902 perpetuam
1842 2811 1950 2880 vitam
1975 2825 2009 2883 et
2025 2811 2248 2895 felicitatem,
2271 2809 2435 2902 allegavit
2448 2822 2484 2879 et
2498 2807 2607 2879 testi·

572 2927 715 2989 sanctus
736 2912 776 2982 in
799 2912 1038 2988 credentibus.
1088 2909 1180 2986 Nam
1205 2905 1561 3005 conceptahaslidu-
1614 2913 1734 2981 monia
1760 2913 1805 2982 de
1821 2912 2004 2983 vocatione
2019 2925 2054 2984 et
2068 2936 2216 2983 munere
2233 2934 2319 2994 suo,
2346 2912 2441 3004 quod
2457 2910 2502 2980 sit
2517 2910 2608 2980 mis-

572 3014 643 3100 cia‚
670 3014 871 3087 liberantur
890 3041 909 3085 a
931 3015 1145 3100 terroribus,
1171 3029 1206 3087 et
1218 3015 1336 3087 oritur
1351 3013 1390 3086 in
1404 3013 1456 3085 eia
1470 3036 1561 3084 nova
1614 3037 1673 3084 sus
1688 3039 1707 3084 a
1724 3027 1842 3106 patre,
1867 3017 1926 3085 sed
1941 3036 2021 3086 cum
2038 3015 2137 3086 videt
2149 3008 2237 3084 haec
2250 3011 2430 3084 contemni
2443 3027 2479 3084 et
2491 3009 2608 3082 rideri

570 3116 651 3201 lux,
675 3112 945 3208 apprehendens
959 3119 1101 3202 Deum,
1125 3131 1288 3212 quaeest
1309 3115 1562 3207 ipsaincoatio
1614 3141 1633 3187 a
1658 3111 1877 3202 Pharisaeis,
1910 3117 2129 3187 tumentibus
2158 3117 2384 3207 persuasione
2412 3113 2609 3207 sapientiae

570 3219 666 3288 vitae
686 3233 858 3290 aeternae.
910 3217 995 3291 ldeo
1021 3220 1068 3289 de
1093 3215 1158 3290 bac
1179 3217 1361 3310 agnitione
1381 3218 1431 3290 ait
1453 3213 1560 3290 Chri·
1614 3231 1649 3289 et
1663 3217 1841 3298 iustitiae,
1872 3219 1971 3288 addit
1986 3218 2261 3307 praedictionem
2277 3219 2321 3286 de
2337 3215 2478 3308 poenis,
2502 3216 2604 3284 vide-

571 3332 645 3390 stus
661 3316 760 3396 loao.
776 3323 854 3394 12:
879 3319 978 3392 llaec
1001 3334 1053 3393 εει
1077 3322 1149 3394 vita
1175 3335 1337 3402 aeterna,
1368 3336 1409 3392 nt
1429 3344 1564 3410 cogno·
1615 3321 1763 3402 delicet,
1790 3320 1874 3415 quia
1889 3335 2117 3392 contemnant
2132 3321 2329 3393 doctrinam
2344 3335 2379 3389 et
2393 3318 2609 3390 beneficium

571 3433 672 3495 scant
693 3435 728 3495 te
752 3447 874 3495 verum
894 3421 1030 3512 Deum,
1053 3436 1089 3497 et
1111 3419 1210 3497 hunc
1233 3447 1339 3518 quem
1353 3423 1490 3518 ‘misisti
1507 3421 1563 3495 le-
1614 3423 1783 3510 coeleste,
1816 3437 1998 3499 secuturas
2024 3447 2099 3496 esse
2119 3423 2270 3493 maiores
2290 3421 2454 3493 tenebras
2474 3433 2508 3492 et
2531 3417 2609 3491 exi·

571 3544 650 3595 tum
664 3547 739 3597 esse
754 3522 951 3599 Christum.
1614 3525 1706 3598 tium
1745 3527 2020 3618 sempiternum,
2059 3526 2109 3599 ait
2145 3548 2182 3596 se
2213 3525 2332 3612 abire,
2373 3524 2456 3618 quia
2486 3522 2612 3593 nolint

1132 3692 1141 3713 ,
1189 3693 1198 3711 ,
1487 3690 1497 3713 ,
1615 3629 1732 3719 ipsum
1758 3627 1884 3703 andire
1914 3642 1948 3699 et
1977 3628 2135 3721 accipere
2163 3628 2317 3699 oblatam
2336 3628 2612 3698 liberationem:

608 3688 714 3765 Hm
735 3692 844 3767 ‘'⁶75‘’
868 3689 1012 3767 'mm
1032 3700 1085 3767 ⁶⁸¹
1106 3715 1159 3767 θ’*
1180 3718 1221 3767 ”⁸
1239 3686 1529 3794 8⁰²⁰Pl⁸fl⁰⁶¹ffl
1615 3726 1675 3802 bic
1696 3730 1831 3823 primus
1853 3732 1982 3820 gradus
2002 3745 2053 3802 est
2068 3753 2279 3823 poenarum,
2305 3730 2464 3799 amittere
2480 3748 2612 3797 vocem

672 3830 788 3924 Supra
813 3832 949 3906 dictum
970 3844 1022 3903 est
1043 3832 1090 3903 de
1106 3831 1249 3903 insidiis
1263 3831 1405 3905 structis
1418 3824 1565 3903 Christo
1614 3825 1811 3921 Evangelii,
1838 3856 1927 3925 quae
1944 3856 2014 3903 una
2025 3846 2076 3903 est
2087 3831 2456 3916 salutarisetvivitica,
2482 3844 2612 3921 postea

572 3928 825 4019 aPharisaeis,
847 3954 938 4027 qrrae
949 3934 1087 4005 tametsi
1099 3949 1202 4006 erant
1215 3934 1421 4018 fmstratae‚
1443 3946 1564 4005 tamen
1615 3932 1803 4007 destitutos
1823 3929 1890 4006 hac
1910 3935 1988 4005 luce
2003 3956 2065 4003 seu
2081 3934 2263 4024 agnitione
2273 3930 2428 4018 Christi,
2450 3933 2501 4003 ait
2521 3927 2613 4001 hae-

570 4057 649 4107 non
674 4036 756 4107 ideo
786 4038 997 4107 desinebant
1023 4036 1205 4117 insidiari,
1242 4035 1449 4128 praesertim
1482 4059 1562 4107 cum
1615 4056 1718 4106 suros
1752 4060 1826 4107 esse
1860 4037 1899 4106 in
1931 4036 2084 4107 tenebris
2108 4050 2142 4107 et
2168 4035 2369 4121 erroribus,
2409 4046 2443 4105 et
2471 4035 2614 4105 frustra

460 4192 464 4203 .
573 4136 643 4209 iam
673 4152 816 4226 angeret
839 4139 1073 4223 offensiones,
1103 4137 1187 4233 qnia
1213 4138 1328 4229 pergit
1349 4140 1496 4222 docere,
1529 4151 1565 4211 ει
1615 4138 1835 4233 quaesituros
1861 4139 2158 4224 consolationem,
2191 4151 2226 4210 et
2254 4138 2400 4209 tandem
2421 4148 2614 4207 secuturas

572 4238 690 4330 palam
707 4234 1115 4311 relutatPharisaeomm
1128 4239 1328 4333 opiniones·
1377 4237 1563 4329 Significa-
1615 4263 1689 4309 esse
1715 4262 1865 4333 poenas,
1898 4265 1987 4333 qtrae
2017 4240 2346 4331 demergantipsos
2377 4238 2614 4309 inexilium.

572 4352 634 4437 tur
655 4341 765 4428 igitur
787 4341 869 4412 illos
891 4343 962 4412 iam
984 4341 1096 4433 magis
1115 4341 1289 4428 irritatos,
1313 4364 1461 4434 prorsus
1475 4365 1561 4412 con·
1615 4337 1716 4413 Nihil
1737 4352 1850 4435 potest
1871 4343 1941 4413 dici
1964 4338 2174 4413 horribilius
2197 4338 2263 4413 hac
2286 4364 2387 4411 voce:
2412 4336 2615 4429 ‚Quaeritis

573 4442 726 4513 stituisse
749 4439 930 4515 Christum
958 4438 1197 4536 prehendere,
1229 4458 1264 4517 et
1293 4444 1338 4515 ad
1371 4439 1466 4513 hanc
1486 4466 1561 4515 rem
1615 4465 1690 4529 me,
1723 4458 1759 4517 et
1785 4445 1824 4514 in
1855 4458 1995 4537 peceato
2016 4459 2131 4516 vestro
2154 4443 2370 4517 moriemini.
2420 4440 2616 4532 Significat

573 4546 756 4616 accessisse
785 4547 1005 4617 occasionem
1037 4570 1080 4617 ex
1102 4545 1351 4616 commoditate
1374 4546 1467 4630 loci,
1497 4546 1562 4619 nbi
1615 4546 1709 4618 enim
1726 4548 1913 4639 praecipue
1927 4541 1995 4618 hoc
2009 4561 2205 4639 peccatum,
2229 4547 2395 4616 videlicet
2409 4545 2616 4635 neglectio-

573 4646 676 4715 sacile
699 4648 817 4738 potuit
839 4643 1031 4741 prehendi,
1055 4670 1135 4717 com
1158 4648 1301 4718 doceret
1323 4650 1369 4719 ad
1383 4642 1562 4743 gazopby-
1614 4670 1695 4717 nem
1712 4644 1898 4739 Evangelii
1922 4663 1955 4720 et
1974 4646 2487 4727 contemtumbeneliciorum,
2510 4668 2614 4739 quae

539 4830 543 4837 Ι
573 4747 722 4829 larium,
748 4752 810 4842 qui
832 4750 951 4836 locus,
976 4764 1017 4821 nt
1035 4748 1161 4820 scribit
1183 4742 1371 4839 losephos,
1396 4764 1472 4821 erat
1487 4774 1560 4820 uon
1613 4750 1716 4823 affert
1737 4749 1830 4821 filius
1845 4751 1936 4837 Dei,
1962 4746 2101 4820 trahere
2121 4773 2239 4820 secum
2263 4748 2463 4819 caecitatem
2486 4764 2522 4819 ει
2544 4772 2613 4818 ex·

573 4846 614 4917 in
645 4849 814 4919 interiore
846 4874 907 4921 seu
937 4851 1126 4922 sacratiore
1148 4851 1303 4942 templo,
1334 4854 1396 4921 aed
1417 4851 1458 4921 in
1483 4851 1561 4945 ipso
1613 4862 1766 4924 tremum
1794 4852 1956 4939 exitium,
1982 4853 2077 4923 ‘sicut
2108 4853 2148 4922 in
2176 4846 2365 4940 Prophetis
2389 4850 2615 4921 tristissimis

1705 2157 1825 2234 Dicit
1844 2161 1962 2260 igilur
1983 2161 2113 2236 iterum
2135 2158 2262 2236 Iesuse
2291 2157 2382 2258 Ego
2403 2157 2514 2236 vado.

435 4970 440 4981 ’
573 4950 753 5039 ingressu,
778 4953 845 5022 suh
867 4953 1079 5041 porticibus,
1102 4976 1144 5021 ac
1162 4951 1292 5023 licebat
1305 4954 1503 5043 promiscue
1516 4954 1563 5025 ab
1612 4950 2494 5047 serbishaepoenaedescribuntur‚Psalm.109.:
2520 4948 2615 5025 Ob-

574 5052 675 5121 omni
706 5052 937 5129 multitudine
964 5054 1069 5124 adiri.
1125 5050 1174 5123 Et
1202 5066 1321 5123 tamen
1348 5056 1478 5127 frustra
1508 5071 1561 5131 est
1612 5058 1906 5129 scurentoroculi
1925 5079 2058 5140 eorum,
2082 5080 2128 5126 ne
2145 5056 2300 5139 videant,
2323 5055 2615 5146 etiundesuper

572 5148 847 5225 Pharisaeorum
878 5168 1045 5240 conatus,
1092 5166 1130 5227 et
1154 5154 1358 5226 defenditur
1386 5153 1560 5245 Christus,
1611 5180 1674 5228 eos
1698 5158 1787 5229 iram
1814 5173 1932 5244 tuam,
1965 5160 2026 5232 liat
2049 5161 2176 5229 domus
2198 5180 2321 5227 eorum
2345 5159 2504 5245 deserta,
2537 5160 2614 5227 de-

574 5255 650 5329 sine
672 5258 747 5327 ullo
768 5252 926 5326 hramano
948 5254 1144 5348 praesidio,
1168 5280 1234 5325 nec
1249 5260 1355 5330 datur
1372 5259 1444 5329 illis
1460 5276 1558 5348 pote·
1610 5259 1753 5332 leantur
1779 5262 1824 5331 de
1850 5262 1945 5332 libro
1974 5261 2193 5341 viventium,
2227 5275 2261 5331 ει
2289 5282 2369 5328 cum
2396 5254 2499 5329 iustis
2524 5282 2613 5331 non

573 5370 645 5427 stas
665 5360 837 5442 nocendi,
863 5384 944 5429 cum
960 5359 1098 5440 volunt,
1121 5370 1157 5429 et
1169 5359 1316 5430 additur
1330 5361 1436 5431 ratio:
1464 5361 1559 5450 Quia
1610 5362 1821 5435 scribantur,
1872 5361 1919 5435 Et
1935 5363 2146 5455 experientia
2161 5375 2309 5433 testatur
2321 5360 2488 5431 omnibns
2502 5376 2612 5432 aeta-

572 5460 736 5529 nondom
765 5461 862 5530 venit
887 5454 978 5529 hora
997 5460 1090 5542 eius,
1119 5484 1208 5551 quae
1229 5462 1351 5552 docet,
1384 5463 1559 5535 divinitus
1610 5464 1705 5535 tibus
1718 5464 1843 5535 iisdem
1859 5463 1975 5537 modis
1990 5466 2155 5555 punitum
2167 5459 2612 5535 essecontemtumEvan-

571 5559 716 5629 defendi
737 5560 815 5650 pios
840 5561 1006 5630 facientes
1027 5583 1131 5630 suum
1151 5560 1324 5645 officium,
1353 5578 1388 5635 et
1402 5588 1475 5635 esse
1489 5566 1559 5634 mi·
1608 5566 1693 5655 gelii
1714 5580 1867 5637 extrema
1890 5566 2051 5639 vastitate
2071 5583 2105 5641 et
2128 5567 2253 5649 exitio,
2276 5565 2367 5635 sicut
2384 5561 2607 5639 ludaeorum

570 5664 700 5732 randaa
729 5662 975 5747 liberationes,
1007 5662 1138 5755 quibos
1163 5662 1265 5734 irrita
1292 5664 1383 5737 boot
1408 5668 1558 5739 consilia
1608 5668 1710 5738 furor
1729 5682 1765 5739 et
1779 5668 1972 5759 pertinacia
1988 5684 2110 5742 contra
2125 5664 2310 5739 Christum
2326 5678 2437 5736 totam
2454 5682 2607 5757 gentem

569 5762 876 5849 adversariorum,
904 5778 940 5833 et
964 5764 1194 5856 quantumvis
1217 5780 1331 5837 certae
1355 5791 1397 5838 ac
1415 5780 1559 5861 paratae
1607 5769 1807 5841 miserrime
1823 5772 1990 5863 perdidit.
2040 5772 2165 5844 Postea
2185 5768 2342 5839 atiamin
2358 5763 2514 5840 Ecclesia
2531 5793 2606 5841 ne-

568 5865 740 5947 insidiae,
772 5866 990 5939 frustrantur
1012 5880 1086 5939 ιειιι
1113 5865 1199 5954 diu,
1232 5869 1325 5941 dors
1347 5866 1448 5943 Deos
1477 5870 1574 5945 vett,
1606 5871 1735 5965 gtectio
1764 5894 1876 5969 porse
1903 5875 2085 5948 doctrinae
2104 5888 2141 5947 et
2162 5863 2433 5967 eldwleptntim
2448 5873 2603 5967 punitae
