5825 6950
558 694 636 773 sas
1166 672 1295 749 rum
1321 674 1438 753 aaa
1465 670 1677 751 scateat
1706 627 2008 760 sareanen.
2498 697 2562 772 aa

561 872 764 961 tutio,quae
777 875 829 934 est
844 864 965 931 lutura
984 855 1083 952 qnasi
1101 851 1313 925 resurrectio
1332 876 1372 921 ex
1393 850 1557 921 mortuis.
1611 853 1684 923 siae
1707 855 1843 926 deletae
1868 870 1962 929 sunt.
2015 855 2063 929 Et
2079 856 2115 928 in
2135 857 2278 951 Europa
2295 838 2440 950 Papatus
2456 870 2566 938 consti.

564 971 749 1065 Signilicat
771 979 887 1037 autem
911 962 990 1031 ideo
1015 959 1191 1049 reliquam
1225 956 1396 1024 maiorem
1422 966 1559 1046 partem
1611 956 1681 1028 tuit
1705 957 1939 1049 multiplicem
1960 959 2184 1046 idolatriam,
2217 962 2450 1035 invocationes
2469 962 2569 1039 homi-

565 1079 840 1150 reiectamesse,
867 1064 949 1157 quia
967 1062 1036 1132 luit
1054 1059 1222 1129 fascinata
1246 1058 1493 1147 persuasione,
1521 1077 1559 1123 sc
1612 1082 1699 1127 num
1722 1073 1964 1145 mortuorum,
1989 1064 2274 1153 profanationem
2298 1090 2423 1135 coenae
2443 1066 2568 1140 Domini
2616 1087 2617 1128 t

567 1202 641 1249 esse
663 1174 836 1267 populum
859 1165 925 1235 Dei
949 1177 981 1235 et
1008 1162 1219 1241 Ecclesiam,
1268 1172 1411 1250 propter
1435 1180 1560 1247 genus,
1612 1162 1652 1228 in
1674 1158 1806 1247 Missa,
1841 1174 1876 1232 ct
1900 1164 1938 1231 in
1962 1164 2305 1255 circumgestatione.
2354 1167 2455 1253 ltem,
2487 1173 2570 1241 satis·
2616 1145 2617 1222 l

568 1283 704 1371 legem·
737 1269 974 1349 ceffffl⁰ssl³⁸s
1008 1280 1041 1334 01
1066 1263 1250 1333 meritum:
1280 1285 1343 1330 net
1368 1260 1468 1331 allud
1501 1258 1559 1326 ln·
1612 1260 2101 1335 sactionesetMonachatns.
2153 1266 2264 1351 Item,
2301 1272 2440 1339 extinxit
2461 1272 2572 1341 doctri-
2616 1267 2617 1288 ³

569 1383 781 1455 tellererunt
812 1395 885 1442 esse
916 1366 1133 1455 Ecclesiam,
1173 1363 1241 1431 nisi
1278 1358 1369 1431 hanc
1399 1361 1559 1453 politiam
1613 1386 1697 1432 nam
1720 1365 1764 1432 de
1784 1365 1909 1436 officiis
1923 1390 2156 1458 personarum
2171 1368 2393 1454 Divinitatis,
2418 1385 2450 1442 et
2470 1374 2509 1440 de
2527 1374 2573 1443 iu·

572 1484 767 1555 ludaicam.
794 1475 897 1545 Nune
913 1494 997 1540 vero
1015 1464 1065 1551 hi,
1078 1469 1139 1560 qui
1156 1466 1396 1554 recipiuntur,
1412 1466 1562 1543 discent,
1614 1464 1834 1540 stificatione.
1890 1464 1938 1537 Et
1960 1490 2057 1538 nanc
2083 1470 2199 1560 palam
2229 1487 2389 1541 exercent
2412 1471 2573 1545 Pontifices

573 1586 672 1657 alind
696 1604 769 1650 esse
789 1576 969 1668 politiam,
996 1570 1092 1641 aliud
1113 1566 1328 1650 Ecclesiam,
1355 1567 1458 1639 aliud,
1478 1588 1562 1654 pro-
1615 1568 1797 1639 saevitiam
1815 1569 1853 1637 in
1868 1594 1946 1654 eos,
1973 1572 2034 1664 qui
2057 1572 2247 1661 puritatem
2262 1571 2446 1663 Evangelii
2462 1577 2574 1667 ampla-

573 1686 779 1757 missionem
804 1682 979 1747 bonorum
1004 1670 1265 1770 corporalium,
1288 1669 1385 1737 alind
1410 1665 1564 1758 promis·
1616 1682 1773 1740 ctnntur.
1826 1668 1928 1740 Hanc
1944 1673 2181 1744 desertionem
2199 1675 2404 1745 inmaxima
2425 1690 2574 1767 partege.

576 1791 711 1860 sionem
745 1782 878 1872 gratiae
905 1789 939 1845 et
967 1776 1058 1843 vitae
1091 1785 1264 1844 aeternae.
1324 1768 1471 1839 Discent
1497 1766 1565 1837 toti
1617 1774 1713 1840 neris
1735 1766 1885 1842 humani
1909 1775 2081 1864 praedicit
2102 1771 2161 1845 hic
2179 1774 2390 1862 Paulus,⁴et
2409 1790 2516 1847 tamen
2533 1784 2573 1846 in·
2618 1773 2619 1782 ’

575 1887 775 1971 Ecclesiae,
803 1880 982 1951 Gentibus
1008 1889 1041 1946 et
1065 1874 1222 1958 ludaeis,
1273 1869 1566 1954 vetut'mortuts,
1618 1887 1672 1944 ter
1694 1868 1758 1943 has
1783 1874 1906 1945 ruinas
1929 1873 2162 1949 servatlleus
2183 1879 2353 1972 reliquias
2376 1878 2523 1970 aliquas,
2543 1905 2576 1947 ne

578 1992 681 2064 reddi
706 1986 881 2056 iusticiam
899 1994 932 2050 et
959 1980 1066 2047 vitam
1092 1990 1269 2048 aeternam
1296 1988 1440 2065 propter
1466 1970 1566 2041 Mes·
1620 1988 1734 2045 totum
1750 1997 1860 2065 genus
1886 1973 2084 2047 humanum
2101 1981 2231 2051 frustra
2253 1994 2289 2051 er
2312 1994 2450 2053 tamum
2467 1982 2506 2050 ad
2521 1983 2578 2049 015.
2620 2035 2621 2060 ,

579 2096 687 2177 siam,
722 2104 754 2157 et
772 2110 834 2177 per
850 2106 931 2155 eum
952 2105 1026 2150 non
1050 2091 1198 2172 propter
1219 2078 1330 2167 legem
1354 2088 1415 2145 aut
1440 2074 1565 2144 merita
1620 2077 1710 2148 tium
1734 2093 1911 2152 nascatur.
1970 2078 2067 2151 Haec
2089 2082 2373 2169 consideremus,
2414 2090 2446 2151 et
2469 2082 2579 2151 maiore
2620 2083 2621 2086 ’

579 2193 781 2268 hominum·
1503 2211 1506 2218 ¹
1621 2202 1704 2249 cura
1725 2179 2071 2273 circumspiciamus,
2112 2206 2202 2278 quae
2225 2198 2259 2256 et
2281 2184 2347 2255 ubi
2368 2173 2415 2257 sit
2435 2178 2578 2272 Ecclesia,

683 2292 738 2365 De
762 2288 817 2361 bis
838 2284 946 2359 tantis
966 2284 1072 2353 rebus
1093 2278 1152 2352 hic
1174 2280 1405 2353 concionatur
1425 2277 1570 2363 Paulus,
1621 2293 1656 2352 et
1678 2303 1745 2351 nos
1764 2284 1811 2351 ad
1830 2306 1907 2352 eam
1923 2285 2168 2374 adiungamus.

582 2420 720 2491 semper
735 2396 772 2463 in
786 2402 977 2479 conspectu
993 2408 1066 2453 esse
1081 2397 1223 2475 oportet
1247 2378 1338 2453 hanc
1356 2381 1569 2459 doctrinam,

582 2501 682 2589 aliud
707 2520 780 2567 csse
796 2489 988 2563 Ecclesiam
1013 2486 1098 2572 Dei,
1126 2486 1221 2555 aliud
1246 2484 1405 2575 politias‚
1431 2506 1492 2551 seu
1513 2505 1569 2550 re-

586 2628 654 2695 gna
684 2596 833 2677 mundi,
874 2593 947 2661 sive
979 2588 1183 2669 Iudaicum,
1225 2587 1299 2655 sive
1332 2584 1571 2675 pontificium:

587 2706 671 2800 quia
696 2701 791 2771 lilius
812 2694 899 2778 Dei,
928 2691 988 2785 qui
1013 2705 1064 2760 est
1087 2702 1192 2781 caput
1217 2684 1411 2770 Ecclesiae,
1438 2686 1573 2771 colligit

588 2831 664 2879 eam
691 2824 775 2873 voce
799 2792 983 2885 Evangelii
1009 2793 1136 2884 passim
1166 2815 1207 2860 ex
1230 2790 1378 2859 diversis
1402 2786 1574 2875 imperiis,

589 2924 624 2981 ct
647 2900 840 2977 sanctificat
862 2920 937 2967 eam
962 2892 1100 2984 Spiritu
1124 2916 1189 2963 suo
1212 2904 1351 2973 sancto,
1389 2890 1509 2958 incoat
1535 2887 1575 2955 in

591 3011 643 3079 eis
659 3020 838 3079 aeternam
854 2996 1029 3068 iusticiam
1048 3009 1082 3066 et
1099 2998 1207 3065 vitam
1226 2996 1262 3061 in
1281 2994 1397 3062 corde.
1437 2994 1574 3060 interea

591 3115 629 3183 in
647 3107 712 3179 hac
728 3107 799 3177 vita
815 3104 852 3171 in
876 3099 973 3169 civili
994 3097 1249 3167 consuetudine
1271 3094 1357 3165 sinit
1380 3115 1442 3163 sua
1463 3115 1577 3160 ntem·

592 3217 658 3285 bra
686 3210 738 3282 uti
761 3206 898 3295 legibus
927 3200 1184 3291 imperiorum,
1220 3197 1258 3265 in
1282 3196 1411 3290 quibus
1433 3196 1578 3277 vivunt,

595 3310 873 3404 congruentibus
895 3328 975 3374 cum
1002 3302 1165 3381 ratione,
1208 3301 1297 3369 sicut
1322 3298 1407 3367 sinit
1436 3320 1495 3366 eos
1525 3296 1577 3364 uti
1736 3295 1827 3368 Nota
1852 3298 1896 3367 sit
1919 3312 2036 3368 autem
2061 3311 2134 3368 tota
2157 3294 2425 3369 cencioEsaiae
2446 3294 2589 3385 incapite

596 3413 829 3487 dissimilibus
857 3404 979 3500 spatiis
1006 3404 1144 3475 dierum
1169 3416 1205 3474 et
1234 3400 1391 3474 noctium
1417 3415 1482 3471 etc.
1534 3393 1580 3466 Et
1631 3396 1714 3484 59„
1744 3400 1825 3492 quia
1846 3399 2256 3471 continerdntcisstmam
2280 3403 2477 3471 doctrinam
2493 3400 2588 3466 debe.

597 3521 739 3613 quidem
761 3535 843 3582 vera
859 3508 1019 3580 collectio
1037 3501 1279 3575 Ecclesiaesie
1299 3503 1354 3583 lit,
1376 3516 1417 3571 nt
1438 3500 1582 3571 restitu-
1635 3501 1767 3571 neliciis
1786 3497 1920 3572 Christi
1949 3515 1981 3574 et
2003 3506 2047 3570 de
2072 3500 2251 3588 Ecclesia,
2275 3506 2432 3574 ostendit
2456 3503 2534 3596 quid
2557 3499 2589 3566 sit
2626 3453 2627 3523 l

597 3625 648 3695 tio
673 3619 765 3688 vitae
789 3624 983 3692 cremone,
1017 3608 1137 3691 ῐᾶθῦῑ,
1163 3602 1582 3690 Omnessuntsnbpec-
1635 3628 1717 3674 vera
1738 3599 1914 3687 Ecclesia,
1947 3605 2156 3680 etaliirmat
2177 3629 2318 3698 semper
2339 3607 2493 3700 aliquam
2517 3603 2590 3670 luta·

599 3737 676 3796 cato
692 3735 724 3788 et
741 3719 793 3788 rei
812 3717 883 3785 irae
898 3710 983 3795 Dei,
1010 3735 1074 3780 nec
1094 3723 1239 3800 propter
1253 3708 1365 3797 legem
1382 3719 1443 3777 aut
1458 3703 1584 3776 meria
1637 3726 1826 3776 ramesse:
1861 3701 1991 3776 Veniet
2013 3730 2054 3775 ex
2076 3705 2167 3777 Sion
2187 3709 2389 3792 redemtor,
2426 3707 2486 3777 ubi
2511 3727 2590 3770 voea-

599 3823 745 3919 propria
767 3821 857 3888 liunt
875 3811 1044 3884 haeredes
1059 3812 1151 3882 vitae
1175 3824 1356 3894 aeternae,
1392 3809 1453 3878 sed
1475 3805 1584 3896 gratis
1638 3807 1712 3877 buli
1737 3804 1914 3898 emphasis
1934 3821 2017 3878 nota
2039 3808 2104 3890 sit,
2124 3806 2414 3889 'Redemtoresn
2452 3805 2510 3900 qui
2528 3806 2591 3872 (lato

600 3939 746 4022 propter
769 3920 881 3990 fillum
903 3915 983 3984 fide·
1638 3907 1752 4000 pretio
1783 3910 1893 3979 alium
1927 3909 2065 3981 liberat.
2123 3905 2171 3981 Et
2200 3922 2337 3983 avertet
2366 3911 2591 4003 iniquitatesa

702 4024 799 4094 Haec
814 4019 976 4092 doctrina
991 4028 1025 4085 et
1040 4013 1235 4084 consolatio
1259 4013 1296 4081 in
1317 4005 1374 4080 his
1390 4009 1508 4079 verbis
1529 4029 1586 4077 re·
1640 4010 1763 4080 iacob:
1807 4010 1887 4080 ideo
1904 4012 2058 4082 mittitur
2073 4007 2254 4098 Christus,
2298 4027 2340 4086 ut
2362 4035 2482 4084 revera
2504 4008 2594 4078 deleat

604 4130 711 4224 petita
738 4139 808 4208 esl,
841 4122 967 4212 inqua
988 4130 1108 4209 postea
1132 4111 1586 4197 commoratur,·etinline
1640 4125 1778 4205 peccata
1801 4114 1981 4196 omnium,
2006 4114 2069 4205 qui
2091 4116 2241 4187 credunt
2263 4114 2414 4188 gneum·
2462 4105 2595 4190 mogi.

605 4215 704 4301 addit
728 4219 979 4315 epiphonema:
1020 4214 1206 4287 conclusit
1228 4238 1352 4286 omnes
1375 4215 1442 4284 sub
1466 4233 1587 4303 pccca-
1638 4225 1734 4285 tetur
1754 4213 1930 4304 integrum
1953 4215 2181 4299 beneficium,
2206 4216 2364 4288 restituit
2384 4217 2491 4286 vitam
2511 4225 2541 4280 et
2555 4208 2595 4274 iu-

603 4349 699 4419 tum,
724 4343 762 4399 ut
778 4325 938 4397 omnium
953 4319 1179 4398 misereatur,
1206 4317 1305 4410 quasi
1324 4317 1433 4385 dicat:
1460 4312 1589 4402 Arguit
1641 4315 1777 4386 sticiam
1795 4332 1995 4402 aeternam,
2028 4318 2118 4388 sicut
2132 4333 2166 4388 et
2180 4316 2310 4387 Daniel
2327 4317 2496 4410 loquitur.
2541 4308 2595 4378 ue·

605 4447 801 4530 peccatum,
834 4448 909 4496 non
932 4435 971 4494 ut
994 4422 1136 4513 perdat,
1171 4423 1230 4490 sed
1255 4431 1293 4504 ut
1310 4419 1430 4506 agnito
1447 4428 1588 4506 peccato
1632 4419 1727 4489 ,inde
1756 4417 1807 4485 ibi
1836 4413 1960 4488 Esaias
1986 4420 2087 4488 addit
2113 4420 2323 4490 concionem
2356 4421 2401 4488 de
2427 4411 2595 4488 Ecclesiae:

606 4539 789 4608 credamus
804 4523 1044 4622 promissioni,
1063 4537 1096 4592 et
1114 4543 1342 4610 agnoscamus
1356 4521 1483 4603 lilium,
1498 4516 1589 4586 sicut
1643 4518 1722 4588 Hoc
1742 4532 1794 4588 est
1820 4521 1946 4591 foedus
1967 4544 2084 4591 meum
2110 4522 2280 4606 cumeis,
2316 4522 2406 4591 dicit
2435 4515 2597 4588 Dominus

604 4644 643 4710 in
667 4641 865 4708 iuramento
884 4629 1032 4699 dicitur:
1066 4623 1158 4715 Vigo
1181 4648 1265 4712 ego,
1302 4623 1388 4692 dicit
1402 4619 1591 4700 Dominus,
1643 4620 1922 4713 spiritusmeus,
1947 4623 2009 4717 qui
2032 4623 2141 4693 estin
2163 4635 2217 4708 te,
2240 4623 2505 4698 etverlaamea‚
2528 4631 2597 4705 quet

605 4743 692 4812 nolo
716 4749 866 4808 mortem
895 4726 1107 4823 peccatoris,
1148 4729 1209 4797 sed
1232 4740 1273 4796 ut
1301 4735 1528 4795 convertatur
1558 4734 1591 4790 et
1645 4723 1748 4815 posui
1765 4723 1803 4791 in
1820 4739 1978 4806 metuo,
2004 4725 2319 4795 nonrecedentab
2337 4748 2402 4794 ore
2423 4736 2500 4800 tuo,
2523 4710 2595 4784 atah

1645 4849 1707 4893 ore
1730 4824 1875 4895 seminis
1896 4827 1969 4912 tui,
1994 4849 2092 4896 nunc
2113 4841 2147 4900 et
2165 4849 2279 4920 usque
2300 4825 2339 4893 in
2359 4823 2596 4914 sempiternum

1646 4927 1682 4995 ld
1701 4940 1771 5008 ⁰⁸¹,
1803 4921 1951 4997 haecest
1977 4952 2058 4996 vcra
2075 4925 2249 5011 Ecclesia,
2281 4927 2321 4995 in
2338 4950 2408 5017 qua
2427 4932 2524 4995 sonat
2537 4935 2596 4982 vet·

1645 5030 1731 5097 bum
1754 5029 1873 5094 datum
1896 5027 2019 5098 Esaiae
2039 5032 2084 5098 de
2105 5033 2302 5100 redemtore
2333 5028 2480 5098 tollente
2501 5037 2597 5110 pecte·

711 5135 936 5207 vaticinatur
959 5130 1090 5200 Panlus
1115 5131 1158 5196 de
1181 5128 1285 5197 ruina
1307 5122 1484 5194 Ecclesiae
1506 5145 1590 5212 gen·
1646 5142 1735 5212 tum,
1750 5142 1782 5197 et
1797 5129 1837 5196 in
1854 5153 1892 5198 ea
1908 5145 2002 5200 certo
2019 5118 2596 5211 sanctificantureredentesspiritu

609 5247 711 5316 tium.
772 5236 812 5306 ld
839 5247 984 5302 eventus
1008 5231 1173 5300 ostendit.
1232 5227 1359 5298 Statim
1384 5239 1465 5314 post
1485 5225 1593 5294 disci·
1645 5245 1778 5303 sancto.
1831 5229 1956 5298 Talem
1971 5228 2162 5304 Ecclesiam
2175 5256 2312 5322 semper
2326 5249 2523 5299 mansuram
2541 5235 2595 5287 esst

599 5335 712 5440 pulos
727 5337 983 5438 Apostolorum
999 5345 1138 5401 exortae
1161 5342 1243 5400 eunt
1260 5325 1452 5398 horribiles
1467 5343 1592 5413 sectae,
1644 5332 1818 5414 affirmat,
1836 5355 2040 5424 quanquam
2058 5335 2145 5405 alias
2165 5336 2294 5425 magis,
2318 5332 2406 5402 alias
2420 5328 2530 5398 minus
2542 5321 2595 5389 ltc-

608 5462 643 5521 et
670 5467 749 5516 cum
781 5438 950 5530 paulatim
980 5433 1249 5504 dilacerationes
1276 5430 1427 5498 maiores
1456 5427 1592 5514 fierent,
1644 5455 1757 5526 quens
1784 5445 1851 5501 est:
1892 5447 1928 5504 et
1949 5437 2031 5526 qnia
2056 5459 2160 5526 saepe
2187 5438 2248 5507 lux
2278 5433 2459 5504 doctrinae
2485 5425 2521 5497 fit
2545 5421 2596 5488 ob·

608 5546 745 5619 invenit
775 5534 1001 5610 Mahometus
1036 5546 1260 5625 praeparatos
1284 5531 1477 5600 multorum
1512 5531 1590 5599 ani·
1644 5535 1799 5618 scurior,
1832 5535 1928 5605 lilius
1952 5533 2019 5607 Ilei
2046 5539 2199 5607 subinde
2224 5561 2300 5605 eam
2327 5531 2495 5613 restituit,
2526 5524 2596 5592 sicut

608 5677 684 5720 mas
708 5649 750 5716 ad
774 5665 883 5734 genus
912 5638 1092 5706 doctrinae
1124 5633 1312 5723 plausibile
1333 5649 1365 5700 et
1390 5633 1587 5719 politicum,
1641 5633 1746 5705 Luna
1777 5636 1863 5706 alias
1898 5639 2002 5711 aliter
2032 5640 2154 5709 lumen
2185 5663 2204 5708 ς,
2231 5637 2314 5710 5010
2340 5634 2473 5725 ,effipia
2520 5622 2596 5694 Haec

607 5777 678 5845 qno
713 5765 857 5837 prorsus
884 5743 1022 5810 deletur
1052 5735 1298 5825 Evangelium.
1359 5730 1411 5803 lta
1446 5735 1484 5802 in
1515 5747 1587 5804 tota
1641 5736 1831 5828 descriptio
1855 5735 2030 5812 Ecclesiae
2059 5742 2153 5833 apud
2187 5737 2329 5812 Esaiam
2356 5735 2515 5810 oamibus
2545 5743 2596 5790 no·

605 5850 762 5946 Apbrica
784 5858 818 5915 et
842 5845 880 5912 in
906 5865 1029 5932 magna
1054 5854 1151 5932 parte
1167 5837 1272 5908 Asiae
1299 5857 1442 5927 prorsus
1463 5831 1585 5904 Eccle·
1641 5837 1774 5908 tissima
1801 5841 1859 5913 sit.

1725 2429 1839 2506 Addit
1863 2435 1969 2505 etiam
1993 2434 2125 2506 Paulus
2148 2436 2427 2508 vaticininm'de
2450 2436 2582 2505 'eonem
2622 2507 2623 2520 ,

1624 2537 1724 2607 sione
1755 2535 1983 2622 ludaeorum,
2022 2544 2118 2632 qnod
2148 2540 2198 2609 sic
2227 2538 2413 2629 intelligo,
2449 2539 2582 2608 futurum
2622 2553 2623 2560 ’

1625 2660 1718 2722 esse,
1743 2650 1784 2709 ut
1797 2639 1950 2707 subinde
1972 2663 2084 2731 nsque
2105 2642 2149 2709 ad
2174 2642 2280 2709 linem
2295 2641 2423 2709 mundi
2441 2640 2540 2731 aliqui
2555 2662 2583 2705 er

1626 2738 1765 2809 ludaeis
1789 2755 2052 2814 convertantur.
2102 2739 2245 2811 Essaiae
2269 2742 2406 2813 dictum
2423 2742 2598 2811 concinna-⁸
2623 2743 2624 2790 t

1628 2855 1687 2912 tur
1708 2843 1753 2911 de
1776 2845 1932 2913 adventu
1949 2841 2111 2921 Messiae.
2162 2840 2262 2913 Cum'
2279 2868 2322 2913 ex
2347 2844 2483 2932 virgine
2505 2854 2586 2909 natus
2623 2839 2624 2864 ³

1627 2957 1695 3026 est,
1722 2957 1807 3013 tunc
1822 2944 1936 3033 palam
1954 2947 2094 3030 docuit,
2120 2946 2234 3016 edidit
2254 2945 2474 3023 testimonia,
2498 2945 2586 3013 lactas
2624 2981 2625 3044 q

1628 3062 1678 3115 est
1703 3044 1862 3129 victima,
1898 3046 2106 3136 resurrexit,
2132 3048 2229 3118 misit
2243 3046 2420 3137 Spiritum
2442 3058 2584 3123 sanctum,

1630 3161 1664 3216 et
1685 3147 1840 3215 incoavit
1862 3146 2046 3238 Evangelii
2071 3149 2409 3240 praedicationem

872 4975 977 5052 Nolo
993 5001 1055 5048 vos
1072 4975 1246 5071 ignorare
1263 4983 1325 5048 etc.
