5825 6950
338 693 414 768 0⁰0
534 689 636 771 Xlll.
686 691 723 764 2.
756 685 1125 774 COMMENTARU
1149 688 1202 766 lli
1225 687 1380 769 EPlS‘l.
1405 685 1555 772 taum
1577 685 1647 762 AD
1671 685 1941 771 hostanos.
1993 695 2098 780 (bll’.
2122 699 2187 780 ll'.
2293 706 2376 784 att

336 889 430 964 qnae
449 877 536 940 sont
554 863 691 951 cultos,
716 864 783 960 qni
803 861 948 956 proptie
967 862 1133 938 tribuunt
1149 859 1227 958 Deo
1251 864 1329 956 glo-
1382 861 1434 935 sic
1453 883 1491 932 se
1508 861 1611 962 diligi
1628 875 1661 935 et
1680 861 1791 936 iustos
1811 865 1986 960 reputari,
2009 869 2100 946 sicot
2116 873 2370 956 teststnrlleus

335 973 446 1056 narn,
479 984 516 1040 et
534 991 759 1042 exerceamus
779 968 1043 1042 invocationem
1068 967 1107 1036 in
1132 969 1234 1040 omni
1255 969 1327 1040 rita
1380 988 1417 1036 se
1440 965 1588 1056 diligere
1609 979 1643 1036 et
1666 965 1853 1038 iustificare
1875 963 2070 1049 Abraham.
2135 973 2182 1051 Et
2207 987 2303 1074 qnod
2328 986 2366 1056 iu

334 1088 366 1146 et
389 1071 562 1144 omnihus
584 1071 747 1162 negotiis.
815 1069 870 1142 lta
897 1083 1027 1142 crescet
1053 1070 1130 1162 ipsa
1152 1070 1260 1155 tides,
1291 1085 1327 1142 et
1380 1068 1445 1140 illo
1456 1069 1639 1162 proposita
1652 1081 1737 1140 sunt
1754 1069 1956 1159 testimonis
1970 1075 2044 1146 veri
2069 1089 2103 1154 et
2125 1085 2246 1176 magni
2267 1107 2366 1161 nmo..

333 1171 431 1246 Deos
459 1174 561 1245 dabit
587 1173 658 1244 alia
680 1175 776 1247 dona
797 1172 891 1248 sicut
914 1172 1105 1265 promittit.
1178 1170 1325 1262 Quanto
1377 1168 1446 1258 ris,
1473 1172 1510 1241 id
1525 1195 1568 1240 eo
1584 1172 1712 1242 lactum
1728 1183 1798 1255 est,
1824 1185 1864 1244 ut
1880 1175 2032 1249 sciamus
2046 1201 2111 1249 nos
2126 1183 2292 1259 similiter
2307 1189 2364 1259 di-

331 1278 443 1367 msssis
469 1291 569 1369 pater
595 1289 711 1348 restet
741 1275 843 1348 dabit
872 1273 1049 1368 Spiritum
1078 1287 1240 1350 sanetum
1263 1299 1326 1370 pe-
1376 1272 1439 1362 ligi
1458 1287 1493 1346 et
1509 1272 1679 1348 exaudiri.
1730 1272 1786 1345 Ad
1806 1268 2021 1362 huncusum
2044 1289 2364 1365 accommodandus

330 1380 502 1452 tentibus.
536 1376 625 1452 lnde
640 1377 912 1454 etistetttetiam
928 1378 1108 1451 olisbona
1124 1401 1245 1472 opera.
1375 1389 1427 1550 eqt
1451 1371 1633 1550 hicmlpctps
1656 1373 1784 1459 Pauli,
1816 1375 1878 1472 qui
1901 1379 2070 1456 transfert
2090 1387 2135 1458 sd
2157 1409 2222 1459 nos
2247 1415 2362 1464 esem-

1375 1501 1474 1573 pum
1553 1503 1588 1548 ra
1619 1502 1670 1550 ae.

327 1541 418 1621 Non
439 1543 617 1668 scriptam
640 1555 692 1620 ιιι
715 1557 837 1667 qutem
859 1555 1007 1667 propter
1036 1541 1151 1666 illam
1174 1553 1321 1621 tontum
1475 1577 1522 1652 E,
1538 1576 1744 1651 bumfmq
1758 1579 1883 1663 debu„
1907 1585 2006 1677 quod
2018 1573 2122 1684 ,nepe
2137 1593 2287 1668 dicimus
2302 1597 2360 1670 ᾖ).

430 1661 653 1748 'ml’umum
663 1647 887 1756 sumna&
914 1647 1126 1733 “damn‘’
1152 1659 1213 1724 αθ·
1373 1683 1586 1754 sulcandum
1613 1705 1686 1753 esse
1711 1683 1955 1772 conscientiis,
1986 1693 2082 1783 qnod
2109 1699 2360 1784 promissiones

430 1787 589 1880 insignis
602 1791 705 1862 locus
718 1804 790 1876 est,
807 1803 844 1862 et
858 1791 931 1862 duo
947 1785 1118 1862 continet.
1145 1785 1321 1871 Primum,
1372 1786 1445 1858 sint
1463 1785 1691 1862 universales.
1741 1781 1820 1856 Hoc
1836 1809 1916 1858 cum
1937 1787 1986 1860 ita
2000 1791 2066 1878 sit,
2092 1791 2188 1869 Deus
2205 1789 2358 1892 postulat

323 1893 423 1989 qnod
442 1887 530 1962 haec
553 1893 711 1980 iusticia,
736 1896 781 1964 de
803 1917 873 1988 qus
890 1891 1140 1973 concionatur,
1167 1893 1319 1964 revelata
1371 1913 1411 1958 sc
1429 1887 1619 1980 praecipit,
1642 1902 1683 1960 ιιι
1697 1909 1821 1960 omncs
1836 1889 1983 1964 credant
1999 1915 2036 1964 se
2050 1898 2182 1990 pariter
2205 1903 2304 1996 dittgt
2324 1918 2360 1978 ct

322 1999 366 2068 sit
382 1997 432 2066 de
451 1994 569 2080 coelo,
593 2020 668 2066 non
684 1996 730 2067 sit
742 2009 827 2066 nota
843 1994 973 2065 rationi
989 2005 1051 2064 aut
1065 2017 1108 2064 et
1124 1993 1211 2084 lege.
1251 1991 1317 2068 Se·
1373 1992 1485 2063 iustos
1500 1989 1666 2084 reputari.

321 2101 462 2184 cundo,
486 2099 584 2190 qnod
599 2099 798 2192 exemplum
814 2095 1073 2168 iustificationis
1090 2091 1316 2192 Abrabaesd
1473 2093 1656 2166 Postremo
1684 2115 1761 2163 non
1790 2093 1877 2168 satis
1903 2107 1956 2169 est
1981 2097 2100 2174 dicere
2122 2105 2167 2177 de
2197 2107 2266 2180 fide
2295 2129 2357 2184 sets

320 2223 449 2271 omnes
470 2201 655 2292 pertineat.
726 2198 884 2295 Uterque
911 2199 1010 2271 locus
1037 2200 1199 2292 continet
1218 2221 1317 2290 egre·
1368 2197 1496 2268 fiducia
1519 2196 1793 2273 misericordiae.
1854 2195 1927 2270 Sed
1952 2223 2092 2274 necesse
2112 2221 2162 2281 est
2185 2211 2357 2284 mediato-

320 2303 413 2396 giam
431 2303 645 2388 doctrinam.
1143 2337 1150 2355 ι
1368 2325 1442 2369 rem
1465 2299 1662 2392 complecti.
1729 2295 1815 2372 ldeo
1838 2297 1973 2374 Paulus
1996 2305 2154 2396 addidit,
2188 2315 2356 2407 imputari

420 2394 530 2475 Prior
551 2407 647 2476 enirn
670 2405 715 2476 de
734 2404 979 2492 revelatione,
1011 2402 1166 2475 ostendit
1189 2401 1316 2475 discri-
1367 2403 1596 2474 credentibus
1612 2402 1653 2471 in
1680 2423 1784 2489 enm,
1811 2403 1874 2498 qui
1893 2405 2059 2479 excitavit
2080 2409 2195 2484 lesum
2217 2439 2236 2486 a
2259 2442 2356 2490 ntor·

328 2531 404 2578 men
427 2507 590 2580 iustitiae
620 2507 708 2600 legis
738 2532 779 2577 ac
810 2505 1075 2602 imputationis,
1114 2520 1149 2577 et
1170 2507 1314 2579 deducit
1367 2507 1460 2590 tuis,
1495 2505 1557 2598 qui
1580 2503 1732 2576 traditus
1754 2517 1805 2577 cst
1829 2521 1976 2598 propter
1999 2509 2127 2584 delicta
2148 2531 2288 2606 nostra,
2321 2534 2357 2594 et

328 2611 453 2680 nosad
475 2610 622 2682 verbum
645 2626 679 2681 et
699 2610 993 2706 promissionem,
1022 2609 1196 2702 planeque
1218 2609 1312 2680 idem
1366 2606 1592 2679 resuscitatus
1605 2621 1749 2700 propter
1766 2605 1942 2679 iusticiam
1959 2627 2128 2691 nostram.
2154 2613 2356 2696 Hieromus

324 2715 447 2798 docet,
484 2717 581 2805 quod
607 2711 758 2784 loannes
779 2713 819 2782 in
843 2712 907 2784 illo
929 2711 1046 2785 dicto:
1086 2709 1218 2797 lilius,
1251 2714 1314 2806 qui
1365 2703 1476 2782 habes
1494 2723 1754 2801 argumentum,
1775 2712 1872 2804 quod
1890 2709 2158 2806 lidessiqrtibeet
2173 2745 2246 2794 nnn
2262 2727 2357 2798 noti.

323 2829 376 2888 est
388 2815 427 2886 io
442 2814 526 2885 sinu
543 2816 672 2907 patris,
697 2817 773 2906 ipse
792 2815 971 2887 enarravit
997 2814 1123 2901 nobis,
1148 2813 1230 2908 quis
1248 2840 1314 2886 nec
1363 2813 1455 2884 ciam
1471 2813 1568 2904 legis,
1583 2826 1642 2886 aut
1655 2826 1793 2884 tanturn
1805 2807 1986 2900 historias,
2008 2820 2068 2890 sed
2084 2821 2357 2912 significanda.

325 2919 436 3002 tatio,
461 2941 527 2988 nec
543 2917 596 2989 les
611 2918 713 2990 docet
730 2931 791 2990 sut
813 2931 929 2989 certos
943 2917 1079 3003 reddit,
1103 2919 1199 3014 quod
1215 2917 1314 2992 Dens
1364 2915 1468 3000 eiam,
1483 2908 2111 3011 quaeapprehenditimpotrtionem,
2124 2950 2216 3018 quse
2224 2929 2260 3000 lit
2271 2955 2356 3024 pro·

329 3021 480 3092 remittat
521 3035 681 3114 peccata,
719 3021 927 3114 praesertim
969 3019 1139 3112 indignis.
1213 3018 1313 3106 ltem,
1364 3034 1444 3112 pter
1459 3012 1879 3090 mediatoremChtistum
1895 3039 2086 3111 persumet
2104 3046 2321 3118 regnantem,

331 3125 420 3215 quod
451 3124 663 3215 pronunciet
694 3123 833 3215 iustos,
873 3144 1079 3217 quanquam
1106 3146 1180 3194 non
1208 3122 1313 3194 satis·
1467 3119 1601 3192 Panlus
1624 3119 1799 3192 discernit
1820 3135 1971 3192 mortem
1993 3137 2028 3196 et
2050 3134 2356 3225 reattrrectionem,

332 3225 490 3296 iacientes
514 3225 593 3317 legi.
653 3221 718 3296 Est
742 3225 850 3316 igitur
870 3220 957 3294 baec
978 3221 1188 3318 promissio,
1221 3248 1312 3319 quae
1364 3235 1399 3296 et
1414 3247 1497 3294 cum
1515 3225 1552 3296 lit
1576 3223 1710 3292 mentio
1730 3224 2018 3310 resurrectionis,
2043 3227 2264 3322 intelligatur
2279 3235 2353 3310 tte-

332 3343 379 3398 est
398 3323 650 3420 Evangelinm‚
689 3329 733 3398 de
756 3325 965 3398 remissione
990 3340 1239 3417 peccatorum,
1277 3341 1312 3398 et
1364 3350 1474 3416 gnum
1499 3339 1534 3396 et
1554 3323 1789 3398 Pontificatos
1809 3319 1971 3398 Christis
2007 3325 2097 3401 Nam
2128 3333 2209 3406 ideo
2231 3361 2354 3412 snmus

331 3430 559 3521 imputatione
582 3431 762 3524 iusticias,
794 3430 949 3501 revelata
970 3430 1163 3518 divinitus,
1203 3445 1238 3503 et
1261 3443 1313 3503 est
1364 3423 1518 3514 Christi,
1552 3428 1636 3524 qnia
1654 3425 1818 3500 Christus
1838 3441 1960 3501 noster
1981 3433 2226 3531 pontifex-pro
2250 3443 2354 3517 natblr

329 3532 394 3605 slis
414 3535 608 3628 sententia,
646 3558 752 3629 quam
775 3536 959 3606 doctrinae
987 3532 1076 3625 legis
1095 3548 1130 3606 et
1151 3534 1311 3609 rationis.
1364 3532 1565 3626 interpellat
1591 3532 1685 3624 apud
1713 3546 1867 3626 patrem,
1909 3548 1950 3607 ιιι
1976 3552 2115 3633 reputet
2138 3564 2204 3617 nos
2231 3546 2352 3626 iustos,

331 3631 443 3725 Quare
456 3637 646 3727 diligenter
662 3632 730 3707 hoc
745 3637 823 3708 loco
840 3639 1101 3707 observandum
1118 3650 1189 3724 est,
1214 3640 1309 3733 quod
1363 3636 1471 3723 ltent,
1498 3634 1580 3733 quia
1600 3632 1763 3711 Christus
1779 3634 1866 3707 vivit
1884 3650 1917 3707 et
1934 3656 2075 3731 regnat,
2099 3646 2161 3718 dat
2175 3644 2351 3743 Spiritum

328 3738 453 3833 inquit:
478 3736 660 3833 Scriptum
678 3754 748 3826 est,
774 3742 869 3833 quod
887 3738 1102 3831 imputetur,
1132 3740 1232 3835 qnasi
1254 3739 1311 3810 di·
1363 3754 1524 3813 sanctum
1557 3754 1592 3811 et
1620 3738 1801 3824 vivificat,
1843 3736 1972 3811 liberat
1997 3744 2045 3813 ab
2072 3745 2125 3819 ira
2153 3762 2188 3821 et
2210 3766 2352 3830 reterns

327 3856 394 3917 cat:
419 3838 518 3911 Haec
542 3844 705 3913 volontas
730 3846 774 3913 de
795 3842 1030 3935 imputatione
1054 3866 1128 3912 non
1153 3856 1204 3913 est
1226 3858 1310 3915 nota
1363 3857 1500 3933 morte,
1525 3838 1746 3915 resuscitabit
1764 3854 1936 3917 mortuos.
1988 3838 2042 3917 Ac
2062 3847 2148 3923 fides
2171 3868 2350 3950 utrunque

328 3944 471 4031 rationi,
495 3943 587 4018 sicut
611 3944 685 4029 lex,
710 3946 771 4017 secl
794 3960 846 4017 est
867 3944 937 4014 alia
963 3944 1140 4017 sententia
1164 3958 1199 4018 et
1217 3970 1310 4017 nora
1362 3938 1601 4045 apprehendit
1623 3958 1658 4015 et
1683 3942 1836 4037 applicat
1860 3946 1986 4033 nobis,
2012 3948 2175 4027 videlieet
2201 3974 2353 4031 mortem

329 4048 497 4123 revelatio.
1362 4046 1518 4133 Christi,
1542 4062 1576 4119 et
1591 4046 1835 4122 resuscitatum
1859 4048 2110 4140 mediatorem,
2139 4060 2354 4151 pontificem,

422 4149 567 4223 Deinde
597 4165 633 4223 et
657 4150 749 4221 illud
779 4149 1078 4223 considerandum
1109 4165 1179 4237 est,
1212 4152 1308 4247 qnod
1362 4150 1634 4235 vivificatorem,
1672 4164 1822 4221 mortem
1850 4144 1985 4225 Christi
2016 4156 2272 4247 apprehendit,
2313 4177 2354 4238 nt

324 4254 463 4325 deducit
481 4277 546 4323 nos
565 4255 608 4323 ad
630 4257 791 4329 verbum.
843 4251 925 4324 Non
949 4254 1026 4326 vult
1049 4278 1115 4325 nos
1140 4278 1308 4349 quaerere
1363 4268 1481 4325 teneat
1505 4250 1705 4345 victimam,
1744 4274 1852 4346 quant
1877 4266 2009 4329 statuat
2037 4274 2176 4335 certum
2199 4263 2353 4356 pretium

317 4357 404 4428 alias
424 4356 724 4442 illuminationes,
747 4356 808 4427 sed
831 4356 907 4427 vult
928 4378 997 4425 nos
1018 4379 1038 4427 a
1057 4358 1167 4427 verbo
1183 4356 1308 4443 ordiri,
1362 4378 1436 4426 esse
1462 4379 1526 4447 pro
1550 4354 1873 4447 peccatisnostris,
1907 4358 1990 4451 quis
2015 4356 2114 4449 Deus
2141 4366 2255 4439 voluit
2278 4390 2353 4441 esse

313 4462 478 4533 eteeebo
501 4460 677 4531 consolari
700 4458 934 4530 conscientias
956 4472 991 4528 et
1012 4471 1185 4547 statuere,
1210 4460 1308 4554 qnod
1361 4460 1516 4553 aliquam
1544 4456 1726 4527 victimam
1750 4480 1817 4551 pro
1838 4472 1991 4551 peccato.
2065 4460 2112 4537 Et
2135 4468 2279 4562 quietam
2303 4453 2350 4541 ita

312 4558 404 4635 haec
421 4566 467 4633 sit
483 4578 575 4633 certa
591 4577 626 4634 et
640 4576 714 4633 rata
731 4562 896 4631 voluntas
910 4558 998 4643 Dei,
1023 4584 1115 4655 quae
1137 4564 1176 4631 in
1197 4564 1307 4633 verbo
1361 4561 1525 4632 irascitur
1546 4572 1709 4652 peccato,
1731 4572 1772 4630 ut
1798 4559 1897 4630 nulla
1923 4561 2097 4655 placuerit
2118 4564 2251 4649 hostia,
2282 4572 2351 4643 nisi

309 4667 540 4761 proponitur.
597 4665 691 4737 Sunt
715 4665 824 4755 igitur
845 4663 1088 4753 repudiandae
1107 4663 1307 4755 Anabapti-
1360 4685 1456 4732 mors
1475 4660 1550 4734 lilii.
1603 4657 1683 4731 lloc
1707 4660 1823 4752 ipsum
1848 4675 1997 4735 testatur
2020 4678 2054 4738 et
2082 4668 2171 4740 iram
2192 4672 2261 4743 Dei
2288 4674 2351 4745 ad·

310 4771 425 4840 sticae
446 4784 481 4841 et
506 4764 718 4839 Manicheae
746 4766 1043 4857 imaginationes,
1083 4790 1175 4861 quae
1198 4790 1308 4861 qnae·
1361 4790 1481 4835 versus
1507 4778 1687 4855 peccatum
1710 4760 1928 4835 ineffabilem
1949 4788 2047 4856 esse,
2092 4783 2128 4842 et
2154 4773 2351 4847 misericor.

308 4887 398 4943 runt
414 4871 695 4945 illuminationes
711 4870 790 4941 sine
812 4870 923 4939 verbo
938 4865 1027 4956 Dei,
1052 4882 1090 4942 et
1110 4883 1208 4943 estra
1226 4892 1307 4939 rer·
1358 4868 1456 4937 diam
1482 4888 1563 4955 erga
1592 4887 1659 4939 nos
1680 4864 1859 4957 infinitam
1889 4888 1990 4957 esse,
2027 4874 2126 4967 quod
2148 4874 2262 4949 hlium
2285 4902 2351 4973 pro

308 4976 402 5046 httrn
423 4974 505 5047 Det.
1359 4970 1466 5043 uobis
1478 4968 1561 5039 lecit
1576 4967 1767 5040 victimam·

413 5076 596 5162 Secundo,
619 5074 708 5145 illud
725 5074 885 5146 continet
900 5069 1075 5164 egregiam
1091 5073 1307 5144 consolatio·
1356 5135 1361 5150 ,
1460 5070 1524 5141 Est
1545 5084 1665 5141 autern
1689 5092 1765 5141 nou
1789 5069 1906 5143 solnm
1936 5096 2034 5146 mors
2056 5069 2191 5151 Christi
2222 5104 2349 5175 appre-

308 5202 416 5263 nem,
438 5182 535 5274 qnod
554 5174 716 5249 hocloco
735 5178 902 5250 transfert
916 5176 1116 5266 exemplum
1140 5178 1307 5247 iustihca-
1360 5168 1570 5259 hendendo,
1593 5172 1778 5245 sedetiam
1791 5174 1887 5267 qood
1907 5179 2141 5251 resuscitatus
2159 5193 2213 5255 est
2230 5198 2350 5257 noster

309 5283 425 5357 donis
442 5284 486 5351 ad
502 5304 646 5365 omnes,
670 5294 705 5352 et
728 5283 884 5375 primum
907 5272 1209 5349 dooethbrshsm
1232 5300 1314 5349 esse·
1360 5277 1523 5368 pnntilea
1545 5276 1639 5369 apud
1666 5289 1814 5368 patrem.
1875 5272 1969 5349 Vere
1989 5284 2173 5371 exaudiat,
2199 5310 2281 5357 vere
2302 5287 2348 5358 sit

308 5386 468 5458 loernsm
493 5383 615 5476 populi
636 5380 731 5467 llei,
767 5398 810 5455 ut
833 5382 987 5453 sciamus
1010 5395 1165 5454 caneres
1194 5382 1307 5453 iustos
1360 5380 1508 5463 attens,
1556 5400 1640 5447 vere
1670 5377 1844 5467 eieibcet,
1883 5378 1944 5451 det
1971 5380 2145 5474 Spiritum
2176 5402 2348 5471 sanctum,

308 5488 492 5585 reputari,
516 5487 608 5559 sicut
623 5486 697 5575 ipse
712 5484 920 5557 iustihcatur
934 5496 1001 5553 est.
1359 5481 1456 5551 iuvet
1477 5502 1561 5567 nos,
1584 5480 1711 5552 liberet
1728 5492 1877 5553 snortr
1890 5496 2052 5566 reterns.
2077 5488 2349 5562 resuscitaturus

416 5586 559 5663 Deinde
572 5590 662 5661 illud
678 5588 946 5671 crassissimum,
971 5584 1092 5655 videre
1108 5584 1205 5678 qnod
1222 5583 1307 5657 lacit
1358 5583 1406 5659 sit
1431 5598 1612 5665 mortuos,
1637 5594 1674 5653 et
1692 5582 1841 5655 daturus
1863 5606 1996 5656 noram
2017 5602 2052 5657 et
2073 5606 2276 5681 perpetuam
2294 5590 2349 5661 vl·

306 5714 441 5769 nsnnes
456 5714 559 5786 pares
575 5686 764 5778 Abrahae,
786 5690 883 5784 quod
908 5686 1036 5759 attinet
1057 5688 1101 5757 ad
1126 5686 1306 5757 remissio·
1358 5700 1448 5771 tant,
1472 5684 1681 5777 sapientiam
1698 5696 1734 5755 et
1753 5682 1946 5763 iusticiam.
2003 5684 2100 5763 Haec
2119 5692 2239 5761 omnls
2256 5690 2349 5763 Pan.

304 5822 398 5871 nem
416 5810 655 5889 peccatorum,
672 5807 708 5865 et
722 5788 1181 5885 isuputstinnemiusticiae.
1211 5787 1304 5861 Nem
1357 5786 1415 5859 lus
1437 5789 1640 5881 completus
1660 5799 1732 5873 est,
1770 5808 1855 5859 cum
1877 5788 1946 5862 sits
1973 5784 2185 5867 Resormit
2206 5808 2352 5889 propter

305 5904 499 5975 annornm
518 5911 572 5971 ert
589 5894 861 5993 dttstmttitodo.
914 5889 1042 5993 briars
1054 5888 1166 5987 istun
1177 5912 1306 5967 omnes
1332 5965 1337 5976 ,
1358 5889 1538 5987 iusticiam
1556 5902 1728 5965 maram.

363 6002 673 6083 minem
697 5996 788 6074 vn·
801 5999 883 6074 xv·
1792 5986 1844 6065 ω
