5825 6950
554 648 630 727 459
1147 638 1278 717 nnn.
1303 640 1422 720 nur.
1446 641 1657 721 scotera
1686 640 1986 724 axununes.
2064 708 2069 715 .
2279 582 2281 589 s
2516 662 2582 737 seo

558 832 755 896 creaturam
768 812 893 910 gignit.
933 812 1086 907 Quoties
1099 817 1378 908 gratisemeutio
1391 818 1445 906 lit,
1461 811 1548 889 haec
1703 817 1866 892 Alterum
1894 818 2049 895 officium
2072 821 2161 914 legia
2182 839 2236 901 est
2259 830 2447 902 ostendere
2470 856 2584 927 pem.

559 930 633 999 duo
658 922 905 1015 complectitur
928 920 1122 1013 scriptura,
1159 919 1404 991 remissionem
1426 943 1552 1014 pecca·
1602 932 1696 1007 turn,
1723 934 1757 993 et
1771 936 1903 995 terrere
1918 926 2167 999 conscientias.
2219 928 2299 1001 Hoc
2315 954 2396 1003 cum
2413 933 2587 1021 fit,eusda

542 1043 701 1113 torum,
732 1038 767 1097 et
791 1021 1021 1095 donationem
1043 1020 1199 1114 Spiritus
1221 1024 1355 1114 sancti,
1392 1036 1433 1095 ut
1456 1022 1551 1093 inira
1602 1026 1814 1095 naturaliter
1835 1025 2039 1099 irascuntur
2062 1028 2196 1101 iudicio
2217 1028 2304 1119 Dei,
2330 1046 2365 1105 et
2386 1038 2588 1131 concipiunt

560 1152 685 1203 rursus
710 1127 749 1197 iu
780 1137 905 1197 octavo
936 1124 1051 1216 capite
1084 1123 1177 1195 clare
1207 1124 1358 1201 dicetur.
1419 1120 1554 1195 Errant
1603 1128 1727 1197 odium
1739 1126 1818 1199 Dei.
1870 1124 1930 1198 Sic
1947 1130 2341 1223 lexaugetpeccatum,
2366 1139 2523 1211 utinsra
2541 1166 2590 1213 es-
2637 1130 2638 1133 ¹

561 1232 673 1323 igitur
695 1230 759 1324 qui
776 1227 960 1321 disputant
976 1226 1112 1318 aliquos
1128 1226 1165 1296 in
1182 1226 1291 1319 gratia
1316 1250 1391 1299 esse
1412 1226 1553 1298 tametsi
1605 1240 1715 1320 ponet
1745 1226 1889 1301 Paulus.
1946 1229 2059 1322 Negat
2084 1234 2204 1327 itaque
2227 1234 2457 1329 disciplinam
2488 1256 2591 1315 exter-

562 1331 746 1427 Spiritnm,
761 1342 925 1401 sanctum
949 1350 1023 1399 non
1040 1322 1207 1405 habeant.
1604 1353 1687 1400 uam
1710 1354 1783 1402 esse
1799 1331 1997 1418 iusticiam,
2024 1347 2060 1405 et
2081 1337 2183 1407 docet
2208 1338 2320 1430 legem
2336 1353 2378 1412 ut
2400 1342 2592 1434 plurimun

753 1448 757 1455 ·
916 1440 919 1444 ’
1605 1432 1750 1520 efficiat,
1776 1446 1913 1509 tautum
1937 1448 2070 1507 terrere
2095 1439 2348 1528 conscientias,
2372 1448 2592 1521 etoccidere.

1606 1533 1707 1606 Sicut
1730 1536 1774 1605 ad
1801 1532 1995 1607 Corinthos
2020 1538 2161 1613 scribit:
2198 1540 2355 1613 Aculeus
2371 1548 2503 1621 mortis
2524 1572 2593 1637 pec·

1607 1650 1723 1707 catum
1752 1649 1824 1722 est,
1862 1639 2020 1729 potentia
2062 1665 2147 1711 vero
2183 1644 2316 1734 peccati
2362 1646 2433 1725 les.
2506 1646 2591 1721 llius

1607 1739 1830 1833 quaestiones
1846 1740 1930 1811 illae
1946 1742 2113 1818 oriuntur
2130 1742 2168 1813 in
2186 1768 2262 1838 cap.
2280 1761 2391 1823 sexto.

751 1480 969 1561 Comparatio
995 1452 1135 1559 pecorias·
1160 1488 1194 1541 es
1213 1484 1362 1558 gratioe

663 1604 789 1692 Longe
813 1600 958 1672 uberior
983 1613 1036 1670 est
1057 1600 1190 1690 gratia,
1228 1626 1334 1695 quam
1363 1613 1557 1695 peecatum,

565 1709 650 1805 quia
672 1705 783 1797 gratia
807 1703 927 1772 abolet
946 1702 1057 1790 multa
1086 1716 1245 1793 peccata,
1283 1718 1359 1776 tum
1382 1704 1556 1795 originale

566 1826 644 1885 tum
666 1805 837 1889 actualia,
878 1805 1109 1898 quantumvis
1139 1806 1283 1879 atrocia.
1334 1804 1385 1878 Et
1415 1806 1556 1877 tametsi

566 1922 746 2008 peccatum
763 1902 907 1976 haereat
922 1905 961 1975 iu
975 1906 1126 1989 sanctis,
1153 1920 1270 2001 tamen
1291 1909 1403 1980 vincit
1425 1909 1558 1998 gratiae
1904 1971 1915 1993 ,
2053 1974 2063 1996 ,
2317 1978 2335 2031 7

567 2010 798 2103 magnitudo,
825 2032 890 2077 nee
910 2020 1090 2099 peccatum
1114 2024 1255 2100 regnet,
1278 2024 1312 2083 et
1334 2010 1470 2081 occidat
1488 2033 1559 2094 eos,
1841 1970 2101 2084 Digrmw·
2158 1975 2262 2087 Cap.
2290 1973 2367 2065 ll·

566 2137 695 2205 magna
725 2109 920 2181 consolatio
943 2110 981 2179 in
1006 2105 1076 2179 hoc
1107 2111 1186 2181 loco
1218 2114 1329 2204 posita
1352 2127 1415 2183 est.
1468 2110 1557 2185 Nam

561 2240 648 2307 ‘cum
670 2214 817 2286 uberior
840 2213 887 2281 ait
907 2212 1040 2301 gratia,
1066 2238 1172 2306 quam
1200 2229 1400 2304 peccatum,
1425 2214 1556 2283 sentire

567 2318 757 2400 dehemus,
794 2313 894 2383 nulla
917 2326 987 2383 tam
1010 2316 1142 2385 atrocia
1165 2338 1239 2386 esse
1266 2328 1429 2409 peccata,
1468 2337 1559 2409 quae
1641 2378 1649 2393 ,
1701 2376 1750 2393 ..
2304 2381 2314 2399 ,
2376 2384 2386 2403 ,
2473 2385 2484 2403 ,

620 2444 645 2489 n
661 2440 701 2489 w
729 2429 802 2488 m,
818 2439 874 2485 am
902 2415 1017 2485 13me
1063 2417 1170 2486 miae
1459 2408 1464 2418 ·
1611 2374 1649 2449 Se
1673 2371 1767 2446 nshsl
1792 2391 1944 2475 prosunt
1967 2380 2060 2449 bona
2092 2402 2198 2473 opera
2225 2380 2269 2451 ad
2303 2382 2593 2475 testificationem,

568 2445 618 2492 ¹¹⁰
688 2440 728 2553 ‚p
877 2440 901 2507 p
1038 2438 1060 2507 Β
1171 2469 1182 2490 ’
1612 2477 1877 2567 indulgebimus
1897 2480 2008 2570 igitur
2019 2480 2144 2570 genio,
2170 2493 2204 2552 et
2220 2484 2456 2574 peccabimus.
2508 2486 2594 2561 Satis

896 2559 1053 2647 Eff‘ffss
1078 2567 1229 2645 mimi
1613 2582 1680 2651 erit
1696 2582 1839 2651 credere
1858 2578 2124 2691 inChristum3
2160 2580 2212 2655 lta
2239 2586 2384 2655 taudem
2406 2588 2464 2659 fiet
2484 2590 2592 2659 multo

674 2685 800 2759 Gratia
814 2709 892 2755 uon
908 2689 1016 2755 modo
1030 2700 1211 2778 peccatum
1228 2686 1366 2774 abolet,
1379 2688 1441 2759 sed
1456 2686 1562 2760 etiarn
1612 2681 1825 2774 locupletior
1839 2683 1969 2773 gratim
1983 2684 2065 2778 quia
2080 2685 2110 2754 si
2128 2686 2306 2778 pergimus
2323 2710 2473 2779 peecare,
2489 2689 2589 2782 plura

571 2804 733 2865 mortem.
796 2786 966 2862 Sinnius
986 2789 1088 2859 Adae
1109 2789 1240 2861 delicto
1267 2813 1364 2861 mors
1391 2789 1564 2881 regnavit,
1613 2798 1753 2879 peccata
1774 2784 1942 2857 abolebit.
1993 2784 2144 2857 Prorsus
2175 2788 2296 2857 eadem
2319 2790 2541 2863 obiiciuntur
2561 2804 2593 2863 et

570 2894 686 2965 mulso
709 2890 820 2979 magis
840 2892 1041 2979 regnabunt
1062 2891 1101 2961 iu
1127 2891 1199 2962 vita
1222 2913 1420 2984 perunum
1446 2889 1561 2966 lesum
1613 2887 1827 2970 nunciatis,
1854 2887 1915 2981 qui
1937 2887 2134 2959 defendunt
2162 2889 2339 2961 iusticiam
2364 2894 2460 2962 iidei.
2509 2890 2593 2963 Pnt-

573 2990 758 3069 Christum
776 2992 850 3077 illi,
866 2991 930 3083 qui
945 2994 1194 3065 exuberantem
1211 2994 1361 3081 gratiam
1376 3009 1411 3066 et
1428 2996 1563 3064 donum
1614 2990 1740 3058 denter
1769 2988 1865 3059 euim
1897 2988 1989 3059 vidit
2013 2988 2176 3075 Paulus,
2198 2994 2378 3084 quomodo
2413 2990 2592 3066 abhorreat

574 3096 736 3168 iustitiae
755 3093 945 3184 accipiunt.
999 3090 1162 3165 Observa
1178 3096 1217 3164 in
1233 3096 1424 3187 particula,
1447 3095 1563 3167 multo
1615 3085 1701 3160 haec
1722 3090 1883 3162 doctriua
1898 3094 1927 3161 'a
1949 3091 2084 3161 iudicio
2113 3090 2273 3162 rationis.
2324 3092 2490 3184 Quidam
2520 3121 2588 3189 pro·

572 3199 686 3288 magis
699 3193 855 3288 αὔξησιν
875 3194 1026 3285 gratiae,
1054 3198 1151 3291 quod
1173 3211 1315 3288 superet
1334 3198 1467 3290 peccati
1490 3196 1563 3267 vim
1614 3187 1727 3284 phaui
1766 3188 1932 3262 homines
1973 3190 2124 3263 Paulum
2165 3197 2253 3265 adeo
2288 3212 2415 3288 putant
2448 3222 2592 3271 crassum

574 3314 610 3373 21
632 3298 924 3391 mggnitudinem,
1613 3294 1742 3377 fuisse,
1774 3307 1815 3365 ut
1839 3318 1914 3364 uon
1931 3294 2061 3367 viderit
2077 3318 2115 3366 se
2139 3320 2264 3389 parurn
2287 3315 2527 3371 consentanee
2548 3324 2595 3370 rs·

1615 3395 1703 3467 tioni
1727 3395 1863 3481 dicere,
1900 3410 1934 3468 et
1959 3396 2068 3468 miras
2084 3392 2297 3494 hyperbolas
2319 3402 2593 3475 comminiscun-

1614 3512 1692 3583 tur,
1717 3515 1758 3588 ut
1774 3501 1985 3571 medeantur
2005 3500 2082 3570 eins
2095 3500 2270 3585 orationi,
2295 3524 2340 3573 ne
2355 3505 2547 3577 dissentiat
2559 3507 2595 3575 ab

679 3567 836 3641 Curiata
850 3582 903 3640 est
925 3569 1004 3640 lex?
1035 3593 1117 3639 uam
1139 3570 1231 3642 ratio
1251 3567 1407 3642 bumana
1429 3573 1565 3646 iudicat
1614 3596 1773 3670 human„
1800 3600 1947 3674 iudicio,
1997 3598 2063 3672 1112
2092 3625 2176 3674 mo
2200 3617 2234 3674 a
2255 3603 2344 3674 vidit
2366 3629 2403 3675 ,Β
2432 3607 2595 3678 ,new
2643 3577 2644 3670 l

576 3670 943 3762 legetnotarius
960 3657 1341 3764 Pl⁰hlbfli¹¹¹ll⁹ff⁰⁸¹³·
1382 3673 1451 3745 S‘d
1469 3675 1564 3748 9³¹¹·
1614 3702 1747 3774 iudicio
1762 3701 1911 3774 rationis
1933 3703 2090 3789 tradere,
2123 3718 2220 3775 etue
2237 3707 2511 3798 quissuspicari
2526 3731 2595 3802 pos·

576 3776 635 3846 ¹¹¹⁸
667 3775 772 3862 ¹⁰⁰8‘
792 3773 896 3842 ’ΠΜ
911 3773 1135 3865 Pl⁰¹¹¹¹¹¹⁰l³l
1157 3777 1203 3844 de
1223 3774 1317 3864 ¹08⁸
1354 3774 1428 3849 ¹³⁰²
1451 3778 1562 3868 leiim
1612 3816 1682 3889 set,
1695 3797 1759 3874 has
1772 3805 1963 3877 sententias
1978 3805 2010 3874 ei
2026 3798 2235 3900 λεληθότως
2249 3820 2282 3877 et
2298 3831 2424 3900 parum
2439 3812 2595 3882 animad-

577 3875 775 3948 ²b⁰¹¹d⁸V3²
790 3889 981 3965 pistillum·
1028 3873 1131 3946 ΗΜ
1145 3877 1357 3948 ⁸0¹¹¹²¹¹¹l³¹¹¹
1379 3879 1563 3973 ⁸¹3i¹¹³¹¹l⁰
1614 3906 1764 3977 vertenti
1782 3906 1961 3990 excidere,
1986 3908 2096 3998 agitat
2110 3921 2358 3999 argumentum
2375 3912 2548 3996 rationis,
2568 3927 2594 3981 et

578 3990 659 4070 9⁰⁸2
678 3975 871 4046 deelfflffil
893 3975 931 4045 5¹¹
953 3975 990 4051 7·
1011 3977 1135 4070 αΡῙῙΒ·
1185 3976 1234 4048 El
1254 3982 1436 4072 l⁰⁰m⁰d⁰
1460 3982 1562 4051 ΗΜΘ
1613 4007 1749 4100 prolixe
1767 4001 2023 4089 rhetoricatur,
2050 4023 2174 4081 etuon
2199 4023 2335 4082 tantum
2361 4012 2460 4084 illins
2481 4014 2594 4091 seculi,

577 4078 730 4148 absume
746 4076 903 4161 videtur,
928 4101 1026 4148 nune
1045 4079 1164 4149 statim
1179 4079 1317 4170 mitigat
1333 4105 1372 4199 ea
1389 4107 1479 4174 quae
1496 4086 1562 4154 ob-
1612 4111 1672 4179 ,θά
1689 4110 1849 4180 „fungum
1867 4123 2068 4203 temporum
2083 4111 2274 4184 calumum
2289 4119 2492 4207 monde,-

580 4177 643 4250 iici
659 4190 825 4272 possunt,
859 4203 947 4270 quae
970 4192 1109 4265 tamen,
1140 4194 1181 4252 ut
1200 4182 1340 4252 lencilius
1356 4184 1563 4275 intelligan-

578 4295 666 4363 tur,
683 4301 749 4349 uos
763 4293 866 4350 autea
882 4281 1038 4352 breviter
1050 4283 1095 4350 de
1110 4281 1197 4372 legis
1212 4283 1328 4354 ollicio
1343 4285 1512 4361 dicemus.
1772 4323 1775 4330 ·
1943 4291 2059 4360 Rima
2087 4299 2276 4378 occupatio.

679 4380 784 4471 Legis
797 4381 868 4450 duo
880 4394 963 4501 sunt
978 4384 1108 4454 officia:
1129 4381 1294 4503 Primum
1307 4401 1359 4457 est
1374 4381 1562 4461 cohercere
1713 4442 1879 4519 offiano
1925 4447 2113 4522 sihmo
2504 4455 2515 4474 .
2574 4454 2596 4508 .-

576 4483 719 4576 impios.
769 4481 857 4554 Vult
880 4507 977 4556 euim
998 4483 1095 4556 Deus
1115 4486 1258 4576 politica
1283 4489 1421 4558 iusticia
1445 4492 1564 4561 conti·
1883 4503 1891 4522 ⁸
2117 4475 2198 4541 ΡΜ
2213 4474 2287 4521 ¹¹⁰⁰
2302 4466 2487 4526 mmmm*
2503 4469 2581 4528 ¹⁰⁸⁰

576 4584 656 4656 neri
670 4584 801 4669 malos,
825 4608 871 4653 ne
889 4600 1059 4658 noceant:
1095 4589 1141 4657 de
1158 4582 1226 4656 huc
1245 4588 1372 4660 effectu
1395 4590 1482 4681 legis
1507 4592 1562 4663 10.
1613 4547 1838 4640 fic⁸fi⁰¹¹⁰¹⁰s
1865 4573 2051 4687 lilim}
2074 4555 2184 4643 igliur
2207 4577 2358 4646 P‘ccflr‘·
2444 4673 2452 4691 .

578 4686 702 4781 quitur
721 4684 914 4756 Pauluaad
931 4683 1184 4772 Timotheum,
1209 4689 1354 4772 ubisit,
1378 4691 1489 4780 legem
1505 4694 1562 4764 in-
1716 4665 1917 4789 R⁰⁵¹³⁰.¹¹⁸¹⁰
1949 4684 2172 4742 ⁸⁰¹¹1¹l⁰r0¹
2209 4673 2349 4792 ‘limiam
2383 4672 2485 4750 locu.
2552 4667 2598 4746 Es

580 4787 683 4858 iustis
706 4787 856 4878 positam
880 4811 964 4860 esse.
1013 4787 1137 4883 Neque
1160 4813 1244 4860 vero
1266 4785 1353 4862 haec
1373 4793 1561 4888 disciplina
1620 4791 1722 4839 ⁰³¹¹⁸³
1744 4769 1861 4855 finib,
1895 4783 1929 4841 el
1949 4794 1991 4841 01
2016 4796 2118 4843 cauce
2142 4773 2325 4848 efficiente.

582 4901 633 4958 est
656 4887 795 4958 iusticia
814 4912 934 4960 eoram
954 4887 1051 4977 Deo,
1082 4892 1144 4962 aed
1168 4903 1307 4963 nutum
1333 4894 1379 4963 ad
1401 4897 1561 4985 politiam
1714 4882 1770 4957 Ex
1787 4910 1889 4958 causa
1906 4885 2006 4982 ¹finali
2022 4889 2061 4962 fit
2082 4891 2253 4963 inversio.
2307 4889 2385 4961 lmu
2402 4891 2484 4964 ideo
2504 4892 2598 4964 iusti-

581 5011 623 5060 ae
638 4989 863 5078 magistratus
879 4991 1046 5082 pertinet.
1095 4989 1281 5063 liturnues
1299 4993 1394 5083 leges
1411 4997 1563 5071 latseab
1614 4983 1709 5060 ficati
1730 4988 1833 5074 estis,
1867 5003 1906 5059 ut
1928 4990 2019 5062 bene
2042 4992 2252 5085 operemini.
2303 4991 2354 5066 Ut
2376 4994 2408 5064 si
2431 4995 2516 5088 quir
2538 4989 2598 5064 hoe

581 5086 806 5173 hominibus,
829 5092 875 5160 ab
892 5086 948 5160 his
957 5093 1025 5188 oui
1037 5107 1160 5166 teuent
1180 5095 1396 5186 respublicas
1414 5101 1563 5191 scriptae
1615 5090 1722 5160 modo
1736 5104 2013 5180 argumentetur.
2065 5094 2184 5166 Labor
2197 5119 2273 5166 non
2290 5096 2434 5186 prodest
2448 5109 2597 5188 aegroto,

581 5193 687 5265 ‘lim
703 5184 984 5284 aPhitosopbn,
1005 5207 1143 5267 tanturn
1157 5197 1203 5266 de
1217 5191 1284 5268 hac
1298 5213 1439 5270 externa
1456 5203 1563 5273 disci·
1615 5187 1709 5280 Ergo
1731 5189 1836 5262 etiam
1860 5207 2002 5264 curatus
2018 5191 2112 5265 nihil
2129 5219 2242 5286 agorn
2293 5193 2597 5288 Respondenduns

579 5294 678 5385 plina
694 5292 845 5383 intelligi
860 5295 1007 5379 debent,
1029 5319 1119 5390 qnae
1134 5295 1278 5391 quidem
1291 5312 1342 5368 est
1358 5305 1565 5391 necessaria,
1615 5293 1682 5363 erit
1704 5315 1767 5380 per
1788 5291 2027 5366 inversionem
2050 5320 2091 5368 ex
2119 5321 2224 5370 causa
2252 5296 2375 5368 finali:
2418 5294 2499 5371 lmo
2521 5300 2595 5372 idac

581 5395 719 5467 tametsi
735 5417 809 5464 nou
826 5409 878 5464 est
899 5395 1037 5466 iusticia
1058 5420 1175 5470 coram
1198 5395 1285 5470 Deo.
1335 5399 1411 5472 Nec
1430 5402 1565 5476 Paulus
1615 5406 1756 5464 curatus
1773 5416 1827 5476 es,
1860 5408 1897 5464 ut
1915 5397 2081 5492 deinceps
2096 5399 2246 5470 labores.

581 5495 632 5566 aie
647 5495 800 5584 intelligi
812 5495 937 5579 debet,
956 5520 1037 5568 cuns
1052 5500 1121 5586 ait,
1144 5498 1220 5590 lege
1235 5503 1356 5594 augeri
1372 5521 1563 5597 peccatum,
1716 5507 1843 5582 Statim
1856 5513 1998 5584 subiicit
2020 5539 2160 5589 eausam
2177 5517 2405 5603 elicientem,
2429 5517 2495 5590 ubi
2511 5541 2595 5612 quo·

465 5639 471 5651 ,
582 5595 682 5691 guasi
700 5595 793 5669 nolit
806 5592 986 5670 coherceri
1003 5599 1090 5672 foris
1107 5601 1237 5694 impius
1250 5617 1285 5676 et
1298 5607 1478 5694 carnales,
1503 5621 1566 5678 aut
1615 5611 1711 5682 niam
1732 5625 1784 5682 ert
1806 5609 2010 5701 antithesis,
2055 5619 2135 5689 ideo
2150 5621 2224 5688 dno
2243 5621 2399 5690 membra
2415 5635 2501 5693 sunt
2519 5643 2594 5690 seu-

584 5698 712 5770 sentist
741 5697 881 5770 incitari
905 5693 1087 5792 homiues,
1126 5717 1166 5775 ut
1193 5702 1298 5796 plura
1322 5706 1451 5781 delicta
1477 5711 1566 5782 ioris
1617 5713 1756 5787 tentiae.
1808 5709 1887 5803 Ego
1902 5718 2042 5792 duobus
2061 5719 2275 5814 syllogismis
2291 5721 2472 5794 includam
2491 5735 2594 5796 sesan

581 5800 781 5876 admittant.
1615 5813 1719 5889 Pauli
1741 5819 1964 5894 sententiam.

1712 2172 1804 2243 Cum
1820 2174 2079 2244 sententiolam
2095 2174 2207 2268 posita
2223 2177 2268 2245 de
2286 2176 2363 2265 lege
2378 2192 2414 2251 et
2432 2180 2593 2272 operibus
2640 2079 2641 2143 i

1612 2274 1713 2345 valde
1734 2275 1887 2346 absurda
1911 2275 2091 2363 videatur,
2123 2278 2293 2352 reclamat
2316 2274 2478 2354 bumana
2502 2284 2593 2357 ratio.

984 3442 1040 3510 De
1070 3417 1166 3532 lege..
