5825 6950
535 668 615 747 sto
739 786 746 793 ·
1144 658 1980 746 nurnunnscunranxsonrrcn
2107 748 2113 761 ,
2502 676 2583 750 reo

547 850 604 921 rie
616 846 773 940 pollutos
787 839 968 927 exaudiat,
992 840 1036 913 'et
1050 834 1194 936 quidem
1214 851 1312 910 tanta
1334 836 1450 929 hona,
1481 864 1544 915 re·
1587 839 1722 938 inquit:
1764 838 1880 932 Quem
1901 841 2018 913 mittet
2041 855 2141 934 pater
2170 843 2208 913 in
2230 845 2376 917 nomine
2400 866 2500 932 meo,
2542 846 2582 917 id
2650 886 2651 895 ι

547 949 852 1031 conciliationem,
879 942 1052 1033 Spiritum
1068 957 1228 1015 sanctum
1245 955 1280 1012 et
1294 941 1404 1013 vitam
1423 958 1537 1017 aeter·
1588 957 1639 1015 est
1646 995 1658 1030 ,
1684 958 1828 1037 propter
1840 969 1913 1031 me,
1947 960 1981 1017 et
1996 947 2267 1035 agnoscentibus
2282 968 2352 1033 me,
2387 972 2486 1021 nunc
2506 950 2584 1019 cla·
2643 968 2649 1036 g

547 1076 633 1126 nam
650 1050 833 1141 largiatur.
885 1046 1003 1117 Multa
1029 1047 1142 1117 tristia
1167 1043 1419 1136 impedimenta
1441 1062 1537 1135 sunt,
1587 1046 1725 1122 tissime
1757 1047 1844 1117 dicit
1869 1049 1913 1117 de
1936 1048 2128 1134 beneficio,
2160 1073 2223 1119 seu
2246 1073 2394 1121 munere
2420 1050 2584 1143 Spiritus
2645 1041 2651 1101 l

549 1179 639 1252 quae
669 1154 776 1223 iidem
808 1163 871 1221 aut
905 1150 1136 1240 extinguunt,
1168 1159 1231 1217 aut
1260 1147 1536 1238 languelaciunt,
1586 1148 1709 1222 sancti.
1753 1146 1912 1243 *Docebit
1927 1173 2010 1235 vos,
2034 1163 2070 1220 et
2094 1151 2230 1242 rediget
2245 1153 2354 1233 ¹vobis
2379 1154 2419 1223 in
2441 1176 2586 1223 memo-
2645 1158 2651 1237 l

549 1262 641 1330 sicut
655 1269 691 1328 et
705 1246 837 1325 Paulus
853 1254 897 1322 ad
913 1251 1021 1325 Rom.
1036 1249 1072 1321 7.
1090 1250 1155 1320 ait:
1185 1245 1329 1318 Peccata
1345 1273 1410 1341 per
1422 1251 1535 1341 legem
1585 1252 1676 1321 riam
1708 1274 1766 1332 ea,
1805 1274 1897 1345 quae
1927 1253 2008 1339 dixi,
2026 1253 2140 1323 vobis.
2200 1250 2323 1325 ludaei
2348 1270 2537 1346 expectant
2563 1280 2587 1327 a
2643 1219 2650 1326 i

548 1359 700 1432 dhcacia
716 1379 790 1427 esse
806 1356 845 1425 in
861 1354 1032 1425 membris
1047 1351 1197 1432 nostris,
1223 1350 1260 1420 id
1286 1364 1356 1436 est,
1388 1354 1536 1425 terrori-
1586 1352 1717 1425 Messia
1730 1352 1914 1439 victorias,
1939 1353 2106 1447 imperia,
2138 1378 2242 1447 opes,
2274 1358 2480 1448 pecuniam,
2515 1381 2588 1427 vo·
2644 1359 2649 1382 '

550 1466 619 1535 bus
644 1461 730 1549 legis
752 1456 917 1550 impediri
940 1458 1043 1526 fidem
1068 1468 1102 1525 et
1125 1453 1403 1539 invocationem,
1437 1469 1534 1527 etex
1584 1456 1753 1547 luptates:
1788 1448 1984 1526 haecbona
2006 1458 2162 1551 mundus
2186 1458 2374 1549 intelligit,
2407 1473 2443 1531 et
2467 1460 2588 1529 mira·

549 1562 748 1635 diffidentia
763 1559 852 1630 oriri
867 1561 976 1629 multa
992 1571 1132 1649 peccata
1148 1555 1228 1624 alia.
1279 1553 1377 1625 Haec
1397 1554 1535 1628 intelli·
1585 1571 1655 1631 tur.
1707 1553 1757 1631 Αι
1779 1552 1944 1629 Christus
1974 1553 2033 1631 hic
2064 1559 2240 1651 promittit
2269 1561 2374 1651 longe
2397 1562 2485 1633 alias
2512 1585 2586 1647 res,

549 1680 634 1758 gant
649 1666 719 1764 pii,
740 1677 774 1735 et
789 1672 989 1754 repugnent
1002 1659 1239 1739 diffidentiae,
1256 1670 1291 1728 et
1307 1652 1433 1728 harum
1449 1684 1536 1753 pro·
1585 1681 1673 1752 quas
1690 1662 1844 1729 mundus
1868 1684 1939 1729 non
1961 1660 2186 1751 magnifacit,
2220 1685 2339 1735 veram
2364 1665 2589 1747 doctrinam,

548 1769 758 1839 missionum
774 1764 916 1836 cumulo
934 1763 1147 1847 excitentur,
1172 1773 1212 1831 nt
1227 1761 1372 1832 credant
1387 1783 1445 1831 eas
1462 1786 1536 1832 uon
1585 1761 1700 1833 lucem
1726 1761 1765 1831 in
1798 1764 2251 1854 mentibus‘aguoscentem
2285 1766 2586 1837 etsinrocantem

550 1894 625 1941 esse
644 1870 766 1938 inanes
789 1868 979 1936 verborum
1005 1887 1129 1948 sonos,
1163 1862 1224 1932 sed
1244 1884 1365 1931 revera
1388 1885 1455 1933 nos
1476 1887 1535 1933 ex·
1586 1860 1723 1949 Deum,
1748 1866 1910 1937 ardentes
1927 1878 2044 1935 motus
2059 1867 2195 1950 cordis,
2226 1868 2291 1959 qui
2309 1867 2380 1958 legi
2398 1868 2466 1941 Dei
2491 1894 2586 1937 con·

548 1972 667 2043 audiri
682 1971 887 2040 invocantes
903 1981 1048 2060 propter
1064 1959 1266 2048 Christum,
1282 1976 1316 2034 et
1330 1987 1453 2035 revera
1469 1966 1537 2035 im·
1586 1976 1737 2056 gruunt,
1763 1981 1798 2038 et
1812 1966 2084 2053 consolationes.
2137 1965 2234 2039 Haec
2249 1970 2352 2059 impii
2368 1992 2442 2040 non
2465 1972 2586 2061 pluris

548 2087 688 2168 petrare
702 2067 787 2141 haec
808 2062 882 2163 ipsa
903 2072 1017 2152 bona,
1047 2092 1137 2163 quae
1156 2066 1435 2159 promittuntur,
1473 2090 1538 2137 nec
1586 2067 1741 2153 iaciunt,
1766 2092 1873 2161 quarn
1887 2069 2012 2161 siquis
2029 2092 2144 2143 novus
2167 2066 2296 2162 hospes
2320 2072 2470 2143 veniens
2495 2097 2586 2162 pro-

550 2173 767 2267 experientia
784 2171 980 2263 praecurrit
994 2171 1118 2254 iidem,
1145 2169 1205 2238 sed
1229 2168 1406 2262 sequitur:
1431 2167 1538 2242 Prius
1586 2170 1703 2241 mittat
1714 2194 1751 2239 se
1768 2171 1980 2241 traditurum
1990 2172 2189 2245 doctrinam
2201 2175 2465 2263 geometricam.
2493 2173 2586 2245 lden

548 2279 619 2352 sibi
635 2277 713 2347 vult
728 2277 822 2345 credi
841 2271 956 2356 Deos,
983 2287 1016 2343 et
1030 2273 1211 2343 credentes
1230 2270 1393 2355 exaudit,
1419 2283 1454 2342 et
1474 2273 1538 2341 ad·
1586 2294 1692 2364 supro
1707 2270 1825 2365 inquit
1840 2269 2024 2360 Christus,
2052 2298 2088 2344 se
2113 2276 2280 2347 daturum
2296 2274 2473 2368 Spiritum
2498 2301 2588 2345 san-

548 2382 659 2451 iurat.
713 2374 797 2448 ldeo
821 2379 952 2448 dicitur
975 2380 1012 2449 2.
1038 2373 1153 2445 Paral.
1175 2372 1255 2449 20.:
1290 2370 1434 2444 Credite
1448 2370 1537 2457 Deo,
1585 2388 1701 2459 ctum,
1727 2397 1831 2467 quem
1848 2378 2222 2467 mundusnonnorit.
2273 2376 2343 2449 Sed
2366 2402 2432 2449 uos
2455 2379 2496 2449 in
2511 2376 2587 2449 Ec-

549 2496 585 2553 et
600 2480 714 2553 securi
730 2480 846 2564 eritis,
865 2493 899 2549 et
914 2477 1029 2547 Marci
1045 2476 1098 2550 9.:
1124 2473 1241 2549 Credo
1255 2473 1429 2561 Domine,
1456 2475 1536 2569 opi·
1585 2476 1690 2547 clesia
1707 2500 1851 2567 agamus
1866 2474 1943 2548 Deo
1965 2479 2094 2567 gratias
2116 2501 2180 2569 pro
2203 2476 2270 2551 hoc
2294 2492 2394 2551 tanto
2416 2504 2585 2561 munere,

549 2586 665 2657 tulare
677 2605 776 2652 meae
790 2581 1043 2653 incredulitati.
1586 2593 1620 2650 et
1633 2592 1883 2668 agnoscamus,
1909 2604 1999 2673 quae
2014 2581 2084 2649 sint
2109 2582 2251 2671 proprie
2273 2583 2442 2653 beneficia
2458 2582 2578 2673 Spiri-

650 2681 725 2756 Est·
748 2698 783 2755 et
810 2678 879 2753 hoc
909 2682 1097 2770 diligenter
1125 2680 1407 2763 observandum,
1440 2681 1536 2773 quod
1586 2695 1643 2752 tus
1659 2682 1790 2763 sancti,
1819 2695 1949 2776 quanta
1967 2683 2059 2752 bona
2075 2682 2167 2767 sint,
2189 2698 2222 2753 et
2239 2687 2418 2775 quomodo
2433 2686 2583 2769 dentur,

549 2802 646 2859 certo
669 2786 726 2856 illi
747 2787 863 2856 coetui
886 2780 1283 2874 promittiturSpiritus
1302 2795 1465 2867 sanctus,
1497 2782 1536 2850 in
1587 2806 1627 2852 ac
1639 2782 1870 2856 retineantur.
1921 2780 2019 2854 Haec
2041 2798 2094 2857 est
2118 2786 2304 2877 peculiaris
2321 2782 2498 2857 Ecclesiae
2521 2810 2584 2856 sa-

549 2915 622 2985 quo
637 2903 690 2960 est
704 2889 836 2977 agnitio
852 2882 1005 2972 Christi,
1031 2882 1182 2970 horest,
1208 2886 1248 2955 in
1263 2908 1335 2979 quo
1349 2895 1453 2956 sonat
1469 2907 1536 2954 vox
1586 2885 1733 2977 pientia.

547 2988 756 3082 Evangelii,
781 2990 872 3069 sicut
889 3003 1042 3083 etsupra
1059 2987 1195 3082 inquit:
1222 2985 1359 3081 Siquis
1381 2986 1538 3057 servabit
1686 2983 1943 3075 Coniungenda
1964 3000 2048 3058 sunt
2077 3000 2194 3061 eutem
2224 2983 2311 3061 haec
2341 2992 2414 3061 duo
2450 2992 2583 3065 verba:
2650 3066 2651 3089 ,

548 3116 730 3164 sermones
743 3116 859 3173 meos,
892 3093 1043 3161 adeum
1070 3090 1252 3159 veniemus
1270 3103 1354 3181 eto,
1387 3101 1421 3160 et
1443 3088 1538 3158 inl'ra
1587 3086 1754 3175 Docebit,
1795 3102 1829 3158 et
1851 3087 1987 3178 rediget
2010 3090 2049 3159 in
2072 3092 2278 3161 memoriam
2304 3116 2363 3177 ea,
2394 3117 2489 3186 quae
2511 3096 2587 3165 dixi
2650 3102 2651 3171 l

547 3220 625 3287 cap.
643 3190 724 3267 15.:
758 3192 797 3267 Si
817 3193 1016 3263 manseritis
1039 3193 1078 3261 in
1100 3214 1176 3273 me,
1209 3206 1244 3263 et
1266 3192 1374 3262 verba
1398 3213 1476 3260 mea
1499 3190 1538 3259 in
1587 3191 1702 3263 vobis.
1754 3185 1892 3278 Alligat
1919 3192 2013 3259 enim
2044 3214 2110 3261 nos
2137 3195 2181 3262 ad
2202 3191 2439 3285 Evangelium
2471 3200 2585 3267 tradi·
2650 3200 2651 3277 l

545 3298 651 3368 vobis
665 3296 877 3377 manserint,
904 3296 999 3389 quod
1024 3294 1223 3377 volueritis,
1248 3294 1394 3385 petetis,
1420 3307 1455 3364 et
1479 3293 1539 3364 fiet
1587 3307 1663 3365 tum
1683 3317 1703 3364 a
1721 3288 1884 3379 Christo,
1909 3294 2059 3363 affirmat
2073 3318 2147 3364 non
2162 3295 2281 3365 afferri
2299 3322 2318 3366 a
2334 3296 2478 3386 Spiritu
2502 3322 2588 3369 san·
2650 3288 2651 3305 ¹

545 3400 660 3472 vobis.
701 3396 798 3469 Haec
814 3413 866 3470 est
882 3420 1007 3488 magua
1023 3397 1219 3467 consolatio
1235 3396 1427 3488 piis,scire
1441 3408 1538 3466 certo
1587 3412 1643 3467 cto
1674 3416 1786 3490 genus
1811 3395 1994 3466 doctrinae
2014 3396 2169 3467 alienum
2193 3398 2238 3469 ab
2260 3395 2480 3491 Evangelio,
2525 3418 2588 3474 aut

545 3502 818 3594 promissionem
839 3500 994 3592 Spiritus
1027 3501 1138 3585 sancti
1172 3500 1351 3589 alligatam
1384 3521 1459 3568 esse
1492 3497 1537 3566 ad
1587 3523 1668 3569 cum
1684 3497 1876 3588 Evangelio
1893 3521 2067 3590 pugnans.
2119 3498 2229 3595 Saepe
2251 3504 2446 3572 adversarii
2473 3505 2590 3576 citant

545 3600 807 3694 Evangelium,
844 3603 972 3671 donari
995 3600 1168 3690 Spiritum
1192 3614 1351 3682 sanctum
1377 3600 1442 3684 iis,
1475 3600 1539 3692 qui
1588 3597 1655 3672 hoc
1670 3601 1820 3671 dictum:
1853 3599 2003 3670 Docebit
2019 3624 2083 3672 vos
2106 3603 2247 3694 omnia,
2280 3607 2323 3673 ad
2348 3606 2590 3678 stabiliendas

546 3709 698 3777 credunt
721 3701 938 3794 Evangelio,
978 3718 1013 3773 et
1045 3698 1110 3772 hac
1138 3702 1208 3772 lide
1242 3714 1381 3792 petunt.
1437 3699 1539 3786 ltem,
1587 3704 1773 3794 opiniones
1790 3716 1823 3772 et
1839 3702 1949 3787 ritus,
1975 3704 2036 3796 qui
2054 3729 2127 3776 non
2148 3721 2231 3778 sunt
2253 3707 2374 3776 traditi
2395 3709 2441 3778 ab
2459 3707 2591 3778 Evau-

546 3821 644 3880 certo
665 3809 840 3878 efficacem
863 3830 936 3876 esse
957 3804 1131 3896 Spiritum
1153 3817 1313 3875 sanctum
1339 3826 1401 3894 per
1416 3799 1539 3873 Evan—
1586 3805 1700 3896 gello,
1732 3819 1773 3876 ut
1789 3803 1982 3876 Missarum
2006 3807 2154 3892 abusus,
2193 3808 2438 3880 invocationes
2464 3805 2591 3880 homi-

546 3911 697 3999 gelium,
722 3905 1202 3980 sicutdicituradRom.1.:
1236 3901 1538 3995 Evangeliumest
1587 3932 1673 3979 num
1692 3921 1935 3990 mortuorum,
1968 3911 2281 3997 votamouastica,
2315 3926 2349 3982 et
2370 3913 2461 3980 alias
2487 3937 2593 3985 cere-

545 4011 706 4102 potentia
729 4008 796 4081 Dei
828 4013 871 4078 ad
902 4011 1052 4081 salutern
1086 4009 1186 4080 omui
1221 4007 1391 4079 credenti.
1447 4006 1536 4077 ltem
1585 4011 1724 4080 monias
1755 4009 2024 4083 commentitias.
2084 4008 2181 4080 Haec
2208 4012 2397 4107 inquiunt,
2432 4033 2525 4086 suut
2551 4041 2590 4086 er

535 4117 586 4188 2.
615 4117 658 4182 ad
680 4107 845 4185 Corinth.
871 4112 924 4185 S:
961 4108 1197 4199 Evangelium
1220 4122 1273 4182 est
1297 4109 1535 4180 ministerium
1585 4137 1626 4183 eo
1642 4133 1792 4184 numero
1808 4112 1996 4204 dequibus
2011 4113 2158 4184 dicitur:
2186 4111 2342 4205 Spiritus
2355 4130 2503 4188 sanctus
2513 4117 2591 4190 'do-

546 4216 714 4304 spiritus,
734 4213 860 4300 idest,
885 4214 1058 4308 perquod
1082 4214 1187 4283 datur
1201 4211 1359 4305 Spiritus
1381 4225 1534 4284 sanctus.
1585 4215 1677 4286 cebit
1701 4238 1764 4285 vos
1782 4213 1915 4284 omnia·
1967 4213 2027 4286 Sic
2048 4229 2081 4284 et
2106 4211 2272 4287 haeretici
2296 4230 2432 4288 veteres
2455 4221 2591 4294 abute-

544 4314 624 4387 Hae
641 4317 892 4408 promissiones
909 4330 1051 4407 propter
1066 4315 1262 4405 angustiam
1283 4307 1432 4383 humani
1455 4338 1534 4384 cor·
1585 4321 1716 4388 bantur
1746 4312 1814 4386 hoc
1841 4315 1948 4389 dicto.
2008 4316 2078 4387 Sed
2102 4331 2304 4408 opponatur
2328 4321 2507 4412 particula
2534 4347 2592 4395 se·

545 4419 603 4487 dis
619 4432 653 4488 et
666 4418 899 4509 multiplicem
915 4419 1148 4488 diffidentiam
1168 4440 1241 4484 nou
1257 4416 1342 4485 satis
1355 4415 1534 4507 aspiciun-
1584 4442 1712 4514 quens:
1737 4415 1892 4508 Rediget
1905 4417 2007 4489 vobis
2022 4419 2061 4488 in
2079 4419 2287 4490 memoriam
2304 4444 2365 4506 ea,
2393 4446 2488 4515 qnae
2509 4427 2592 4496 diri

545 4533 626 4605 tur,
646 4522 705 4592 sed
723 4520 931 4590 cumeasin
953 4519 1178 4590 invocatione
1201 4518 1405 4605 iutuemur,
1429 4542 1534 4609 expe·
1586 4520 1698 4598 vobis.
1754 4516 1851 4590 Haec
1881 4521 1983 4590 docet
2013 4535 2047 4593 et
2071 4522 2226 4592 illustrat
2249 4520 2405 4614 Spiritus
2428 4543 2594 4608 sauctus,

543 4622 660 4694 rimor
676 4645 736 4693 eas
751 4645 870 4707 verns,
897 4635 931 4692 et
946 4646 1019 4692 non
1034 4621 1152 4692 irritas
1165 4644 1252 4692 esse.
1408 4679 1413 4684 Α
1586 4645 1676 4715 quae
1693 4622 1764 4690 iam
1782 4621 1819 4689 in
1836 4619 2032 4710 Evangelio
2049 4625 2176 4694 tradita
2200 4636 2284 4695 sunt
2306 4648 2369 4717 per
2382 4622 2593 4714 Christum,

1586 4723 1756 4794 derebus
1776 4724 1984 4794 necessariis
2006 4728 2052 4797 ad
2077 4727 2184 4794 vitam
2209 4741 2410 4814 aeternam,
2447 4731 2495 4798 de
2532 4727 2594 4801 his

1585 4849 1660 4897 non
1693 4836 1778 4897 sunt
1812 4824 2094 4897 illuminationes
2117 4831 2357 4919 quaerendae,
2391 4843 2455 4900 ant
2478 4855 2595 4924 expe·
2650 4877 2651 4928 ι

646 4918 866 5014 Omagnum
882 4921 949 4995 Dei
968 4925 1199 5009 beneficium,
1225 4924 1320 5017 quod
1344 4923 1531 4994 nobiscum
1585 4928 1752 5012 ctandae,
1777 4940 1873 4998 extra
1891 4929 2088 4998 doctrinam
2107 4925 2315 5020 Evangelii,
2340 4945 2381 5004 ιιι
2400 4955 2508 5024 saepe
2531 4937 2594 5005 di·
2650 4931 2651 4936 ’

540 5027 770 5121 tamproprie
786 5044 821 5100 et
834 5027 1015 5118 perspicue
1038 5029 1082 5098 de
1101 5028 1265 5098 maximis
1285 5027 1392 5096 rebus
1412 5027 1531 5120 loqui·
1584 5045 1680 5102 ctum
1711 5040 1785 5111 est,
1824 5043 1858 5098 et
1890 5031 2093 5101 meminisse
2114 5028 2220 5101 Pauli
2240 5033 2486 5104 testimonium
2516 5033 2594 5108 huc

542 5144 620 5217 tur,
640 5143 675 5201 et
689 5131 787 5226 quod
805 5129 1056 5222 promissiones
1081 5130 1230 5201 tradidit
1251 5131 1338 5198 adeo
1362 5128 1530 5198 dilucidis
1585 5131 1765 5221 pertinens
1778 5131 1866 5203 utile
1882 5145 1952 5204 cst:
1978 5131 2018 5203 Si
2036 5133 2115 5228 quis
2138 5133 2237 5206 aliud
2253 5130 2493 5226 Evangelium
2509 5141 2592 5230 {do-
2650 5141 2651 5182 l

540 5233 679 5318 verbis,
703 5244 744 5303 ιιι
758 5235 801 5302 de
818 5234 990 5304 sententia
1008 5233 1164 5303 dubitari
1192 5253 1266 5300 non
1289 5230 1409 5318 possit.
1457 5227 1528 5299 Sed
1582 5235 1696 5318 cehit,
1723 5230 1910 5305 anathema
1928 5235 1982 5305 sit.

540 5329 611 5405 hoc
626 5334 821 5405 dolendum
839 5350 907 5418 est,
941 5350 1173 5405 tantamesse
1194 5330 1474 5401 imbecillitatem
1495 5343 1530 5402 et
1683 5333 1982 5426 Teneamusergo
1999 5329 2230 5430 hicprimum
2245 5330 2593 5432 hancsententiarn,

541 5436 776 5508 diffidentiam
792 5439 830 5507 in
851 5439 981 5508 nostris
996 5435 1193 5515 mentibus,
1219 5448 1260 5503 ιιι
1280 5446 1396 5522 petere
1415 5444 1450 5502 et
1470 5455 1530 5503 et·
1581 5437 1678 5532 quod
1705 5434 1861 5528 Spiritus
1880 5453 2023 5510 sanctus
2044 5440 2174 5508 docens
2196 5451 2317 5510 utatur
2344 5463 2430 5512 voce
2446 5438 2594 5528 ‚Evan-

539 5551 679 5629 pectare
704 5551 800 5610 tanta
823 5542 918 5611 bona
944 5562 1018 5610 non
1041 5536 1216 5614 ausimos,
1250 5557 1296 5606 ne
1325 5535 1427 5605 toties
1449 5535 1529 5629 qui·
1581 5541 1684 5628 gelii,
1710 5562 1775 5608 nec
1791 5540 1859 5610 alia
1873 5553 2011 5629 praeter
2024 5535 2261 5631 Evangelium
2278 5543 2419 5629 doceat,
2446 5545 2590 5616 deiude

540 5642 622 5709 dem
649 5642 790 5713 invitati
813 5656 847 5711 et
872 5642 970 5714 iussi.
1028 5635 1120 5709 Cum
1138 5650 1255 5707 autem
1280 5652 1380 5706 antea
1412 5652 1529 5729 aperte
1581 5636 1650 5712 hoc
1666 5643 1792 5711 docere
1806 5641 2026 5732 intelligatur
2048 5643 2254 5734 dupliciter,
2280 5645 2422 5734 publice
2445 5647 2485 5714 in
2510 5651 2592 5716 rni-

539 5741 725 5813 asfirmarit
748 5745 826 5822 dari
850 5740 1024 5833 Spiritum
1051 5752 1210 5808 sanctum
1232 5735 1429 5823 Ecclesiae,
1462 5735 1530 5808 hoc
1582 5743 1742 5824 nisterio,
1760 5757 1794 5814 et
1810 5744 1975 5834 privatim
1991 5744 2028 5812 in
2044 5745 2225 5814 cordibus.
2253 5743 2590 5836 ltasnprantrun-

537 5858 608 5931 est,
646 5843 940 5937 amplectentibus
961 5839 1218 5934 Evangelium,
1256 5854 1297 5912 ut
1317 5841 1529 5913 nominatim
1583 5869 1651 5939 que
1670 5844 1879 5936 heneficium
1904 5846 2080 5938 compleri
2103 5869 2243 5932 sumus,
2273 5849 2413 5941 quoties
2439 5851 2586 5922 dictum

799 4785 881 4864 Ille
900 4784 1038 4860 docebit
1056 4813 1118 4860 vos
1134 4787 1274 4863 omnia.
