5825 6950
336 698 418 778 sss
744 680 1703 780 xu.1taasnsr1011vsvauo.1oartms,
1759 697 1976 784 cae.xn.
2306 716 2384 790 ero
2435 639 2445 650 ’

346 898 405 946 me
426 887 659 945 contemnere
671 874 854 946 ministros
865 873 1063 966 Evangelii,
1089 887 1123 946 et
1138 873 1253 965 ipsum
1270 875 1341 943 mi·
1393 897 1460 944 nec
1491 896 1572 945 suas
1594 877 1827 948 revelationes
1850 879 1926 951 sine
1955 881 2169 954 testimoniis
2186 890 2322 978 magnis
2346 905 2381 962 et

350 979 560 1061 nisteriom,
585 979 676 1049 sicut
693 975 826 1048 Paulus
840 978 958 1071 inquit
967 1004 984 1067 ι,
1009 977 1201 1068 Apostolos
1216 972 1342 1048 baberi
1393 976 1497 1047 certis
1513 980 1700 1071 proponit,
1727 982 1805 1052 vult
1821 982 1925 1052 iidem
1950 1009 2025 1053 non
2048 1009 2122 1056 esse
2138 989 2284 1059 dubiam
2301 993 2379 1082 opi-

351 1105 414 1172 pro
428 1077 669 1166 catharmatis,
688 1105 759 1173 quo
773 1075 865 1151 nihil
880 1080 1119 1150 detestabilius
1134 1080 1205 1150 dici
1216 1092 1340 1170 potest.
1393 1080 1554 1166 nionem,
1581 1083 1641 1150 sed
1659 1083 1761 1152 certis
1778 1084 1987 1156 testimoniis
2002 1111 2181 1158 accensam
2197 1105 2231 1162 et
2248 1094 2378 1162 confir-

356 1181 532 1254 hdversos
572 1176 658 1253 haec
699 1182 809 1273 impia
849 1183 981 1252 iudicia
1017 1182 1144 1251 mundi
1176 1178 1339 1252 Christus
1393 1195 1522 1252 matam
1539 1205 1624 1266 esse,
1650 1183 1731 1254 ideo
1748 1201 1830 1255 sunt
1845 1187 1938 1256 edita
1956 1189 2136 1274 miracula,
2153 1215 2242 1285 quae
2258 1208 2378 1265 osten-

357 1284 535 1354 confirmat
557 1308 624 1354 nos
646 1285 770 1354 multis
791 1284 911 1370 dictis,
942 1309 983 1354 ac
1003 1283 1229 1375 praecipitut
1243 1307 1340 1352 ame·
1373 1285 1517 1364 ¹decent
1547 1286 1778 1375 praesentiam
1809 1301 1955 1359 naturae
1985 1292 2259 1384 omnipotentis,
2294 1311 2379 1368 sunt

358 1410 447 1466 mos,
471 1407 513 1454 ac
536 1400 701 1456 tueamur
716 1383 901 1475 Evangelii
926 1387 1128 1465 ministros,
1159 1399 1201 1455 ut
1219 1384 1339 1456 Lucae
1390 1385 1504 1456 additi
1520 1397 1731 1477 spectatores
1746 1401 1780 1458 et
1796 1401 1898 1460 testes
1914 1391 2037 1476 multi,
2063 1409 2103 1464 ut
2128 1395 2165 1464 in
2183 1398 2377 1480 nativitate,

361 1489 430 1560 lu:
462 1481 538 1575 Qui
557 1511 621 1557 vos
636 1489 752 1572 scidit,
784 1511 843 1556 me
864 1488 983 1566 audit,
1018 1487 1081 1581 qui
1106 1510 1169 1556 vos
1192 1488 1340 1578 spernit,
1390 1487 1586 1578 baptismo,
1611 1489 1817 1560 ascensione
1834 1487 1978 1567 Christi.
2032 1492 2379 1592 inhaspatelactio-

357 1589 573 1681 mespernit.
630 1589 678 1661 Et
694 1585 824 1660 Matth.
847 1591 921 1662 1⁰.:
953 1587 1028 1678 Qui
1048 1588 1185 1659 dederit
1210 1604 1335 1680 potum
1390 1611 1452 1657 nes
1474 1611 1615 1680 semper
1636 1590 1675 1660 in
1701 1592 1926 1664 invocatione
1957 1595 2177 1682 intueamur,
2220 1625 2264 1671 ne
2287 1603 2377 1680 sicut

360 1716 458 1786 aquae
479 1692 546 1762 uni
567 1715 609 1760 ex
634 1692 792 1761 minimis
819 1691 912 1776 istis,
955 1703 1101 1782 propter
1128 1692 1338 1776 doctrinam,
1388 1685 1625 1760 Ethnicorum
1647 1692 1758 1766 animi
1782 1698 2001 1786 vagabantur
2021 1695 2250 1800 dubitantem]
2276 1706 2378 1796 quid,

364 1818 449 1864 amen
466 1793 551 1862 dieo
569 1796 690 1881 vobis,
716 1816 790 1862 non
804 1797 925 1885 perdet
940 1795 1137 1862 mercedem
1153 1815 1276 1872 suam,
1301 1805 1337 1863 et
1389 1815 1454 1860 cur
1482 1792 1711 1880 invocarent,
1751 1820 1798 1866 an
1821 1800 2091 1889 exaudirentur,
2133 1803 2181 1874 ita
2206 1817 2240 1875 et
2263 1807 2377 1878 nostri

366 1899 437 1969 bad
451 1891 681 1966 Theranult.
697 1896 842 1966 dicitur:
876 1892 949 1965 Eos
963 1895 1026 1988 qui
1042 1910 1211 1985 praesunt
1234 1894 1335 1964 vobis
1389 1907 1580 1998 vagentur,
1613 1910 1647 1968 et
1660 1897 1825 1970 amittant
1841 1898 1977 1982 Deum,
2008 1927 2091 1994 ergo
2117 1905 2219 1975 illum
2246 1920 2378 1978 statuas

358 2002 390 2069 in
402 1999 567 2082 domino,
601 1999 738 2086 diligite
759 1995 986 2082 excellenter,
1013 2011 1158 2088 pmpter
1180 1996 1336 2065 officium
1390 2019 1470 2064 vere
1498 2019 1571 2066 esse
1589 1996 1723 2080 Deum,
1755 2015 1937 2072 aeternum
1964 2019 2119 2094 patrem,
2153 2010 2376 2080 conditorem

358 2103 439 2196 qood
461 2112 605 2190 gemnt.
659 2099 771 2171 Norat
794 2097 926 2170 Paulus
951 2121 1074 2170 sensus
1096 2098 1248 2191 populi,
1273 2099 1337 2191 qui
1389 2121 1529 2183 rerum,
1556 2124 1635 2170 cum
1650 2101 1723 2170 blio
1743 2100 1821 2174 lesu
1836 2101 2001 2191 Christo,
2028 2120 2061 2177 et
2076 2106 2233 2199 Spiritu,
2257 2111 2320 2208 qui
2340 2135 2376 2180 se

357 2203 447 2275 facile
473 2201 616 2273 fastidit
641 2204 822 2283 doctores,
866 2215 900 2272 et
921 2201 1070 2282 lievibus
1094 2200 1337 2271 occasionibus
1389 2201 1551 2289 patefecit
1573 2203 1680 2274 misso
1706 2199 1772 2274 boc
1794 2205 1887 2292 filio,
1910 2218 1994 2278 nato
2019 2232 2061 2280 ex
2077 2211 2232 2300 virgine,
2256 2213 2374 2284 cruci-

358 2305 492 2390 oblatis,
517 2327 580 2374 eos
601 2305 749 2383 excutit,
780 2306 951 2374 adversus
973 2299 1058 2374 baec
1081 2303 1221 2373 fastidia
1236 2299 1333 2373 Pau·
1388 2301 1455 2370 fixo
1472 2317 1509 2375 et
1522 2306 1728 2392 rsuscitato,
1754 2320 1789 2377 et
1805 2333 1910 2401 quem
1926 2335 2053 2401 magna
2077 2314 2269 2384 multitudo
2287 2316 2378 2388 vidit

362 2411 410 2480 los
432 2407 551 2478 studet
580 2407 732 2478 excitare
761 2419 798 2477 et
833 2407 1042 2476 confirmare
1076 2404 1334 2483 benevolentia,
1388 2428 1552 2476 revocare
1580 2405 1755 2478 Lazarum
1777 2433 1818 2480 ex
1851 2426 1965 2482 morte
1996 2426 2062 2484 etc.
2130 2414 2210 2486 Non
2246 2419 2376 2506 cogites

366 2531 533 2604 qnaenon
558 2509 674 2578 solum
699 2533 774 2578 non
795 2508 949 2582 admittit
972 2510 1101 2578 iniusta
1125 2508 1226 2594 odia,
1272 2508 1332 2576 sed
1387 2503 1508 2578 Deum
1530 2508 1636 2580 inane
1660 2533 1793 2582 nomen
1816 2535 1907 2598 esse,
1941 2537 2006 2584 nec
2030 2539 2067 2584 se
2090 2517 2220 2590 frustra
2244 2522 2376 2610 patefe-

363 2613 454 2683 etiam
465 2612 585 2704 eliqua
602 2610 693 2680 levia
715 2611 940 2681 incommoda
961 2612 1001 2680 in
1015 2609 1221 2680 doctoribus
1243 2623 1334 2680 recte
1387 2608 1494 2693 cisse,
1521 2614 1582 2681 sed
1597 2613 1678 2682 ideo
1696 2637 1733 2682 se
1747 2615 1957 2704 patefecisse,
1983 2633 2022 2690 ut
2036 2631 2223 2690 testaretur
2236 2643 2272 2690 se
2289 2646 2373 2694 vere

358 2714 565 2798 docentibus,
591 2727 625 2785 et
639 2713 715 2782 sine
731 2714 953 2802 turpitudine
972 2713 1176 2783 viventibus
1196 2712 1334 2803 placide
1389 2711 1478 2780 velle
1492 2716 1668 2785 exaudire.
1719 2713 1796 2786 Hac
1810 2717 1938 2788 fiducia
1959 2723 2102 2789 accedas
2125 2723 2169 2790 ad
2192 2717 2290 2793 hrrnc
2313 2749 2376 2816 pa-

357 2819 492 2896 toierat,
518 2828 555 2885 et
575 2817 753 2885 condonat
775 2815 951 2886 functioni
976 2831 1009 2887 et
1029 2816 1210 2885 communi
1234 2829 1333 2885 tran·
1387 2813 1548 2883 tefactum
1570 2815 1706 2900 Deum,
1745 2832 1780 2891 et
1807 2819 1997 2911 experieris
2020 2824 2253 2914 precationem
2279 2837 2377 2896 tuam

356 2919 525 3014 quillitati.
580 2915 676 2987 Haec
689 2917 803 2991 osbcia
820 2919 875 3007 pia
892 2941 971 3006 erga
994 2918 1176 2986 ministros
1200 2917 1333 3006 signill-
1385 2939 1460 2985 non
1483 2916 1558 2987 fore
1583 2920 1734 2993 irritam.
1786 2919 1948 2991 Primum
1970 2923 2077 3012 igitur
2098 2924 2135 2994 iu
2161 2922 2227 2996 hac
2251 2952 2375 2998 narra-

357 3036 469 3092 untur
482 3032 672 3109 unguento=
687 3021 725 3089 in
740 3021 846 3108 pedes
869 3019 990 3089 effuso.
1042 3017 1181 3099 Maria,
1215 3020 1332 3099 idest,
1385 3017 1505 3104 tione,
1530 3044 1592 3098 seu
1609 3022 1648 3090 in
1664 3045 1792 3114 pompa
1809 3023 1986 3114 ingressus
2003 3026 2039 3094 in
2055 3028 2178 3096 urbem
2197 3027 2374 3124 lerosoly-

358 3123 501 3194 Ecclesia
533 3122 690 3191 auditrix
718 3121 821 3210 ungit
854 3123 978 3211 pedes,
1019 3121 1056 3191 id
1080 3134 1150 3207 est,
1181 3124 1276 3191 loeet
1299 3135 1333 3190 et
1384 3144 1497 3206 mam,
1531 3117 1600 3193 hoc
1621 3124 1849 3216 praecipuum
1874 3128 2062 3198 consilium
2080 3124 2145 3197 Dei
2166 3132 2375 3202 memineri-

358 3241 464 3298 tuetnr
493 3225 685 3294 ministros
704 3219 910 3312 Evangelii,
952 3238 986 3294 et
1017 3223 1255 3293 ministerium
1285 3225 1331 3292 ad
1383 3245 1482 3306 mus,
1508 3226 1825 3317 quodvultextare
1841 3229 2061 3316 testimonia,
2094 3234 2190 3327 quod
2215 3256 2251 3304 se
2276 3249 2374 3327 pate-

360 3329 459 3400 stndia
474 3326 658 3397 doctrinae
675 3326 843 3409 coelestis,
869 3322 1185 3410 utConstantinus,
1208 3321 1331 3396 Theo-
1383 3325 1518 3400 lecerit.
2212 3331 2214 3336 ’

361 3432 482 3511 desios,
509 3442 545 3502 et
561 3429 663 3521 pauci
679 3428 740 3498 alii
756 3429 804 3521 pii
819 3431 1074 3519 gubernatores
1087 3427 1271 3514 foverunt,
1297 3441 1331 3499 et
1487 3425 1627 3501 Deinde
1642 3431 1716 3523 ipsa
1731 3457 1860 3527 pompa
1878 3434 1994 3526 imago
2017 3448 2068 3507 est
2085 3435 2287 3509 dulcissima
2303 3433 2374 3507 Ec-

360 3547 507 3605 texerunt
521 3536 693 3615 doctores,
715 3543 750 3600 et
766 3533 882 3602 studia
898 3528 1093 3616 doctrinae,
1120 3532 1156 3600 id
1174 3532 1329 3601 officium
1382 3530 1520 3605 clesiae.
1572 3532 1810 3607 Personarum
1828 3562 1955 3628 genera
1971 3553 2122 3631 quatuor
2138 3556 2239 3625 sunt,
2266 3534 2371 3611 Cbri-

362 3638 504 3729 erempio
528 3630 635 3703 hrrius
658 3629 827 3703 historiae
848 3628 1012 3705 Christus
1036 3628 1100 3703 bac
1124 3634 1330 3703 laudatione
1382 3647 1476 3718 stus,
1506 3634 1691 3727 Apostoli,
1723 3641 1875 3731 populus
1899 3643 2064 3730 credens,
2111 3655 2145 3712 et
2166 3642 2372 3716 adversarii.

364 3740 448 3809 nobis
478 3739 714 3811 commendat.
772 3734 819 3807 Et
841 3760 883 3806 ex
905 3731 973 3806 boc
1000 3750 1181 3824 unguento
1212 3738 1331 3805 suavis
1382 3733 1430 3804 Hi
1453 3740 1582 3822 gradus
1608 3762 1746 3832 semper
1771 3743 1807 3811 in
1826 3740 1983 3813 Ecclesia
2005 3744 2253 3814 considerandi
2277 3759 2372 3824 suut,

364 3840 436 3909 odor
450 3856 482 3913 et
505 3840 697 3929 fragrantia
724 3837 762 3906 in
790 3850 899 3909 totam
931 3840 1076 3907 domum
1106 3837 1330 3922 diffunditur,
1382 3834 1546 3908 Christus
1575 3839 1669 3911 filios
1691 3840 1761 3913 Dei
1784 3845 1909 3913 missus
1939 3857 2007 3929 est,
2047 3858 2085 3916 ut
2110 3844 2206 3916 beret
2230 3846 2370 3915 victima

363 3942 466 4028 idest,
495 3938 732 4027 Evangeiium
757 3942 862 4011 latius
883 3954 1116 4033 propagatur,
1149 3940 1331 4030 colligitur
1382 3963 1446 4031 pro
1472 3936 1696 4025 bominibus,
1736 3946 1798 4015 dat
1823 3942 2055 4035 Evangelium
2079 3970 2162 4017 suae
2182 3943 2372 4031 Ecclesiae,

360 4040 516 4131 tanesia,
542 4042 666 4113 crescit
688 4065 769 4113 vera
786 4043 964 4113 invocatio
980 4040 1067 4131 Dei,
1093 4055 1129 4113 et
1150 4042 1238 4112 aliae
1254 4041 1328 4112 vir·
1382 4054 1416 4112 et
1428 4044 1653 4115 credentibus
1665 4049 1775 4117 donat
1790 4048 2032 4118 remissionem
2053 4063 2287 4140 peccatorum,
2314 4072 2370 4118 re-

360 4160 446 4219 seres.
1046 4146 1052 4155 ’
1383 4145 1481 4214 ducit
1507 4168 1566 4216 eos
1587 4149 1637 4217 ad
1657 4161 1839 4219 aeternnm
1863 4165 1996 4241 patrem
2005 4201 2017 4236 ,
2054 4164 2088 4221 et
2108 4152 2169 4222 dat
2193 4147 2368 4241 Spiritum

553 4309 739 4387 P⁰⁸¹n⁰d⁸⁶⁶
755 4309 867 4385 ‘urb‘
881 4309 1024 4399 ''mu“
1050 4323 1112 4390 Ψ·
1196 4359 1201 4384 ¹
1381 4251 2275 4444 iihiiudiihipiiiirindiidinddiiiatiiril'hieiudiiei
2294 4278 2367 4423 ¹iiiii

440 4448 596 4547 Aliquae
610 4466 694 4523 sunt
713 4451 750 4520 in
766 4448 961 4540 Evangelio
984 4474 1152 4544 pompae,
1176 4466 1218 4523 ut
1241 4478 1328 4524 cou-
1380 4449 1532 4521 Messias
1550 4477 1696 4546 regnum
1711 4453 1912 4535 somniant,
1942 4457 2000 4523 sed
2022 4480 2077 4525 res
2100 4468 2279 4538 aeternas,
2311 4454 2368 4524 iu-

349 4571 465 4626 ventus
480 4556 723 4647 Angelorum,
747 4550 952 4636 Pastomm,
979 4550 1180 4642 Magorum,
1206 4580 1327 4626 recens
1379 4554 1516 4623 stiriam
1539 4570 1573 4627 et
1597 4555 1706 4627 vitam
1730 4569 1909 4628 aeternam
1931 4556 2052 4641 affert,
2084 4557 2133 4626 sic
2155 4554 2369 4627 describitur
2443 4547 2451 4557 ’

347 4672 424 4730 nato
444 4656 610 4739 Christo,
642 4658 727 4726 item
752 4656 914 4725 miranda
937 4654 1106 4726 revelatio
1128 4658 1327 4727 divinitatis
1380 4654 1528 4727 Messias
1544 4659 1582 4728 in
1599 4659 1663 4729 illo
1679 4660 1756 4752 ipso
1776 4682 1850 4751 esp.
1863 4653 2076 4743 Zachariae,
2109 4656 2205 4751 quod
2231 4655 2289 4729 hic
2313 4656 2365 4727 ci-

343 4758 375 4827 in
406 4763 588 4854 baptismo
610 4754 747 4830 Christi
769 4772 803 4829 et
823 4757 1024 4828 testimonia
1048 4758 1210 4845 loannis,
1241 4760 1325 4830 item
1378 4772 1490 4829 tatur:
1518 4760 1578 4831 Tu
1594 4784 1735 4857 quoque
1750 4760 1790 4831 in
1806 4762 1978 4849 sanguine
1993 4761 2189 4831 testamenti
2207 4760 2259 4831 tui
2275 4758 2365 4831 enri-

340 4884 532 4933 toncursus
548 4864 592 4932 ad
607 4860 907 4931 resuscitationem
921 4858 1058 4932 Lazari.
1111 4860 1324 4931 itemcomi-
1378 4859 1453 4930 sisti
1479 4863 1616 4933 vinctos
1640 4866 1684 4935 de
1708 4866 1804 4945 lacu,
1838 4864 1875 4932 in
1899 4886 1971 4955 quo
1993 4886 2067 4931 non
2090 4877 2142 4934 est
2165 4886 2274 4955 aqua,
2299 4878 2362 4935 etc.

334 4974 427 5035 tstos
442 4963 570 5057 populi
594 4962 771 5058 sequentis
782 4958 985 5056 Christum,
1022 4963 1112 5035 etei
1136 4989 1325 5035 occurren·
1378 4958 1513 5049 idest,
1555 4964 1652 5035 Deus
1680 4954 1950 5061 promissionem
1978 4964 2099 5048 dedit,
2132 4984 2236 5051 ustam
2261 4976 2362 5031 vocat

334 5064 378 5135 tis
395 5092 480 5136 com
495 5064 685 5136 frondibus
702 5065 900 5153 palmarum
914 5077 949 5134 et
965 5064 1081 5150 oleae,
1102 5065 1188 5136 item
1204 5089 1325 5136 ascen·
1377 5078 1647 5153 testamentum,
1672 5082 1705 5138 et
1722 5070 1756 5137 id
1775 5069 1852 5139 vult
1865 5068 2035 5153 sanguine
2051 5058 2200 5131 Messias
2221 5065 2363 5141 sanciri,

332 5168 386 5238 sio
415 5166 554 5239 Christi
584 5166 623 5235 in
651 5166 801 5235 coelum.
859 5162 936 5235 Hae
962 5190 1113 5258 pompae
1133 5182 1167 5239 et
1191 5170 1323 5239 similes
1377 5163 1442 5235 hoc
1464 5169 1635 5259 sanguine
1655 5166 1807 5238 Messias
1829 5170 1907 5236 fuso
1930 5169 2055 5236 educet
2079 5164 2361 5244 vinctoselacu,

334 5292 461 5341 omnes
481 5267 615 5340 habent
642 5291 750 5337 unam
780 5290 940 5351 causam,
972 5272 1068 5361 qnod
1090 5265 1186 5339 Deus
1208 5272 1323 5343 voluit
1375 5270 1503 5356 idest,
1538 5272 1669 5340 abolita
1700 5281 1813 5339 morte
1843 5269 2003 5338 restituet
2031 5268 2139 5335 vitam
2169 5280 2359 5337 aeternam.

331 5384 454 5441 extare
467 5386 560 5444 certa
577 5384 610 5440 et
624 5371 808 5440 manifesta
829 5368 1053 5461 testimonia,
1086 5396 1176 5464 quae
1203 5388 1323 5445 osten·
1374 5369 1539 5466 Denique
1564 5366 1654 5441 banc
1674 5371 1897 5462 praecipuam
1921 5390 2105 5461 personam
2123 5364 2303 5439 Christum
2320 5368 2359 5436 in

329 5474 461 5543 decem
473 5470 655 5543 Christum
668 5472 780 5541 lilium
796 5470 994 5541 exhibitum
1011 5495 1096 5541 esse.
1129 5472 1207 5544 Etsi
1224 5477 1318 5543 enim
1376 5468 1442 5543 hoc
1459 5473 1656 5562 spectaculo
1673 5496 1811 5543 necesse
1827 5487 1879 5541 est
1893 5472 2044 5541 maxime
2057 5470 2211 5556 agnosci,
2236 5470 2360 5540 eteius

326 5570 470 5643 Christi
483 5575 573 5643 facta
588 5598 662 5643 non
679 5576 730 5642 sic
750 5574 939 5643 incurrunt
957 5574 995 5642 in
1006 5574 1169 5644 omnium
1186 5580 1320 5661 orarios,
1374 5578 1543 5647 beneficia
1570 5575 1741 5667 intelligi,
1788 5598 1880 5669 quac
1903 5594 2005 5665 saepe
2035 5572 2122 5642 alibi
2143 5594 2359 5641 commemo-

319 5675 588 5751 mthlexanalri.
613 5672 892 5745 autc-Caesaris
904 5676 1144 5763 expeditiones
1157 5682 1319 5749 omnium
1372 5692 1509 5753 rantur.

326 5776 846 5861 gentiumocnliscernontur,
869 5777 1032 5845 omnium
1057 5802 1142 5847 voce
1157 5796 1191 5850 et
1207 5781 1320 5850 literis
1472 5780 1557 5852 Post
1585 5774 1766 5851 Christum
1795 5771 1960 5867 Apostoli
1993 5772 2278 5860 considerentur,
2319 5770 2355 5843 id

334 5880 578 5959 celebrantur,
609 5892 728 5948 tamen
752 5870 848 5945 Deus
867 5896 942 5943 non
964 5875 1040 5945 vult
1062 5874 1221 5965 ignorari
1234 5906 1319 5963 sese,
1368 5893 1438 5965 cet,
1464 5880 1617 5949 nrinistri
1631 5876 1836 5976 Evangelii,
1865 5874 1901 5947 hi
1918 5882 1961 5945 acl
1977 5874 2158 5947 Christum
2175 5882 2355 5948 adducunt
