5825 6950
332 684 424 761 1001
582 680 683 758 xtu.
736 684 773 758 5.
800 678 1099 761 talasano
1123 681 1279 763 EPIST.
1308 678 1456 757 PAULI
1483 675 1552 755 AD
1577 676 1842 761 ROMANOS.
1893 677 2000 762 CAP.
2027 685 2111 761 xtt.
2265 696 2365 771 1002

426 854 566 929 Deinde
591 870 626 928 et
651 857 891 951 aliae'cansae
916 859 1205 942 considerentur,
1233 882 1316 949 pro·
1370 866 1517 947 propter
1540 848 1736 925 Ecclesiam
1768 841 1924 930 caeteros
1958 875 2093 953 pascat,
2125 884 2193 935 nos
2218 868 2362 955 praeci·

327 974 404 1055 pter
424 982 512 1055 quas
536 963 629 1029 bona
651 968 758 1051 op‘era
782 962 942 1030 faciende
970 966 1073 1049 sunt,
1101 962 1234 1033 scilieet
1259 962 1315 1030 di·
1369 981 1436 1049 pue
1457 970 1578 1046 gratos
1598 981 1673 1029 esse
1696 962 1896 1049 oportebat.
2172 1044 2181 1060 .

328 1064 454 1155 gnitas.
507 1062 616 1147 Item,
640 1061 797 1154 praemia
811 1079 846 1133 et
862 1066 1048 1136 necessitas
1070 1064 1206 1135 vitandi
1230 1088 1314 1155 poe·
1471 1058 1594 1131 Tertia
1613 1084 1716 1131 causa
1736 1077 1808 1133 ests
1834 1061 1929 1152 Quia
1947 1065 2025 1135 vult
2039 1062 2187 1141 Deus-et
2202 1073 2357 1143 necessi·

329 1188 402 1237 nas.
463 1158 628 1255 Dignitas
659 1179 712 1236 est
741 1169 836 1259 quod
865 1164 962 1236 Deus
987 1189 1116 1235 novam
1142 1167 1314 1235 ohedien-
1365 1171 1472 1231 tatem
1496 1162 1716 1250 corporalem
1733 1168 2198 1248 essecommonelactionem
2215 1176 2259 1244 de
2274 1174 2357 1260 fide,

328 1267 428 1351 tiam,
461 1268 526 1337 etsi
552 1280 602 1337 est
623 1266 781 1351 infirma,
821 1268 947 1355 recipit
973 1282 1117 1358 propter
1139 1269 1312 1339 mediato·
1364 1262 1619 1347 invocatione,
1634 1284 1696 1355 spe
1717 1278 1752 1336 et
1766 1268 1958 1356 gratiarum
1981 1270 2139 1357 actione,
2169 1275 2251 1343 ideo
2270 1300 2355 1367 pro·

330 1394 420 1450 rem,
448 1383 487 1440 ut
509 1382 610 1439 antea
634 1368 726 1451 dixi,
753 1382 787 1439 et
811 1370 972 1440 nominat
997 1370 1185 1451 sacrificia,
1211 1383 1244 1437 et
1259 1382 1311 1438 est
1364 1364 1550 1435 missiones
1591 1366 1730 1451 edidit,
1771 1383 1812 1438 ut
1843 1371 1994 1440 sciamus
2024 1368 2115 1443 banc
2146 1376 2352 1463 petitionem

327 1474 458 1541 fructus
481 1468 636 1559 Spiritus
665 1473 796 1555 saneti,
838 1472 921 1564 quia
948 1495 1086 1562 semper
1112 1472 1188 1543 vult
1213 1469 1311 1541 Deus
1363 1489 1436 1536 non
1461 1490 1536 1537 esse
1557 1468 1716 1553 irritam,
1741 1472 1941 1563 etquidem
1957 1474 2034 1542 vult
2055 1470 2140 1545 haec
2158 1478 2232 1566 ipsa
2255 1478 2351 1547 bona

325 1574 459 1665 aliquos
475 1596 549 1641 esse
565 1575 601 1641 in
620 1594 747 1659 genere
762 1570 938 1658 humano,
966 1574 1097 1667 quibus
1119 1597 1193 1642 sese
1212 1598 1309 1643 com·
1361 1570 1469 1639 etiam
1485 1570 1554 1642 fide
1570 1571 1643 1660 peti
1657 1584 1691 1640 et
1707 1575 1898 1663 expectari,
1926 1574 2013 1644 etin
2031 1570 2096 1645 bac
2122 1579 2293 1669 petitione
2316 1594 2351 1651 et

320 1676 497 1760 muniret,
524 1692 590 1747 eta
609 1674 740 1767 quibus
763 1674 915 1745 vicissim
939 1690 1030 1746 recte
1051 1690 1262 1767 agnoscatur
1275 1689 1309 1744 et
1360 1672 1602 1762 expectatione
1616 1672 1740 1758 fidem,
1763 1698 1882 1767 spem,
1908 1677 2113 1767 patientiam
2131 1704 2296 1755 crescere.

328 1778 521 1848 invocetur.
1463 1770 1598 1861 Quarta
1617 1791 1808 1845 causaest:
1837 1775 1884 1848 Ut
1899 1780 1972 1849 sint
1992 1784 2349 1854 commonefactiones

420 1879 603 1947 Postremo
641 1876 746 1946 etiam
776 1877 932 1968 praemia
971 1892 1004 1949 et
1035 1879 1221 1949 necessitas
1253 1879 1306 1945 vi·
1359 1875 1402 1943 de
1423 1875 1658 1963 promissione
1680 1877 1833 1965 gratiae,
1860 1880 1943 1972 quia
1967 1880 2089 1962 iidem,
2113 1908 2214 1975 qnae
2237 1910 2347 1975 agno-

333 1984 416 2051 tandi
434 2004 564 2072 poenas
581 1981 868 2058 considerentur,
895 1981 978 2074 quiu
997 1981 1232 2050 certissimum
1255 1994 1307 2049 est
1357 1976 1423 2047 scit
1457 1976 1592 2061 filium,
1626 1990 1661 2047 et
1686 1979 1812 2070 accipit
1848 1983 2170 2053 reconciliationem
2206 2001 2347 2079 oportet

331 2086 445 2153 scelera
477 2096 599 2151 contra
629 2082 881 2151 conscientiam
912 2078 1089 2152 attrahere
1112 2106 1244 2173 poenas
1267 2083 1304 2150 in
1355 2101 1493 2168 semper
1510 2078 1710 2170 praelucere
1722 2080 1760 2149 iu
1776 2084 1946 2171 petitione
1961 2087 2195 2177 corporalium
2210 2112 2345 2162 rerum.

329 2184 381 2255 bac
408 2186 501 2271 vita,
543 2184 606 2253 etsi
637 2206 709 2253 non
734 2183 793 2253 fiat
817 2186 1003 2253 conversio
1028 2200 1108 2277 post
1132 2182 1223 2254 hanc
1248 2186 1303 2253 vi·
1356 2175 1402 2249 Et
1427 2181 1571 2272 quidem
1596 2194 1742 2271 propter
1762 2185 1875 2254 filium
1903 2200 2058 2257 caeterae
2090 2190 2341 2278 promissiones

326 2302 406 2365 tam,
436 2288 533 2354 iuxta
551 2286 684 2355 dictum
703 2284 834 2353 Psalmi
851 2284 933 2359 dd:
969 2284 1117 2378 Propter
1132 2286 1303 2379 iniquita·
1355 2282 1470 2350 editae
1484 2297 1518 2353 ct
1533 2294 1631 2351 ratae
1648 2297 1743 2357 sunt.
1784 2284 1880 2355 Haec
1896 2289 2015 2357 omnia
2030 2286 2341 2381 comprehendun-

325 2382 860 2477 tescorripisfiliosbominum.
912 2384 960 2458 Et
986 2413 1187 2481 quanquam
1212 2390 1303 2456 bona
1354 2396 1412 2452 tur
1435 2384 1473 2451 in
1496 2383 1611 2455 dicto:
1647 2382 1834 2479 Quidquid
1856 2391 2028 2480 petieritis
2053 2406 2187 2483 putrem
2212 2394 2250 2462 in
2276 2417 2342 2463 no-

324 2516 420 2583 upera
448 2514 522 2557 non
545 2504 727 2561 merentur
743 2490 849 2558 vitam
874 2502 1075 2574 aeternam,
1101 2505 1218 2561 tamen
1240 2484 1303 2558 be·
1355 2486 1450 2553 minc
1466 2509 1562 2569 meo,
1589 2486 1687 2558 dabit
1702 2489 1817 2564 vobis.

326 2596 404 2662 beot
426 2616 490 2660 sna
518 2594 689 2684 quaedam
723 2589 875 2679 praemia
904 2592 939 2657 in
968 2590 1033 2660 hac
1062 2593 1134 2663 vita
1166 2603 1304 2681 etpost
1454 2585 1590 2676 Quinta
1608 2612 1711 2657 causa
1736 2606 1806 2661 est:
1834 2590 1928 2681 Quia
1954 2594 2029 2663 vult
2046 2609 2236 2691 utrumqne
2259 2597 2341 2666 sciri

323 2688 406 2762 banc
425 2694 556 2775 vitam,
576 2694 669 2761 iuxta
686 2692 873 2763 consilium
890 2691 975 2776 Dei,
1003 2716 1067 2764 nec
1084 2708 1166 2765 sunt
1181 2695 1302 2763 irritae
1351 2684 1467 2773 Deus,
1491 2704 1527 2759 et
1541 2689 1734 2759 subiectam
1753 2715 1827 2761 esse
1841 2694 2036 2765 Ecclesiam
2054 2698 2172 2777 cruci,
2194 2712 2229 2768 et
2244 2701 2341 2770 inter

315 2796 441 2885 legales
462 2794 716 2886 promissiones
731 2795 771 2861 in
789 2794 1046 2880 reconciliatis,
1062 2811 1120 2866 nt:
1147 2793 1249 2880 Date,
1268 2808 1302 2865 et
1351 2789 1427 2880 ipsa
1443 2789 1599 2881 pericula
1614 2804 1734 2861 tamen
1747 2795 1960 2868 mirabiliter
1971 2799 2103 2867 servari
2118 2802 2154 2868 in
2171 2794 2239 2869 bac
2254 2801 2340 2885 vita,

312 2898 458 2967 ‹latritur
487 2896 600 2968 vobis.
655 2894 760 2978 item,
795 2892 1027 2972 Matth.10.:
1062 2896 1136 2987 Qui
1165 2897 1302 2969 dederit
1352 2904 1392 2961 ut
1412 2892 1578 2963 universa
1604 2894 1815 2965 admiranda
1838 2900 2059 2969 conservatio
2081 2898 2277 2985 Ecclesiae,
2305 2916 2340 2974 et

310 3016 437 3092 popm,
458 3020 570 3091 aquae
584 2996 646 3067 uni
665 3020 704 3065 ex
722 2997 881 3066 minimis
899 3020 1058 3070 meorum
1076 3014 1221 3093 propser
1236 3002 1302 3069 do.
1351 3014 1475 3063 omnes
1492 2993 1675 3063 mirandae
1691 2996 1918 3071 liberationes
1933 3003 2005 3071 sint
2019 3002 2218 3071 testimonia
2236 3027 2337 3092 prac-

310 3104 485 3184 ctrinam,
510 3123 583 3168 non
600 3100 722 3191 perdet
740 3102 936 3169 mercedem
956 3124 1067 3176 suam.
1351 3094 1486 3164 scutiae
1507 3091 1576 3165 Dei
1599 3098 1637 3163 in
1662 3092 1840 3181 Ecclesia,
1874 3117 1914 3172 ut
1947 3103 2078 3173 dicitur
2111 3103 2148 3172 in
2172 3102 2339 3173 Numeris

417 3200 472 3272 Ac
489 3202 591 3270 valde
607 3200 843 3271 necessarium
859 3215 912 3272 est
928 3204 1018 3272 scire
1034 3202 1225 3273 discrimen
1242 3203 1299 3271 in·
1350 3219 1425 3286 cap.
1444 3195 1520 3271 14.:
1554 3195 1924 3295 UtsciautAegyptii‚
1948 3204 2044 3296 quod
2066 3219 2103 3274 tu
2119 3203 2274 3274 Domine
2289 3206 2337 3276 sis
2410 3238 2416 3243 ·

311 3322 363 3378 ter
395 3302 668 3397 promissionem
697 3304 827 3393 gratiae
851 3318 884 3372 et
909 3304 1160 3393 promissiones
1183 3307 1298 3373 bono-
1349 3293 1635 3390 inhocpopulo.
1678 3298 1780 3371 losua
1801 3304 1854 3375 3.:
1877 3304 2022 3387 Srictis,
2047 3306 2145 3398 qnod
2159 3305 2336 3376 Dominus

311 3432 391 3480 rnm
427 3406 689 3496 temporalium.
747 3402 941 3476 Promissio
983 3408 1116 3495 gratiae
1156 3421 1300 3500 propter
1348 3398 1444 3471 Deus
1465 3401 1503 3469 in
1519 3400 1635 3470 medio
1649 3404 1754 3486 vestri
1772 3406 1828 3479 sit.
1882 3408 1913 3480 l.
1931 3404 2070 3497 Regum
2084 3406 2159 3480 17.;
2188 3405 2338 3480 Utsciat

312 3512 543 3582 mediatorem
570 3507 678 3596 gratis
698 3507 772 3575 sula
796 3507 865 3576 tide
890 3509 1080 3601 accipitur,
1106 3523 1138 3580 et
1162 3532 1300 3600 semper
1348 3504 1467 3572 omnis
1482 3518 1588 3588 terra,
1609 3507 1705 3596 quod
1723 3508 1769 3576 sit
1788 3505 1883 3578 Deus
1897 3508 1934 3578 in
1953 3507 2068 3581 lsrael.
2113 3505 2237 3580 Esaiae
2255 3509 2335 3586 37.;

312 3629 386 3684 rata
406 3623 457 3680 est
476 3611 665 3688 omnibus,
702 3608 766 3700 qui
787 3610 824 3677 in
847 3611 1079 3681 conversione
1098 3625 1298 3682 sustentant
1348 3601 1396 3676 Et
1414 3629 1511 3674 nunc
1524 3603 1684 3674 Domine
1695 3608 1797 3678 Deus
1819 3627 1938 3681 noster
1959 3609 2054 3680 salva
2070 3635 2135 3680 nos
2159 3613 2204 3681 de
2226 3636 2335 3684 manu

313 3739 347 3784 sc
372 3715 461 3797 fide,
493 3712 598 3781 etiam
625 3711 761 3778 amissis
784 3711 952 3781 omnibus
977 3713 1081 3782 bonis
1103 3713 1297 3804 corporali.
1348 3703 1609 3790 Sennacherib,
1640 3720 1681 3778 ut
1704 3727 1916 3799 cognoscant
1939 3714 2059 3786 omnia
2082 3737 2190 3803 regna
2211 3727 2336 3799 terrae,

313 3819 395 3902 bus,
424 3817 520 3884 iuxta
536 3812 669 3883 dictum
686 3811 766 3881 lob:
801 3809 951 3882 Etiamsi
967 3816 1101 3886 occidet
1118 3841 1190 3898 me,
1218 3839 1298 3905 spe-
1347 3811 1443 3903 quud
1463 3823 1502 3877 tu
1518 3810 1614 3878 solus
1628 3809 1677 3878 sis
1693 3807 1879 3886 Dominus.

314 3921 397 3989 rabo
422 3919 459 3986 iu
477 3939 570 3985 eum.
609 3915 678 3984 Sed
698 3911 948 4005 promissiones
965 3917 1141 3986 bonorum
1159 3930 1296 4004 tempo·
1448 3909 1526 3979 Hae
1548 3933 1672 3980 causae
1696 3913 1741 3982 de
1769 3914 2066 4003 promissionibus
2091 3917 2336 4008 corporalibus

315 4023 459 4102 ratium,
474 4040 677 4110 quanquam
692 4016 796 4085 etiam
813 4030 907 4086 ratae
923 4032 1005 4088 sunt
1023 4032 1168 4109 propter
1181 4017 1295 4088 filium
1345 4033 1448 4100 saepe
1466 4013 1683 4101 cogitentur,
1710 4030 1748 4086 ut
1773 4016 1859 4085 fides
1882 4017 2127 4107 multipliciter
2145 4019 2334 4090 confirme-

314 4119 393 4208 Dei‚
419 4134 455 4192 et
478 4143 551 4188 non
576 4132 724 4208 prosunt
749 4118 820 4186 nisi
843 4120 1064 4208 praelucente
1086 4120 1176 4205 lide,
1201 4145 1292 4214 quae
1345 4127 1422 4193 tur,
1447 4127 1483 4184 et
1506 4117 1745 4187 accendantur
1762 4116 1941 4187 invocatio
1963 4133 1996 4189 et
2019 4119 2336 4208 gratiarumactio,

316 4225 436 4316 accipit
451 4221 620 4310 gratiam,
643 4233 761 4290 tamen
786 4223 927 4290 additae
945 4234 1029 4291 sunt
1049 4222 1154 4292 bonis
1173 4223 1294 4314 operi·
1345 4231 1380 4286 ct
1394 4216 1545 4287 sciamus
1563 4241 1642 4286 vere
1659 4217 1697 4286 in
1720 4214 1786 4287 bac
1805 4219 1874 4291 vita
1894 4221 1975 4289 ideo
1998 4220 2106 4290 leniri
2128 4246 2334 4292 communes

316 4327 394 4411 bus,
421 4339 455 4395 et
473 4321 661 4414 praecipue
684 4335 827 4410 propter
852 4317 914 4390 has
937 4324 1095 4417 quinque
1112 4347 1244 4397 causas.
1345 4319 1580 4402 calamitates,
1613 4335 1653 4390 ut
1681 4334 1841 4391 servetur
1868 4317 2046 4407 Ecclesia,
2080 4337 2116 4392 et
2140 4347 2204 4412 pro
2228 4325 2334 4393 bonis

409 4427 529 4497 Prima
552 4439 618 4493 est:
646 4422 694 4494 Ut
718 4424 790 4494 sint
813 4425 1015 4493 testimonia
1038 4427 1294 4517 providentiae.
1345 4419 1511 4512 operibns
1539 4435 1741 4492 sauctorum
1773 4422 1851 4491 dari
1877 4424 1987 4492 multa
2013 4425 2166 4514 praemia
2192 4424 2332 4514 publica

311 4525 395 4600 l'nlt
414 4531 508 4624 enim
531 4527 613 4596 sciri
630 4525 725 4596 Deus
745 4541 778 4594 ct
802 4527 894 4594 bona
919 4529 1115 4616 corporalia
1142 4549 1198 4596 res
1221 4548 1299 4597 esse
1345 4535 1379 4590 et
1405 4523 1561 4614 privata,
1593 4524 1699 4592 etiam
1723 4525 1761 4592 in
1786 4519 1893 4593 buius
1913 4525 2006 4594 vitae
2030 4525 2213 4615 periculis,
2244 4527 2334 4594 sicut

313 4635 353 4700 ab
378 4636 455 4724 ipso
479 4642 627 4708 creatas,
655 4639 689 4696 et
711 4651 783 4695 non
806 4651 888 4696 casu
914 4630 1049 4718 spargi,
1075 4630 1136 4698 sed
1151 4631 1196 4697 ab
1217 4629 1293 4720 ipso
1345 4617 1468 4692 Esaiae
1482 4623 1543 4695 33.
1564 4624 1712 4697 dicitur:
1741 4624 1895 4695 Panisci
1915 4626 2018 4695 datus
2034 4639 2103 4709 est,
2129 4649 2242 4720 aquae
2257 4627 2334 4696 eius

312 4735 411 4804 ctiam
431 4729 607 4802 Ecclesiae
624 4729 701 4798 dari
721 4743 755 4802 et
777 4729 997 4814 conservari,
1024 4730 1118 4801 iuxta
1142 4731 1294 4800 dictum:
1345 4723 1464 4793 fideles
1486 4741 1587 4811 sunt,
1622 4741 1654 4795 et
1681 4727 1848 4816 rigabunt
1870 4739 2019 4813 terram,
2051 4725 2186 4816 Regem
2209 4729 2246 4797 in
2270 4730 2332 4797 de·

312 4833 386 4925 lpse
410 4849 460 4904 est
483 4833 553 4901 vita
578 4845 658 4911 tua,
707 4843 741 4900 et
766 4831 954 4920 longitudo
977 4831 1116 4901 dierum
1140 4843 1295 4901 tuorum.
1344 4849 1503 4896 coresno
1518 4828 1701 4898 videbunt.

315 4932 415 5021 ltem,
441 4931 668 5004 psalmod:
703 4929 744 5000 In
764 4933 890 5002 diebus
912 4932 1015 5002 famis
1038 4934 1296 5003 saturabuntur
1446 4924 1494 4998 Et
1516 4943 1711 5018 agnoscunt
1735 4931 1846 5001 sancti
1876 4930 1980 4998 etiam
2014 4927 2052 4996 in
2086 4927 2330 5019 corporalibus

317 5051 369 5114 etc.
421 5037 560 5110 Diuites
587 5035 805 5116 esurierunt,
847 5035 987 5105 timenti
1016 5047 1133 5107 autem
1167 5033 1295 5106 Domi·
1344 5029 1523 5100 beneficiis
1542 5033 1645 5121 longe
1669 5033 1826 5123 superari
1852 5030 2064 5101 liberalitate
2080 5027 2145 5098 Dei
2171 5029 2330 5120 ipsorum

316 5159 391 5211 uum
417 5163 491 5208 non
516 5137 630 5207 deerit
657 5137 770 5206 ullum
796 5139 941 5208 bonum.
1343 5133 1543 5216 benefacta,
1568 5135 1702 5201 etiamsi
1720 5133 1804 5228 qnid
1822 5145 2014 5202 merentur.
2069 5129 2153 5199 ldeo
2171 5133 2257 5201 dicit
2276 5129 2330 5202 la·

405 5242 593 5314 Secunda:
636 5235 685 5309 Ut
713 5236 786 5307 siut
816 5237 1035 5317 testimonia,
1082 5237 1178 5330 quod
1209 5238 1296 5308 velit
1344 5235 1470 5304 cobus:
1499 5235 1624 5304 Minor
1637 5258 1715 5303 sum
1733 5236 1870 5303 cunctis
1887 5231 2173 5303 miserationibus
2191 5234 2272 5305 tuis.

313 5335 398 5415 Deus
415 5345 453 5412 in
471 5336 537 5411 hac
552 5341 622 5410 vita
638 5359 779 5410 servare
794 5334 1007 5420 Ecclesiam,
1034 5363 1143 5430 quare
1160 5337 1293 5411 Paulus
1447 5335 1582 5425 Quinta
1598 5337 1756 5431 quaestio
1773 5339 1816 5404 de
1832 5336 2039 5404 discrimine
2055 5350 2291 5424 peccatorum.

312 5441 442 5540 inquit,
480 5447 511 5516 1.
531 5435 692 5513 Timotlr.
706 5441 759 5510 4.:
785 5437 902 5510 Pietas
918 5435 1025 5508 habet
1041 5441 1293 5529 promissiones
1445 5435 2328 5526 Necesseestmoneribominesdediscrimioepec·

309 5545 497 5632 praesentis
507 5545 598 5613 vitae
607 5542 801 5615 etluturae.
828 5541 1295 5631 QuiaenimvultDeusim-
1343 5545 1523 5623 catorum‘,
1549 5565 1594 5610 nc
1616 5563 1697 5610 cum
1713 5542 1864 5608 audiunt
1880 5540 2017 5632 reliqua
2036 5559 2111 5608 esse
2130 5551 2270 5628 peccata
2291 5537 2329 5608 iu

308 5666 423 5720 mensa
440 5645 600 5718 bonitate
615 5643 780 5733 colligere
793 5637 988 5712 Ecclesiam
1006 5655 1152 5733 propter
1168 5643 1296 5730 titione
1342 5641 1475 5712 sanctis
1489 5643 1528 5709 in
1544 5637 1610 5711 bac
1626 5643 1709 5722 vita,
1735 5636 1900 5710 horribili
1917 5641 2037 5710 lurore
2053 5639 2230 5708 somnient
2246 5661 2328 5729 per·

303 5753 473 5842 tantisper
494 5759 611 5818 servat
634 5741 731 5814 bunc
752 5745 917 5813 ordinem
941 5756 1105 5829 naturae,
1142 5743 1293 5816 foecun·
1343 5757 1543 5815 severantes
1564 5744 1602 5812 in
1622 5742 1814 5812 sceleribus
1830 5757 1954 5812 contra
1975 5739 2227 5810 conscientiam
2252 5740 2329 5827 pla·

304 5849 361 5923 dat
377 5868 526 5937 terram,
559 5861 599 5920 ut
616 5846 685 5918 alat
699 5843 944 5916 Ecclesiamin
961 5839 1026 5918 hac
1040 5845 1132 5932 vita,
1160 5859 1288 5920 etcum
1342 5866 1422 5914 cere
1441 5843 1531 5918 Deo.
1589 5843 1679 5916 Cum
1702 5845 1813 5936 igitur
1837 5845 2039 5939 quaeritur,
2074 5862 2164 5935 quae
2188 5854 2328 5932 peccata
