5825 6950
576 654 676 752 sest
801 640 845 706 ·’
969 653 975 664 ’
1197 653 1327 735 anta.
1352 648 1471 731 unt,
1495 643 1706 735 scutum
1733 652 2037 737 nannenus.
2301 636 2327 648 ”
2501 666 2583 738 seso

680 841 782 919 Dicit
803 850 921 911 autem
948 836 994 904 de
1020 826 1231 903 ceremoniis
1258 828 1444 916 lassatos,
1486 818 1572 904 tunc
1623 834 1796 905 ‘locsustis
1817 846 1891 903 uon
1917 832 2159 907 delectaberis.
2214 832 2261 906 Et
2281 828 2423 905 lessies:
2440 812 2592 911 'Olierens

584 974 642 1025 eas
664 948 772 1022 fuisse
796 943 962 1022 umbras,
994 962 1074 1007 cum
1099 936 1281 1006 institutae
1301 950 1384 1005 saint
1407 956 1482 1005 non
1502 932 1574 1006 hu·
1627 961 1731 1008 orem
1748 937 1875 1007 similis
1891 950 1944 1008 est
1961 936 2196 1029 strangulent}
2213 948 2346 1014 canem.

584 1076 691 1131 mana
708 1046 914 1129 autoritate,
934 1043 999 1112 sed
1024 1038 1165 1131 divina,
1187 1038 1230 1106 id
1254 1051 1323 1121 est,
1349 1060 1575 1132 nequaquam
1686 1078 1689 1087 v

585 1158 693 1229 luisse
707 1150 831 1221 merita
848 1140 1065 1216 remissionis
1082 1153 1317 1233 peccalorum,
1340 1164 1457 1234 neque
1475 1142 1577 1211 insli-

587 1261 678 1331 ciam
694 1274 812 1324 curam
830 1247 926 1331 Deo,
945 1250 1004 1315 sed
1021 1244 1128 1314 inisse
1144 1244 1242 1331 signa
1258 1243 1577 1313 commonefacien-

586 1362 637 1435 tia
656 1353 821 1428 homines
840 1354 884 1422 de
903 1346 1138 1439 promissione
1160 1348 1254 1417 etde
1269 1357 1420 1416 venturo
1437 1342 1578 1416 Messio.
1734 1346 1862 1420 Graeci
1902 1347 2094 1419 nominant
2126 1339 2516 1447 βαυκοπανούργους,
2552 1349 2599 1443 qni

589 1461 729 1553 Corpus
747 1468 863 1527 aulem
881 1475 954 1520 ²⁵⁸²
970 1450 1175 1536 christum,
1199 1449 1235 1517 ld
1253 1458 1322 1529 ‘ils
1346 1470 1422 1517 rim
1445 1447 1579 1539 iignlfi·
1633 1452 1804 1526 simulaut
1826 1452 2036 1523 modestiam
2059 1472 2120 1521 sen
2145 1446 2399 1535 humilitatem,
2432 1464 2467 1519 rt
2488 1444 2549 1521 hac
2564 1454 2600 1519 si·

591 1578 703 1638 catam
728 1573 762 1632 et
774 1552 988 1637 exhibitam,
1013 1550 1178 1622 uidelicet
1204 1551 1314 1621 solam
1341 1550 1581 1623 obedientiam
1634 1555 1832 1629 mulatione
1854 1568 1996 1625 struunt
2016 1552 2189 1639 insidias,
2219 1566 2260 1624 ut
2289 1552 2530 1633 existimentur
2550 1554 2601 1625 sibi

592 1662 727 1740 Christi
756 1682 830 1732 esse
855 1657 1022 1726 meritum
1048 1653 1266 1723 remissionis
1295 1667 1519 1744 peccatorum
1549 1666 1583 1724 et
1635 1682 1708 1734 aon
1733 1679 1903 1752 quaerere
1923 1680 2030 1749 opes,
2054 1654 2204 1744 gloriam
2229 1668 2290 1727 aut
2313 1655 2529 1745 voluptates,
2557 1658 2601 1725 sed

594 1783 755 1841 aeternae
773 1760 932 1832 institiae
950 1769 985 1828 ei
1001 1758 1095 1827 vitae
1112 1768 1145 1825 ri
1162 1754 1320 1850 impos,
1346 1778 1386 1826 ac
1408 1757 1585 1850 propicia·
1638 1760 1747 1831 veluti
1772 1758 1918 1829 semidei
1941 1782 2026 1831 esse.
2078 1756 2175 1828 llaec
2198 1771 2249 1829 est
2265 1780 2322 1827 ars
2340 1758 2602 1848 impostorumia

594 1874 727 1945 tionem
744 1888 811 1958 pro
828 1862 952 1946 nobis,
976 1860 1144 1951 seipsum
1168 1859 1400 1928 mediatorem
1423 1884 1498 1929 esse
1522 1861 1585 1928 da·
1637 1861 1806 1937 Ecclesia.
1865 1860 1913 1935 Ut
1932 1875 2049 1930 aretem
2074 1859 2255 1931 simulatio
2279 1882 2300 1929 s
2323 1862 2458 1929 virtute
2478 1856 2604 1929 discessi

596 1990 709 2045 torem
726 1966 884 2039 iusticias
901 1978 935 2035 et
950 1963 1045 2033 ritae
1059 1975 1240 2045 aeternae,
1266 1961 1357 2031 sient
1382 1963 1420 2031 in
1437 1962 1587 2035 Daniele
1641 1962 1770 2059 possit,
1794 1976 1879 2035 nola
1895 1964 1939 2034 sit
1956 1962 2118 2035 delinitio
2134 1963 2294 2041 virtutis,
2321 1984 2413 2055 qnae
2427 1961 2605 2031 nominatur

597 2077 745 2147 dicitur:
774 2066 982 2141 Adducetur
995 2065 1133 2135 iusticia
1148 2064 1362 2154 sempiterna
1377 2078 1442 2141 etc.
1490 2064 1588 2135 llaec
1638 2060 1986 2163 canusappaodrp,
2021 2088 2088 2160 pso
2119 2086 2188 2161 qus
2220 2062 2394 2139 usitatum
2424 2086 2549 2133 nomen
2571 2078 2607 2137 „a

597 2171 784 2249 antithesis
807 2171 846 2240 in
861 2166 1020 2260 Epistola
1046 2167 1091 2236 ad
1104 2164 1288 2236 Hebraeos
1308 2168 1449 2259 copiose
1473 2166 1589 2258 expri-
1640 2170 1849 2243 Humilitas.

596 2280 708 2351 mitur
724 2277 768 2345 de
785 2272 992 2343 discrimine
1006 2269 1192 2339 sacerdotii
1210 2263 1333 2337 Aaron
1353 2283 1387 2339 et
1402 2268 1588 2339 sacerdotii

595 2375 755 2467 Christi,
797 2376 862 2446 ubi
899 2373 1050 2457 dicitnr,
1085 2369 1263 2442 sacrificia
1297 2370 1419 2441 Aaron
1448 2386 1589 2445 tantum

600 2484 708 2562 iusisse
725 2472 909 2552 ἀντίτυπα
925 2472 1082 2545 iacrilicii
1097 2467 1248 2557 Christi,
1274 2474 1364 2543 sicut
1381 2469 1439 2545 hic
1458 2472 1591 2545 Paulus

600 2585 755 2659 Umbras
779 2580 954 2651 nominat.
1021 2574 1091 2648 sca
1116 2576 1162 2645 de
1184 2575 1355 2645 sacrificio
1375 2574 1508 2648 Christi
1534 2577 1591 2645 in-

600 2686 698 2782 quit:
727 2683 809 2773 Qua
833 2682 1016 2750 voluntate
1038 2677 1245 2748 sanctificati
1264 2699 1386 2750 sumus
1407 2702 1470 2773 per
1492 2680 1592 2750 obla-

557 2863 566 2871 ,
594 2791 735 2861 tionem
750 2780 909 2878 corporis
925 2781 1005 2852 lesu
1018 2776 1153 2852 Christi
1168 2781 1288 2855 semel.

1680 1168 1801 1251 Nemo
1817 1200 1878 1247 vus
1896 1170 2055 1276 decipiat
2069 1170 2252 1247 simulato
2269 1154 2483 1247 humililate
2497 1184 2553 1255 cic.

1744 2318 1794 2395 Ul
1809 2334 1927 2393 aulem
1946 2342 1999 2391 res
2016 2320 2075 2391 liat
2093 2317 2268 2389 illustrior
2290 2310 2480 2403 antithesi,
2506 2329 2536 2389 et
2550 2340 2605 2387 cun

1644 2426 1731 2498 vitia
1755 2425 1896 2495 notiora
1921 2424 2015 2509 sint,
2057 2422 2155 2515 prius
2180 2418 2356 2515 Superbia
2378 2418 2557 2505 definitur,
2582 2418 2607 2487 iu

1645 2554 1714 2625 qua
1737 2526 1848 2597 multa
1874 2525 1959 2599 vilia
1984 2537 2222 2609 concurrunt,
2260 2536 2300 2594 nt
2324 2535 2411 2592 sunt
2442 2522 2545 2591 multa
2564 2545 2604 2613 ap·

1646 2628 1875 2725 pollutiones,
1910 2653 2000 2721 qnae
2024 2626 2097 2699 non
2129 2639 2267 2698 tantum
2299 2623 2446 2695 unitam
2472 2624 2606 2695 virtutem

1644 2746 1705 2805 aut
1735 2732 1881 2805 unicum
1919 2727 2045 2802 vitium
2083 2728 2295 2821 significant.
2326 2742 2329 2747 ’
2373 2724 2544 2819 Superbia
2573 2740 2607 2796 est

1644 2860 1719 2907 non
1747 2847 1947 2906 cernentem
1980 2830 2159 2927 propriam
2195 2828 2440 2919 infirmitatem
2472 2842 2527 2900 aul
2552 2851 2607 2921 pet·

704 2936 806 3009 Hanc
831 2935 1031 3007 doctrinam
1054 2935 1100 3005 de
1128 2932 1309 3005 intellectu
1342 2934 1591 3009 sacrificiorum
1645 2954 1740 3025 cata,
1774 2950 1810 3010 et
1843 2936 1910 3008 sibi
1942 2959 2086 3028 magnas
2121 2934 2270 3005 virtutes
2293 2931 2385 3003 salso
2415 2930 2607 3015 tribuentem,

600 3066 707 3136 saepe
721 3054 886 3133 repetunt
904 3038 973 3127 ipsi
988 3030 1207 3130 Prophetae,
1231 3038 1417 3109 seducent
1435 3062 1544 3137 unam
1560 3054 1594 3110 et
1645 3063 1807 3113 securum
1832 3062 1920 3123 esse,
1953 3064 2018 3110 nec
2040 3036 2154 3110 Deum
2177 3060 2243 3107 nee
2271 3026 2406 3130 poenas
2436 3034 2568 3119 timere,
2586 3048 2607 3103 et

602 3146 753 3219 arcadem
776 3164 850 3213 esse
873 3138 1072 3213 doctrinam
1097 3139 1141 3212 de
1163 3137 1409 3211 iustificatione
1424 3142 1594 3217 omuibus
1645 3143 1773 3215 fidncia
1798 3140 2021 3235 propriarum
2046 3142 2218 3212 virtutum
2242 3160 2430 3227 erumpere
2456 3151 2542 3206 extra
2556 3158 2606 3205 ns

603 3246 836 3340 temporibus.
886 3238 1007 3313 Patres
1023 3253 1106 3312 ante
1120 3238 1250 3312 Mosen
1268 3255 1303 3311 et
1325 3256 1405 3339 post
1423 3268 1503 3315 eum
1521 3239 1593 3318 sola
1647 3261 1700 3318 tas
1724 3246 1940 3334 vocationis,
1971 3267 2115 3331 movere,
2135 3266 2197 3312 seu
2227 3254 2393 3333 appetere
2423 3237 2546 3309 maiora
2566 3262 2607 3307 so·

602 3352 689 3435 ude,
714 3349 751 3417 id
773 3360 846 3430 est,
870 3342 1000 3415 fidncia
1023 3342 1227 3414 mediatoris
1248 3365 1367 3415 cursen
1382 3341 1460 3416 Deo
1485 3346 1595 3417 iustos
1647 3348 1804 3431 catione,
1839 3361 1872 3416 et
1903 3345 2083 3439 despicere
2115 3344 2223 3429 alios,
2258 3343 2359 3441 quasi
2386 3365 2462 3412 non
2485 3341 2549 3411 sint
2567 3364 2607 3411 or·

604 3452 732 3534 luisse,
760 3450 882 3531 idest,
910 3446 1081 3536 accepisse
1097 3444 1340 3516 remissionem
1359 3462 1596 3537 peccatorum,
1647 3475 1736 3543 gana
1758 3446 1881 3535 utilia,
1912 3462 1945 3521 et
1960 3449 2062 3520 irasci
2086 3446 2162 3519 Deo
2184 3460 2218 3519 et
2241 3440 2456 3517 hominibus
2475 3466 2544 3513 eum
2561 3440 2608 3512 in·
2635 3472 2636 3528 f

604 3553 877 3646 imputationem
897 3549 1075 3638 iusticias,
1101 3547 1374 3621 vivificationem
1401 3576 1462 3641 per
1478 3549 1595 3643 Spiri·
1651 3553 1845 3645 pediuntur
1869 3574 1940 3646 quo
1965 3553 2084 3622 mistus
2109 3563 2267 3644 regnent.
2334 3545 2389 3619 lta
2420 3547 2550 3616 initium
2567 3567 2607 3614 sn-

604 3671 682 3730 tum
697 3667 857 3725 sanctum
882 3667 916 3722 et
938 3653 1046 3720 silam
1069 3664 1266 3737 aeternam,
1292 3652 1597 3728 sicntAclor.15.
1651 3657 1791 3750 perbiae
1813 3668 1865 3726 est
1887 3656 2132 3740 mendacium,
2159 3654 2254 3746 quod
2279 3651 2443 3746 seqnitur
2465 3649 2606 3724 securitas,

604 3759 752 3844 dicitur:
785 3755 853 3826 Per
877 3754 1026 3843 gratiam
1047 3751 1194 3824 Domini
1219 3755 1332 3826 nostri
1356 3753 1436 3827 lesu
1461 3751 1598 3830 Christi
1650 3760 1780 3829 deinde
1802 3756 1947 3828 audacia
1974 3754 2182 3849 erumpendi
2206 3768 2301 3826 extra
2326 3753 2558 3836 vocationem,
2581 3761 2606 3820 ut

603 3861 783 3934 ffldlfflssi
796 3857 948 3941 &illisis
969 3855 1106 3926 ilffll‘l
1121 3855 1196 3940 illis
1221 3870 1285 3932 etc.
1651 3861 1855 3933 Alexander
1867 3860 2020 3929 somniat
2037 3881 2072 3928 se
2092 3857 2205 3928 Deum
2231 3880 2322 3940 esse,
2346 3857 2478 3926 deinde
2500 3873 2607 3924 securos

1652 3978 1746 4034 ertra
1770 3961 1990 4036 vocationem
2017 3961 2187 4052 erumpit,
2219 3961 2417 4030 contemnit
2441 3958 2543 4048 leges,
2570 3957 2606 4024 iu·

1654 4063 1781 4136 terlicit
1805 4064 1900 4136 viros
1922 4067 2045 4137 iustos.
2110 4063 2360 4136 samosatenus
2386 4081 2543 4150 arrogans
2562 4055 2605 4126 sili

1652 4189 1814 4257 magnam
1840 4165 2066 4258 sapientiam,
2100 4165 2279 4258 negligens
2304 4165 2454 4232 verbum
2470 4159 2545 4246 Dei,
2564 4179 2606 4228 uec

1654 4283 1813 4340 metuens
1831 4261 1957 4352 Deum,
1982 4282 2016 4339 et
2031 4265 2210 4342 conlidens
2225 4266 2398 4358 applausu
2413 4263 2526 4356 populi
2540 4277 2605 4332 crta

1654 4385 1764 4441 metas
1784 4371 1946 4460 effertur,
1974 4383 2007 4442 et
2029 4371 2113 4440 serit
2136 4369 2339 4462 opinionem
2364 4381 2494 4458 gratam
2515 4361 2604 4436 multi·

1654 4474 1794 4566 tudini,
1823 4487 1857 4544 et
1880 4474 1996 4543 munit
2018 4497 2055 4542 se
2080 4473 2252 4554 factione,
2278 4484 2317 4541 ut
2333 4473 2545 4542 adversantes
2561 4487 2604 4556 op·

1656 4577 1786 4670 primat
1813 4589 1847 4646 ct
1870 4599 2016 4666 regnum
2048 4587 2188 4662 teneat,
2219 4574 2357 4646 etiamsi
2383 4574 2469 4644 loris
2487 4567 2604 4644 simulat,

1655 4703 1691 4748 se
1709 4703 1781 4747 saun
1800 4681 1844 4747 de
1858 4703 1919 4746 sua
1937 4677 2182 4746 antecellentia
2200 4673 2387 4757 dimicare,
2414 4679 2472 4746 sed
2488 4677 2527 4744 de
2539 4666 2602 4739 veri·

1655 4796 1725 4852 tate
1743 4781 1832 4851 alios
1849 4781 1886 4849 in
1904 4779 2052 4872 speciem
2069 4779 2135 4848 sibi
2154 4779 2371 4872 p'raeierens,
2383 4803 2468 4854 ,non
2484 4776 2547 4846 vult
2563 4769 2601 4840 si·

1654 4883 1733 4953 deri
1749 4896 1912 4975 appetere
1927 4879 2142 4972 voluptatem
2160 4894 2220 4952 ant
2239 4883 2443 4973 potentiam.

704 4009 803 4099 Quid
828 4009 938 4097 igitur
968 4019 1069 4078 erant
1097 4019 1150 4078 tol
1172 4007 1343 4079 sacrificia
1367 4025 1402 4083 et
1424 4023 1475 4082 tol
1501 4035 1596 4084 cere·

474 4163 480 4174 ·
606 4113 773 4183 moniaci
814 4109 1046 4200 Respondeo:
1078 4107 1191 4200 Erant
1215 4112 1395 4183 distinctio
1417 4116 1515 4186 illius
1535 4139 1599 4206 pu·

607 4216 705 4286 litiae
729 4215 774 4283 ab
807 4208 968 4284 ethnicis.
1036 4207 1132 4300 Quia
1163 4212 1277 4283 voluit
1302 4213 1400 4286 Deus
1427 4217 1599 4288 immensa

605 4318 766 4390 bonitate
784 4330 906 4387 notam
923 4336 1016 4403 esse,
1043 4328 1077 4383 et
1093 4315 1252 4407 conspici
1265 4318 1445 4407 politiam,
1469 4321 1507 4389 iu
1529 4343 1600 4417 qna

605 4415 771 4494 Christus
794 4428 1017 4501 nasceretur,
1051 4419 1212 4500 doceret,
1246 4419 1363 4489 ederet
1395 4421 1596 4492 testimonia

607 4525 691 4594 suae
727 4520 930 4600 doctrinae,
983 4519 1082 4590 fieret
1115 4516 1279 4605 victima,
1328 4539 1526 4614 resurgeret
1560 4546 1601 4595 ex

609 4639 743 4709 morte,
769 4638 804 4695 et
821 4623 1020 4694 ostenderet
1043 4622 1309 4694 resurrectionis
1323 4626 1543 4712 testimonia,
1570 4641 1603 4698 et

607 4727 649 4798 in
674 4749 742 4821 qus
774 4739 1044 4796 conservaretur
1067 4724 1229 4795 doctrina
1258 4727 1376 4797 missis
1403 4725 1602 4822 Prophetis.

610 4826 665 4901 Ac
688 4842 728 4899 ut
749 4828 861 4918 magis
885 4826 1041 4917 conspici
1064 4821 1151 4896 haec
1182 4828 1306 4916 politia
1339 4845 1474 4921 posset,
1509 4833 1603 4902 inter

611 4929 804 5003 clarissima
831 4929 978 5020 imperia
996 4926 1236 5023 Babylonium
1258 4943 1291 5001 et
1308 4932 1522 5027 Aegyptium
1546 4935 1603 5004 in-

611 5034 756 5104 teriecta
781 5031 860 5101 luit.
920 5029 966 5102 Es
990 5031 1073 5123 qnia
1096 5025 1187 5103 hane
1211 5034 1372 5123 politiam
1396 5037 1509 5106 voluit
1531 5060 1604 5106 esse
1759 5029 1834 5104 lam
1878 5033 2054 5106 contraria
2098 5036 2255 5126 exempla
2297 5059 2401 5105 verae
2436 5025 2600 5106 humilitatis

611 5134 795 5206 doctrinae
825 5128 981 5202 scholam
1005 5147 1040 5203 et
1065 5135 1184 5202 sedem
1207 5132 1410 5222 Ecclesiae,
1449 5133 1612 5212 instituit
1659 5137 1896 5230 aspiciantur,
1922 5161 1964 5206 ex
1987 5137 2118 5231 quibus
2140 5131 2598 5230 posteadefiuitiocoustitus·

612 5237 688 5329 ipse
703 5260 767 5306 sua
786 5259 872 5305 voce
888 5235 1051 5305 exercitia
1068 5247 1229 5323 externa,
1253 5261 1343 5331 quae
1358 5255 1473 5311 essent
1491 5243 1605 5332 pictu-
1657 5253 1725 5310 tur.
1799 5237 1891 5308 Nam
1918 5239 1955 5306 in
1980 5264 2061 5309 vera
2094 5237 2294 5311 humilitate
2319 5240 2424 5310 simul
2446 5229 2596 5308 suntini-

612 5361 672 5409 rae
695 5339 894 5422 doctrinae,
934 5351 974 5408 ut
998 5337 1170 5427 populum
1196 5343 1537 5414 commonefacerent
1562 5346 1605 5413 de
1659 5356 1708 5411 tas
1735 5353 1828 5411 recte
1851 5341 2012 5411 iudicans
2037 5344 2081 5411 de
2103 5341 2318 5414 infirmitate.
2376 5339 2503 5411 Deinde
2523 5338 2596 5407 ilua

612 5440 848 5532 promissione
861 5454 898 5511 et
912 5442 957 5510 de
972 5443 1186 5525 mediatore,
1212 5454 1247 5511 et
1267 5459 1452 5516 moverent
1474 5446 1606 5517 multos
1659 5441 1724 5513 tici
1755 5457 1789 5514 et
1822 5441 1925 5511 dolor
1955 5457 2101 5535 propter
2129 5445 2371 5515 infirmitatem
2396 5457 2427 5514 et
2451 5453 2595 5534 peccatum,

611 5540 784 5612 Ethnicos
798 5545 846 5611 ad
864 5545 1101 5634 quaerendam
1123 5565 1266 5612 cansam
1282 5547 1523 5617 distinctionis
1541 5569 1606 5640 po·
1660 5547 1790 5616 deiude
1808 5567 1891 5616 cura
1907 5547 2076 5623 manendi
2093 5547 2185 5617 intra
2200 5549 2441 5630 vocationem,
2464 5555 2497 5612 ut
2519 5542 2546 5609 iu
2558 5535 2595 5604 lo·

613 5645 721 5718 litiae.
785 5640 899 5735 Saepe
926 5644 1038 5734 igitur
1062 5639 1261 5736 Prophetae
1284 5658 1406 5720 taxant
1431 5645 1607 5742 pharisai-
1662 5643 1768 5718 uatha
1795 5661 1846 5717 ast
1870 5645 1997 5717 veritas
2018 5661 2111 5719 recte
2130 5649 2291 5719 iudicans
2307 5651 2442 5720 nullum
2459 5643 2594 5715 hominm

614 5768 691 5816 cam
710 5745 938 5836 opinionem,
965 5746 1028 5837 qui
1042 5745 1131 5816 ialso
1147 5746 1330 5836 lingebant
1347 5746 1412 5821 hos
1426 5751 1518 5823 ritus
1533 5775 1606 5823 esse
1662 5773 1737 5821 esse
1772 5773 1892 5842 parem
1926 5771 2055 5839 regno,
2094 5763 2175 5822 eta
2210 5749 2285 5822 Deo
2318 5775 2430 5842 regem
2459 5733 2593 5818 constitui,

611 5847 778 5918 meritum
800 5861 835 5918 et
857 5847 1052 5928 iusticiam,
1077 5848 1169 5920 sicut
1188 5849 1501 5948 Psalmusinqnit:
1526 5853 1604 5926 llo·
1665 5853 1869 5945 praesertim
1893 5851 1931 5921 in
1956 5848 2073 5924 tersit.
2142 5851 2283 5925 Deinde
2310 5869 2391 5926 snut
2412 5857 2447 5923 in
2468 5845 2593 5920 colimur
