5825 6950
609 678 690 756 sos
889 707 893 725 ·
1117 758 1123 771 ,
1202 670 1329 767 nnn.
1355 667 1474 746 stru
1498 668 1710 792 sentem
1734 668 2100 774 mensures..
2198 618 2238 726 ſs
2544 692 2598 767 ω,

618 876 703 923 riam
730 848 864 919 multae
900 844 1149 946 liberationes,
1165 844 1354 917 mirandae
1381 842 1609 934 contingunt.
1653 842 1724 918 etsi
1739 864 1844 937 saepe
1857 841 2030 933 traditur,
2052 856 2177 921 umen
2200 844 2325 923 inhoc
2345 850 2598 949 dictorepetine

619 953 757 1025 etiamsi
774 972 848 1021 non
865 972 988 1023 omnes
1002 948 1072 1041 ipsi
1090 948 1256 1023 novimus
1279 959 1341 1017 aut
1361 945 1609 1035 intelligimus,
1657 969 1752 1017 cesse
1764 960 1816 1017 est
1823 996 1837 1033 ,
1872 945 1956 1041 quia
1977 942 2038 1021 hic
2062 951 2193 1022 modus
2215 951 2451 1029 invocationis
2471 968 2598 1053 proponi

620 1056 715 1131 sicrst
739 1052 859 1125 Moses
885 1053 1023 1133 iniens,
1063 1044 1190 1143 loseph
1205 1049 1386 1141 captivus,
1429 1048 1548 1119 David
1572 1064 1608 1119 et
1658 1060 1728 1121 tur.
1784 1044 1976 1143 Praecepta
2007 1063 2093 1123 nota
2119 1067 2226 1129 sunt:
2266 1052 2382 1127 Petite
2402 1065 2599 1155 reaccipies

623 1158 687 1231 alii
702 1152 900 1241 innumeri,
923 1154 1170 1226 mirabiliters
1186 1150 1265 1223 Deo
1277 1151 1409 1223 servati
1426 1164 1461 1221 et
1477 1141 1610 1245 guber-
1659 1149 1765 1221 item:
1799 1147 1930 1223 invoca
1947 1175 2005 1223 me
2026 1153 2068 1225 in
2092 1152 2152 1229 die
2173 1140 2426 1235 iribtrlationis.
2482 1162 2599 1237 Promis

612 1259 818 1356 pransum,
840 1269 878 1328 et
890 1256 1093 1351 plenasunt
1107 1254 1362 1331 miraculorum
1379 1256 1502 1328 omnia
1520 1277 1611 1351 quae
1657 1252 1778 1324 sioues
1806 1252 1913 1326 etiam
1942 1254 2077 1327 multae
2106 1258 2237 1351 passim
2248 1275 2390 1355 urant,
2424 1265 2481 1337 sed
2507 1268 2539 1337 io
2556 1262 2599 1341 hos

623 1372 763 1457 gemm,
1660 1356 1739 1449 ipss
1753 1355 1833 1426 loco
1847 1356 2037 1453 praecipua
2050 1360 2233 1435 recitatur:
2260 1360 2442 1461 Quicquid
2461 1371 2599 1461 petetisin

1658 1458 1922 1545 nominemeo,
1948 1454 2170 1537 bociacism.
2281 1518 2290 1534 ,

790 1634 798 1651 .
1762 1556 1834 1631 Sed
1850 1565 2030 1657 quomodo
2046 1563 2283 1641 disoernende
2303 1566 2351 1641 sit
2363 1582 2475 1645 nostra
2495 1572 2599 1645 invoca

731 1643 834 1716 ΠΜ»
859 1639 922 1709 ⁶²⁶·
1664 1660 1714 1737 tio
1734 1662 1780 1732 ab
1793 1656 1968 1748 Ethnica,
1997 1662 2235 1742 Mahometica
2261 1683 2299 1743 et
2323 1668 2479 1759 iudaice,
2505 1676 2536 1745 id
2558 1678 2599 1745 do

727 1764 877 1839 Causam
891 1762 1015 1847 addit,
1048 1786 1112 1833 cur
1138 1764 1281 1835 iuturus
1303 1760 1349 1835 sit
1364 1761 1486 1831 ellicar
1505 1772 1540 1833 et
1556 1782 1613 1831 sa·
1663 1774 1743 1831 cent
1765 1757 1852 1835 haec
1875 1767 2004 1837 verba:
2051 1766 2093 1837 lu
2123 1772 2271 1842 nomine
2293 1796 2384 1845 meo.
2439 1772 2489 1845 Ac
2506 1778 2598 1867 duplo

625 1869 888 1943 lutariscursus
905 1862 1185 1960 Apostolorum,
1219 1890 1283 1936 cur
1299 1886 1426 1955 magna
1441 1863 1613 1935 miracula
1662 1862 1853 1935 discrimen
1876 1881 1949 1956 est,
1988 1868 2141 1939 alterum
2161 1875 2208 1942 de
2233 1874 2401 1959 essentia,
2429 1877 2555 1948 alterum
2571 1882 2598 1947 de

624 1972 753 2045 lecturi
767 1974 860 2052 sint,
886 1981 920 2038 et
935 1991 990 2040 res
1008 1967 1178 2041 salutares
1190 1967 1365 2043 effecturi.
1663 1967 1848 2041 voluntate
1862 1965 1942 2043 Dei.
1972 1965 2051 2041 Etsi
2064 1972 2162 2044 enim
2177 1971 2347 2063 Etbnici,
2370 1974 2599 2063 Mahoroetistsc,

728 2071 844 2162 Quia,
874 2070 1015 2165 inquit,
1045 2070 1224 2160 egovado
1245 2073 1292 2139 ad
1314 2083 1470 2163 patrem,
1492 2066 1614 2155 idest,
1663 2083 1725 2142 aut
1752 2066 1875 2141 Iudaei
1907 2070 2064 2145 fatentur
2090 2098 2206 2149 unum
2232 2080 2390 2174 aliquem
2422 2104 2488 2151 esse
2508 2080 2599 2166 Deru.

623 2177 710 2273 qnia
742 2199 805 2265 ego
834 2186 1021 2267 postquam
1050 2172 1233 2245 redemero
1265 2168 1465 2243 humanum
1489 2192 1613 2261 genus,
1661 2170 1884 2243 conditorem
1894 2174 1988 2251 ,coeli
2004 2188 2038 2244 et
2056 2188 2180 2264 terrae,
2200 2193 2238 2252 et
2254 2182 2403 2253 aliarum
2415 2204 2599 2255 remmeree

623 2302 704 2351 ntea
728 2290 842 2347 morte
866 2274 1091 2349 resuscitatus
1113 2275 1269 2365 regnabo
1296 2299 1366 2346 nna
1395 2288 1613 2364 compatre,
1663 2291 1800 2361 tarum,
1826 2286 1945 2345 tamen
1965 2299 2039 2345 nou
2062 2279 2213 2352 credunt
2227 2280 2368 2367 Deum,
2396 2300 2435 2357 ut
2452 2309 2484 2355 se
2502 2284 2599 2374 patefe-

623 2384 733 2455 adero
753 2378 874 2463 vobis,
903 2400 967 2447 ero
981 2376 1178 2471 opitulator
1196 2390 1232 2447 et
1254 2377 1410 2449 effector.
1462 2370 1511 2446 Et
1531 2399 1614 2445 mox
1662 2378 1732 2461 rit,
1757 2400 1823 2447 nee
1838 2378 2081 2447 assentiuntur
2100 2375 2198 2451 bunc
2213 2409 2290 2456 esse
2304 2410 2384 2456 vere
2397 2382 2495 2457 Deum
2507 2384 2598 2455 condi·

625 2484 770 2555 additur
791 2477 979 2573 promissio
999 2502 1092 2571 quae
1118 2480 1274 2551 duarum
1301 2479 1535 2549 maximarum
1558 2502 1615 2547 re-
1663 2493 1801 2561 torem,
1823 2479 1891 2577 qui
1904 2478 2001 2549 misit
2014 2478 2129 2551 lilium
2150 2487 2341 2559 dominum
2358 2505 2498 2561 nostrum
2512 2484 2598 2555 lesum

624 2610 708 2659 rum
737 2582 943 2655 testimonia
971 2581 1141 2653 continet.
1198 2576 1361 2651 Primum
1384 2583 1488 2653 ducet
1506 2575 1614 2649 Chri·
1664 2578 1868 2666 Christum,
1898 2582 2103 2653 crucifixum
2128 2608 2194 2675 pro
2214 2592 2323 2660 nobis
2344 2603 2379 2661 et
2396 2588 2594 2662 mussitatum.

626 2702 720 2757 stum
738 2700 864 2759 natura
879 2678 995 2755 Deum
1008 2706 1095 2756 esse.
1126 2678 1190 2753 Bis
1207 2681 1325 2774 inquit
1339 2678 1516 2765 Christus,
1540 2704 1615 2751 sese
1662 2684 1737 2754 Sed
1754 2695 1928 2773 vagantur
1941 2685 2089 2769 animis,
2120 2710 2187 2759 nee
2205 2694 2421 2765 constituunt
2433 2690 2498 2783 qnid
2515 2688 2597 2755 invo-

626 2790 912 2870 iacturumesse,
943 2784 1114 2879 quicquid
1138 2784 1225 2875 petit
1244 2780 1417 2855 Ecclesia:
1463 2784 1614 2855 affirmat
1666 2798 1766 2870 cent,
1797 2784 1884 2879 quid
1903 2786 1951 2855 sit
1973 2786 2034 2855 ille
2055 2784 2171 2871 Deus,
2209 2812 2276 2867 aut
2295 2820 2366 2889 quo
2392 2788 2553 2866 testimonio
2570 2809 2598 2855 se

626 2914 711 2979 ergo
733 2914 769 2959 se
793 2886 958 2959 exaudire
987 2900 1189 2979 precantes,
1224 2900 1263 2957 et
1287 2888 1393 2957 corda
1425 2879 1614 2958 bominum
1666 2887 1888 2980 patefecerit,
1921 2912 2027 2987 quem
2051 2908 2237 2983 quaerunt.
2301 2897 2385 2969 Ideo
2405 2890 2524 2965 Etbnici
2544 2903 2597 2957 tam

625 2992 878 3083 introspicere,
902 3002 938 3059 et
952 2988 1151 3059 effectorem
1167 3010 1240 3058 esse
1253 2989 1414 3059 omnium
1431 2987 1616 3059 liberatio-
1666 2990 1765 3059 varia
1795 2988 1943 3060 numina
1981 2991 2197 3087 excogitant,
2248 2998 2341 3069 alins
2369 2996 2458 3085 fingit
2483 2989 2597 3061 inveniri

626 3116 736 3179 num,
756 3114 849 3191 quas
863 3090 969 3161 nobis
983 3091 1155 3162 divinitus
1172 3091 1367 3163 donantur.
1417 3087 1616 3161 Haecsunt
1666 3092 1784 3163 Deum
1800 3090 1901 3162 cultu
1914 3088 2090 3178 Palladis,
2117 3095 2328 3173 aliuscnltu
2344 3096 2517 3191 Apollinis,
2535 3092 2598 3159 alius

625 3192 1069 3285 naturae-omnipotentis,
1094 3192 1238 3263 divinae
1254 3207 1288 3263 et
1301 3192 1490 3266 meritricis.
1540 3189 1615 3261 Nec
1667 3194 1765 3265 cultu
1784 3191 1902 3279 loris,
1927 3192 2019 3264 alius
2035 3195 2133 3267 cultu
2150 3194 2294 3274 Martis.
2343 3196 2497 3273 Prohibet
2514 3207 2595 3263 anteo

626 3296 732 3387 longa
748 3295 987 3373 declaratione
998 3318 1090 3387 opus
1108 3307 1159 3363 est
1177 3294 1214 3363 in
1230 3289 1298 3364 hoe
1313 3293 1537 3379 testimonio,
1563 3308 1616 3363 est
1660 3296 1763 3372 ‚Deos
1779 3294 1830 3366 sic
1846 3295 1967 3387 sagari
1981 3296 2138 3379 animos,
2164 3314 2199 3374 et
2221 3304 2344 3395 alligat
2364 3326 2425 3375 nos
2445 3300 2491 3370 ad'
2504 3294 2596 3389 pstcla

623 3400 720 3471 enim
743 3399 988 3499 perspicuum,
1023 3410 1163 3467 tantum
1191 3398 1392 3467 monendus
1420 3408 1472 3465 est
1492 3396 1615 3482 lector,
1660 3399 1821 3471 ctionem
1847 3410 1883 3469 st
1904 3398 1950 3467 ad
1971 3391 2069 3469 bunc
2088 3400 2219 3490 hlium,
2256 3422 2295 3479 ut
2317 3430 2417 3498 supra
2430 3403 2595 3475 dictumest:

624 3519 668 3573 ut
682 3505 857 3594 expendat
869 3515 906 3572 et
917 3522 1037 3573 secum
1058 3500 1302 3584 circumierat,
1326 3521 1368 3568 ac
1392 3522 1495 3589 saepe
1517 3497 1614 3588 cogi·
1667 3499 1742 3590 Qui
1762 3501 1859 3572 videt
1875 3523 1954 3584 me,
1977 3501 2073 3571 videt
2091 3518 2236 3594 patrem.
2291 3505 2340 3581 Et
2361 3505 2415 3578 bic
2434 3503 2552 3576 dicitur:
2569 3493 2595 3565 ln

624 3617 696 3688 tet,
728 3604 779 3673 sic
804 3601 1027 3694 supradixit
1049 3623 1128 3690 cap.
1150 3596 1206 3670 bn
1247 3597 1354 3673 Pater
1383 3622 1616 3692 mensusque
1665 3602 1927 3688 nominemeo,
1952 3601 2074 3674 idest:
2101 3607 2443 3690 Acceditesdlieum
2458 3599 2596 3676 menoni-

624 3708 733 3774 modo
753 3717 945 3796 operatur,
967 3713 1004 3772 et
1018 3723 1084 3790 ego
1098 3724 1239 3791 operor.
1280 3698 1389 3784 ltem,
1413 3724 1504 3796 quae
1517 3716 1617 3794 pater
1666 3719 1773 3791 nato,
1797 3726 1860 3774 seu
1874 3705 2016 3796 agnito,
2041 3699 2137 3777 bunc
2152 3708 2271 3784 Deum
2288 3714 2441 3784 invocate
2454 3707 2507 3802 qui
2520 3723 2596 3792 sen

628 3809 736 3888 lacit,
763 3803 848 3878 haec
864 3821 897 3878 et
914 3804 1008 3874 filius
1021 3802 1187 3872 similiter
1202 3801 1297 3873 lacit.
1343 3799 1441 3876 Haec
1465 3815 1500 3872 et
1515 3803 1617 3872 simi·
1668 3809 1787 3878 tefecit
1803 3830 1867 3899 per
1881 3830 1959 3894 me,
1984 3820 2019 3877 et
2035 3831 2092 3878 me
2108 3812 2221 3883 voluit
2238 3817 2361 3886 advos
2377 3814 2512 3904 perferre
2527 3821 2594 3872 suun

625 3909 676 3978 lia
693 3909 871 3980 dictasint
886 3906 1141 3996 intempesto,
1166 3917 1206 3974 ut
1224 3927 1290 3974 nos
1303 3903 1474 3976 adversus
1488 3904 1617 3997 impios
1668 3911 1836 3996 verbum,
1869 3896 1943 4003 quo
1965 3933 2046 3980 vere
2067 3910 2316 3992 innotesceret.
2363 3913 2491 3986 Deinde
2506 3909 2542 3976 dc
2555 3927 2594 3966 m

627 4011 768 4080 lurores
787 4007 1012 4082 samosateni
1036 4019 1070 4075 et
1087 4002 1167 4076 Arii
1190 4005 1412 4092 muniamus,
1446 4019 1482 4076 et
1506 4030 1616 4095 agno-
1667 4012 1805 4082 luntate
1832 4024 1955 4083 errant
1981 4035 2104 4083 omnes
2129 4031 2252 4107 gentes
2280 4021 2420 4110 ignarae
2448 3999 2595 4095 Ersogclii

626 4130 766 4180 scamus
788 4109 901 4178 filium
923 4107 990 4178 Dei
1011 4119 1139 4176 natura
1159 4103 1294 4190 Deum,
1334 4119 1369 4176 et
1389 4107 1617 4198 omnipoten·
1667 4113 1751 4206 quia
1770 4128 2016 4205 nonnorunt,
2040 4138 2086 4186 sn
2110 4130 2145 4187 et
2168 4142 2234 4190 cur
2257 4121 2493 4192 exandiantur:
2513 4103 2594 4182 Ecrle

626 4225 754 4284 temet
777 4203 980 4306 ὁμοούσιον
1003 4232 1078 4278 esse
1102 4207 1216 4300 patri,
1253 4221 1391 4278 etcum
1415 4209 1618 4279 vereinvo·
1668 4216 1719 4285 sis
1734 4215 1799 4286 scit
1815 4215 2066 4306 promissiones
2081 4222 2179 4289 datas
2203 4245 2278 4292 esse
2297 4235 2436 4314 propter
2453 4215 2597 4290 lilium,tl

624 4339 757 4388 cemus.
807 4313 885 4392 Nisi
899 4313 993 4382 enim
1017 4305 1104 4381 haee
1130 4310 1303 4383 sententia
1321 4309 1518 4400 retinetur,
1541 4335 1618 4387 non
1669 4317 1735 4388 scit
1752 4312 1849 4387 buno
1866 4314 2097 4387 mediatorem
2114 4324 2346 4394 constitutum
2356 4345 2438 4406 esse,
2449 4329 2597 4398 etnospro·

674 1528 781 1651 Quin
796 1552 862 1626 ego
877 1522 973 1599 vodo
991 1520 1049 1597 od
1059 1532 1228 1625 putrem,
1248 1534 1284 1599 et
1305 1518 1485 1633 quicquid
1499 1524 1612 1624 petis-

492 4473 494 4478 .
627 4433 744 4512 potest
761 4417 836 4490 fieri
852 4415 1044 4494 invocatio,
1669 4430 1748 4509 pter
1764 4442 1845 4489 enm
1860 4419 2038 4502 exaudiri,
2070 4445 2146 4492 non
2169 4440 2316 4518 propter
2329 4440 2475 4496 nostram
2489 4411 2597 4502 dignita·

728 4521 912 4594 Secundo:
940 4515 1039 4595 Haec
1058 4513 1245 4606 promissio
1263 4515 1303 4583 in
1318 4515 1536 4585 testudocet
1552 4537 1618 4584 uos
1669 4533 1751 4590 tem.
1812 4515 1854 4590 ld
1877 4519 1983 4595 etiam
2007 4522 2109 4594 docet
2131 4517 2217 4596 haec
2244 4525 2429 4600 sententia:
2466 4504 2598 4608 Quicqul

623 4623 671 4694 de
687 4623 930 4708 invocatione,
953 4619 1135 4714 quomodo
1152 4617 1311 4686 iacienda
1327 4617 1391 4702 sit,
1416 4628 1451 4687 et
1467 4617 1619 4687 affirmat
1670 4620 1843 4712 petieritis
1858 4637 1992 4713 patrem
2010 4621 2048 4692 in
2066 4625 2211 4697 nomine
2227 4655 2327 4714 roeo,
2349 4629 2386 4698 id
2408 4639 2471 4705 en,
2496 4639 2541 4687 roe
2557 4631 2598 4707 no

624 4725 737 4817 recipi
752 4741 891 4798 nostras
904 4745 1043 4816 preces,
1077 4733 1112 4790 et
1136 4733 1230 4789 certo
1253 4719 1444 4812 impetrare
1467 4743 1506 4788 ea
1527 4743 1618 4813 quae
1670 4725 1866 4808 minantes,
1890 4737 1926 4795 et
1945 4745 2002 4792 me
2017 4743 2246 4815 agnoscentes
2261 4731 2478 4801 mediatorem
2490 4721 2598 4820 interce

626 4827 794 4918 petimus.
843 4825 994 4920 Quoties
1011 4821 1163 4894 dicimus
1177 4834 1315 4894 nostras
1340 4845 1483 4912 preces,
1515 4845 1618 4912 repe·
1671 4826 1813 4896 dentem
1845 4848 1911 4917 pro
1943 4825 2044 4898 vobis
2077 4832 2173 4919 apud
2208 4847 2355 4923 partem,
2409 4825 2496 4898 Hm
2517 4828 2598 4888 omna

625 4942 744 5002 tamus
759 4926 829 5008 hoc
842 4929 996 5010 dictum,
1018 4937 1057 4996 et
1070 4925 1289 5012 languentes,
1313 4922 1531 5024 dubitantes,
1558 4923 1618 4993 fu·
1667 4927 1834 5021 quotidie
1848 4927 1996 5018 eogitari
2014 4926 2053 4997 in
2072 4929 2296 5004 invocatione
2313 4953 2444 5004 nerone
2458 4938 2512 4996 est.

626 5031 776 5123 gilsnles
798 5029 939 5102 animos
959 5026 1163 5100 excitemus.
1224 5022 1303 5099 ttae
1326 5025 1442 5116 ampla
1465 5025 1620 5116 promis-
1773 5027 1928 5118 Quarto:
1954 5025 2120 5118 Accedat,
2144 5032 2219 5105 imo
2237 5036 2428 5128 praeluceat
2441 5027 2524 5104 fidet,
2540 5027 2596 5106 <1⁰³¹

624 5135 728 5206 sione
752 5127 929 5206 trahimur
947 5130 993 5200 ad
1019 5126 1150 5212 Deum,
1186 5140 1224 5198 et
1254 5127 1421 5196 iuvocare
1442 5127 1620 5212 iubemur,
1666 5142 1801 5203 statuat
1819 5133 1865 5202 de
1879 5129 2088 5203 remissione
2103 5151 2340 5226 peccatorum,
2364 5139 2484 5204 donata
2499 5125 2597 5214 proptu

623 5236 911 5332 obtemperemus
948 5231 1074 5320 igitur,
1115 5242 1150 5299 et
1174 5231 1384 5300 accedamus
1414 5229 1460 5297 ad
1489 5225 1620 5320 Deum,
1666 5229 1868 5309 Christum.
1910 5229 2001 5302 Nam
2016 5239 2351 5329 menedoneclugit
2368 5233 2597 5322 Deumnectr‘j

625 5338 719 5409 sicut
731 5333 819 5432 haec
833 5359 902 5406 nox
917 5328 1054 5404 Christi
1071 5333 1362 5404 accederedncet.
1400 5327 1546 5404 Dictum
1565 5344 1618 5401 est
1671 5335 1727 5405 dit
1749 5334 1994 5405 remissionem
2014 5353 2256 5428 peccatorum,
2291 5351 2498 5433 nequaqnam
2517 5320 2597 5390 statut

627 5461 735 5532 supra
751 5441 790 5510 in
805 5437 1005 5530 precatione
1020 5434 1181 5534 quinque
1197 5457 1252 5505 res
1271 5456 1486 5504 concurrere
1511 5456 1618 5524 opor·
1670 5434 1780 5526 recipi
1803 5459 1922 5526 preces
1944 5459 2038 5508 suas.
2098 5439 2183 5512 ldeo
2203 5466 2340 5512 neeesse
2362 5452 2411 5508 est
2431 5429 2511 5500 hane
2528 5417 2597 5528 hictu

626 5555 722 5636 tere,
747 5539 996 5632 cogitationem
1018 5538 1065 5607 de
1081 5550 1282 5627 praecepto,
1314 5535 1551 5634 promissione
1573 5537 1619 5603 de
1671 5537 1886 5626 praelucere,
1911 5539 1956 5608 de
1970 5563 2041 5632 qua
2054 5537 2189 5614 Paulus
2203 5545 2290 5614 dicit
2304 5546 2347 5612 ad
2363 5537 2464 5610 Rom.
2477 5525 2522 5600 h:
2541 5515 2597 5586 fail

624 5640 722 5732 Deo,
755 5649 800 5716 ad
825 5667 929 5736 quem
950 5637 1121 5728 dirigitur
1144 5636 1343 5722 invocatio,
1383 5637 1619 5706 discernenda
1669 5633 1844 5709 habemns
1859 5662 2034 5710 accessum
2048 5645 2095 5712 ad
2112 5640 2226 5716 Deum
2244 5668 2307 5737 per
2320 5639 2494 5716 Christum.
2522 5615 2597 5739 ‘liti‘

623 5750 673 5822 ab
699 5743 986 5818 invocationibus
1023 5738 1186 5810 omnium
1223 5738 1384 5832 gentium
1413 5737 1617 5827 impiarum,
1671 5739 2190 5832 ipsadoctrinadefideetiam
2213 5738 2509 5835 comprehenditur
2521 5745 2550 5792 ¹¹¹
2563 5716 2597 5829 fh·

624 5849 876 5933 itemdefide,
899 5846 1046 5920 etdere
1061 5841 1226 5940 petenda.
1276 5837 1382 5914 Hanc
1403 5839 1617 5928 doctrinam,
1668 5857 1728 5912 cto
1754 5836 1863 5912 huius
1892 5843 1981 5916 loci:
2023 5843 2206 5944 Quicquid
2232 5845 2399 5948 petieritis
2433 5837 2469 5904 io
2495 5828 2597 5898 ncffltss‘
