5825 6950
1181 627 1310 704 PillL.
1335 625 1455 703 Mas.
1483 621 1694 703 SCRIPTA
1716 613 2021 698 affluentes.

594 650 669 726 786
2534 637 2595 712 730

600 842 766 921 pecuum,
798 821 832 886 et
854 812 1024 904 scriptum
1046 819 1115 876 est:
1142 802 1300 876 Mansbo
1326 801 1507 872 vobiscum
1529 819 1588 869 us-
1642 819 1741 876 rum,
1767 805 1848 864 cum
1865 817 1987 864 omnes
2012 811 2153 892 gentes,
2184 812 2323 889 praeter
2343 802 2602 894 populomluda,

601 954 670 1026 que
688 925 734 994 ad
756 915 1098 990 consummationem
1113 908 1243 991 seculi,
1269 919 1387 976 tamen
1405 903 1588 972 sciendum
1638 913 1788 992 ‘prorsus
1813 895 2012 969 amisissent
2038 903 2204 971 noticiam
2223 900 2301 972 Dei.

601 1044 654 1104 est
670 1026 762 1098 hauc
780 1043 899 1090 veram
916 1013 1110 1088 Ecclesiam
1129 1034 1204 1079 non
1217 1030 1356 1097 semper
1371 1005 1504 1098 pariter
1525 1003 1591 1072 ilo-
1746 999 1922 1070 Praedicit
1939 1017 1973 1072 et
1988 1003 2163 1092 scriptura
2186 1005 2326 1074 flaturas
2343 1021 2421 1104 post
2438 1005 2603 1100 Apostolos

600 1156 699 1210 rere,
723 1126 905 1214 sedsaepe
928 1119 1120 1188 admodum
1143 1111 1304 1198 exiguam
1327 1133 1421 1192 esse,
1446 1131 1487 1177 ac
1509 1107 1592 1174 sub-
1644 1101 1822 1172 Ecclesiae
1848 1099 1985 1186 clades,
2026 1101 2157 1176 March.
2176 1107 2254 1176 ab:
2288 1107 2396 1178 Multi
2415 1116 2604 1204 pseudopro.

602 1237 687 1306 inde
716 1224 854 1299 restitui
879 1221 1071 1302 divinitus,
1104 1215 1222 1283 missis
1254 1212 1348 1282 veris
1374 1209 1594 1284 doctoribus,
1646 1199 1771 1297 phetae
1787 1218 1952 1292 surgent,
1974 1217 2007 1274 et
2023 1207 2201 1296 decipient
2219 1210 2360 1282 multos.
2412 1209 2509 1282 ltem:
2532 1215 2605 1288 Cum

601 1354 643 1409 ut
658 1333 757 1406 Noae
779 1343 937 1418 tempore
955 1322 1023 1392 suit
1045 1330 1193 1408 angusta
1209 1311 1387 1394 Ecclesia,
1414 1326 1449 1382 ct
1465 1335 1595 1402 paucu-

603 1431 689 1510 rum'
705 1445 835 1504 coetus.

706 1554 757 1626 lta
775 1562 854 1642 post
876 1543 1056 1618 diluvium
1081 1537 1231 1609 retinuit
1254 1557 1373 1604 veram
1396 1533 1595 1603 doctrinam

605 1645 891 1733 Melchisedech,
917 1646 980 1740 qui
996 1643 1064 1716 luit
1080 1640 1185 1724 Sem,
1208 1638 1305 1708 lilius
1324 1635 1441 1720 Noae,
1466 1651 1501 1707 et
1517 1659 1596 1703 curn

606 1758 770 1832 idolatria
790 1754 883 1842 apud
909 1744 1109 1820 Chaldaeos
1132 1743 1314 1823 crevisset,
1340 1764 1380 1808 ac
1403 1763 1494 1830 pene
1515 1736 1599 1808 ulsi-

608 1887 678 1956 que
698 1859 850 1929 extincta
880 1866 970 1920 esset
992 1872 1074 1917 vera
1105 1847 1288 1925 doctrina,
1328 1843 1429 1914 Deus
1452 1852 1599 1911 renovat

607 1963 802 2038 Ecclesiam
821 1967 944 2024 vocato
961 1943 1156 2022 Abraham.
1184 1944 1309 2016 Postea
1325 1944 1461 2013 familia
1480 1939 1597 2012 Abra-

608 2065 693 2150 hae,
720 2078 752 2131 et
779 2059 881 2148 pauci
902 2056 978 2124 cius
1001 2051 1182 2123 auditores
1204 2061 1288 2117 sunt
1311 2042 1495 2130 Ecclesia,
1520 2065 1599 2112 cum

587 2151 753 2239 ⁵interim
776 2157 948 2231 Chaldaei
973 2169 1009 2225 et
1023 2151 1190 2246 Aegyptii
1216 2149 1457 2238 gloriarentur
1475 2171 1512 2215 se
1528 2165 1602 2212 esse

610 2285 768 2364 posteros
790 2274 949 2351 patrum,
976 2280 1012 2326 sc
1038 2257 1192 2325 retinere
1217 2265 1357 2342 patrum
1389 2248 1546 2336 exenrpla
1568 2259 1603 2313 et

610 2373 757 2450 cultum,
781 2377 815 2433 et
832 2362 1075 2456 praedicarent
1088 2379 1125 2426 se
1142 2377 1216 2425 esse
1230 2353 1402 2445 populum
1420 2351 1499 2434 Dei,
1521 2371 1600 2416 cum

528 2535 533 2543 .
612 2475 758 2544 verbum
776 2464 842 2536 Dei
863 2489 935 2554 non
954 2461 1200 2540 retinuissent,
1227 2454 1364 2522 etiamsi
1386 2450 1603 2524 ceremonias

614 2575 855 2651 retinuerant,
888 2567 1018 2659 quibus
1041 2579 1160 2634 tamen
1188 2558 1397 2627 allinxerant
1420 2574 1606 2648 perversas

614 2677 823 2768 opiniones,
849 2683 884 2741 et
901 2666 1112 2737 addiderant
1133 2660 1349 2732 idolatriam.

714 2791 893 2880 Tempore
916 2779 1037 2854 Achaz
1059 2782 1127 2850 fnit
1152 2779 1190 2846 io
1212 2778 1322 2848 lsrael
1349 2801 1439 2868 pene
1454 2774 1607 2848 extincta

613 2894 791 2975 Ecclesia,
828 2903 947 2980 postes
982 2909 1046 2975 per
1069 2881 1187 2954 Eliam
1220 2894 1254 2948 et
1274 2878 1454 2952 Elisaeum
1485 2894 1609 2948 rursus

613 3011 713 3070 aucta
732 3008 800 3073 est,
827 2992 957 3060 deinde
973 2988 1100 3057 iterum
1119 2983 1274 3072 collapsa
1291 2996 1354 3056 est.

713 3111 804 3185 Cum
829 3121 1033 3180 nasceretur
1063 3097 1244 3185 Christus,
1277 3101 1346 3172 fuit
1369 3099 1407 3168 in
1432 3095 1519 3169 luda
1546 3096 1610 3166 ad·

612 3219 762 3290 modum
778 3213 902 3303 exigua
917 3209 1096 3290 Ecclesia,
1122 3203 1257 3282 Maria,
1291 3197 1441 3291 loseph,
1475 3197 1609 3268 familia

616 3315 830 3400 Zachariae,
856 3312 1015 3394 Simeon,
1041 3309 1166 3385 Anna,
1192 3319 1352 3400 pastores
1366 3319 1400 3373 et
1418 3303 1521 3392 pauci
1536 3299 1610 3372 alii.

618 3424 757 3495 luteres
775 3418 933 3508 regimen
957 3407 1229 3482 ecclesiasticum
1257 3408 1327 3477 soit
1355 3428 1463 3499 penes
1479 3401 1611 3472 Phari-

614 3546 714 3596 saeos
730 3519 997 3593 etSaducaeos,
1024 3517 1210 3605 quierant
1235 3511 1351 3602 palam
1377 3507 1491 3599 impii.
1545 3504 1608 3575 Sa-

616 3625 738 3697 ducaei
756 3622 862 3693 etiam
876 3632 976 3688 erant
993 3614 1183 3707 Epicurei,
1210 3626 1379 3682 ettamen
1398 3608 1611 3698 arrogabant

617 3729 685 3799 sibi
702 3715 889 3819 praecipue
906 3719 1050 3791 titulum
1070 3714 1194 3807 populi
1209 3713 1289 3787 Dei.

720 3860 781 3932 Sic
796 3872 831 3929 et
846 3871 1008 3947 tempore
1020 3847 1282 3943 Prophetarum
1301 3849 1424 3939 exigua
1445 3848 1514 3917 fuit
1530 3868 1611 3914 vcra

619 3964 786 4035 Ecclesia.
836 3958 963 4030 Esaiae
988 3955 1122 4049 primo:
1158 3950 1236 4022 Nisi
1253 3948 1429 4021 Dominus
1446 3950 1612 4041 reliquis-

502 4070 507 4077 “
619 4082 669 4137 set
695 4086 835 4146 senten,
863 4061 958 4134 sicut
976 4058 1132 4129 Sodoma
1155 4067 1190 4123 et
1211 4051 1390 4123 Gomorra
1414 4050 1496 4121 facti
1521 4072 1610 4118 esse-

620 4192 711 4242 mus.
762 4164 860 4233 llaec
877 4163 983 4231 verba
1003 4156 1210 4248 gravissime
1229 4169 1376 4223 monent
1395 4176 1480 4237 nos,
1506 4176 1551 4220 ne
1568 4154 1612 4220 de

621 4271 777 4341 Ecclesia
797 4267 1009 4355 cogitemus,
1024 4274 1194 4351 tanquam
1210 4260 1255 4326 de
1274 4259 1453 4327 mundana
1477 4254 1612 4347 politia,

624 4398 669 4442 ne
686 4396 762 4441 cam
783 4366 1005 4437 successione
1021 4360 1299 4451 Episcoporum,
1329 4374 1388 4428 aut
1413 4360 1547 4446 gradu,
1580 4370 1613 4425 et

622 4478 701 4545 loco
726 4470 932 4563 pontificum
958 4464 1162 4551 metiamur,
1198 4464 1257 4531 sed
1280 4463 1371 4553 apud
1398 4483 1458 4529 eos
1482 4472 1613 4528 statua-

622 4600 703 4647 mus
734 4570 949 4652 Ecclesiam,
989 4566 1053 4659 qui
1082 4563 1238 4634 retinent
1268 4587 1386 4632 veram
1417 4562 1613 4631 doctrinam

622 4674 819 4764 Evangelii.
878 4669 920 4739 ln
944 4664 1013 4739 hoc
1039 4680 1138 4736 coetu
1163 4689 1236 4736 esse
1259 4666 1396 4759 aliquos
1431 4688 1513 4732 vere
1541 4686 1615 4731 cre·

623 4782 747 4849 dentes
760 4796 900 4843 necesse
919 4784 982 4840 est.
1033 4767 1124 4838 Nam
1148 4764 1319 4846 adhunc
1343 4781 1482 4837 coetum
1508 4765 1614 4855 perti-

518 4917 522 4923 ·
624 4894 711 4951 nent
736 4874 1005 4969 promissiones.
1067 4867 1152 4940 ldeo
1178 4868 1303 4941 Esaias
1332 4864 1491 4939 detrahit
1514 4868 1616 4935 illum

626 4994 812 5072 augustum
828 4975 973 5048 titulum
988 4973 1061 5045 suis
1087 4973 1309 5062 principibus
1331 4986 1366 5042 et
1381 4969 1618 5063 pontificibus,

627 5099 661 5155 et
697 5080 815 5173 inquit
848 5078 1012 5168 exiguum
1037 5096 1157 5145 semen
1188 5075 1366 5172 reliquum
1391 5096 1465 5141 esse
1492 5073 1531 5139 in
1554 5071 1618 5139 illo

628 5184 706 5277 ipso
723 5182 878 5274 populo,
904 5180 966 5273 qui
984 5178 1176 5249 vocabatur
1191 5178 1345 5270 populus
1360 5173 1440 5248 Dei.

730 5297 779 5372 Et
797 5298 965 5371 Ieremias
979 5310 1149 5389 tempore,
1174 5320 1255 5366 cum
1279 5306 1315 5365 et
1333 5316 1431 5385 reges
1453 5305 1488 5363 et
1508 5308 1620 5362 sacer-

633 5409 734 5479 dotes
765 5404 1067 5484 adversarentur,
1105 5420 1180 5467 non
1214 5410 1289 5466 erat
1318 5395 1474 5465 Ecclesia
1502 5408 1621 5464 coetus

634 5508 875 5588 sacerdotum,
907 5506 967 5573 sed
991 5502 1068 5583 illi,
1093 5500 1155 5591 qui
1178 5500 1369 5568 credebant
1390 5498 1622 5567 concionibus

634 5610 814 5681 leremiae.
866 5608 979 5678 Amos
994 5603 1051 5670 &a
1078 5598 1137 5670 Sic
1153 5601 1364 5670 liberabitur
1382 5597 1509 5684 lsrafil,
1534 5612 1575 5669 ut
1594 5598 1622 5665 si

633 5727 752 5805 pastor
769 5713 841 5780 duo
857 5730 960 5777 crura
977 5704 1073 5772 leooi
1089 5725 1132 5771 ex
1143 5702 1307 5773 faucibus
1320 5704 1459 5795 eripiat.
1511 5699 1622 5772 Deni—
1638 5784 1640 5794 Ι

633 5836 702 5907 que
722 5812 788 5882 luit
813 5810 938 5899 exigua
951 5801 1108 5880 Ecclesia
1132 5826 1216 5898 prae
1238 5806 1470 5878 multitudine
1493 5801 1622 5895 impiis-

1646 1307 1814 1376 videbitis
1836 1307 2137 1378 abominationem
2170 1312 2400 1381 desolationis
2421 1329 2557 1386 stantem
2576 1323 2605 1388 in

1646 1409 1726 1485 loco
1751 1422 1884 1478 sancto·
1936 1407 2006 1480 Hic
2027 1411 2197 1500 significat
2221 1413 2259 1479 io
2275 1413 2448 1499 Ecclesia,
2472 1442 2552 1508 quae
2569 1423 2607 1492 sir

1648 1510 1797 1596 dicitur,
1824 1510 1995 1580 orituram
2016 1535 2089 1581 esse
2112 1513 2369 1602 idololatriam,
2395 1539 2460 1610 qua
2475 1523 2606 1592 obruen-

1649 1627 1709 1683 tur
1726 1635 1808 1682 vera
1830 1613 1994 1683 doctrina
2018 1630 2053 1684 et
2069 1616 2142 1682 veri
2166 1617 2301 1702 cultus,
2327 1633 2361 1688 et
2385 1621 2448 1690 liet.
2457 1617 2606 1694 Ecclesiae

1652 1714 1823 1794 vastitass
1855 1714 1985 1795 idest,
2025 1717 2180 1788 solitudo
2210 1743 2271 1787 seu
2301 1722 2483 1792 extinctio:
2525 1743 2606 1819 atque

1651 1817 1700 1886 ita
1717 1816 1856 1888 accidit.
1908 1814 2103 1910 Postquam
2117 1822 2247 1890 abusus
2263 1819 2454 1892 Missurum
2472 1838 2504 1894 et
2518 1829 2607 1897 cultus

1654 1919 1886 1990 traditionum
1911 1921 1981 1989 orti
2004 1936 2108 2005 sunt,
2145 1937 2284 1992 secutae
2307 1937 2391 1995 srsnt
2408 1927 2560 1998 tenebrae
2576 1931 2608 1998 de

1654 2021 1745 2090 veris
1763 2018 1937 2101 cultibus,
1963 2023 2007 2090 de
2025 2023 2111 2104 fide,
2138 2026 2183 2092 de
2197 2021 2472 2098 invocationem
2488 2030 2557 2113 lide,
2576 2033 2608 2100 de

1652 2122 1780 2192 officiis
1805 2125 2011 2192 vocationis.
2075 2123 2170 2213 Quia
2201 2129 2417 2198 conscientia
2439 2133 2564 2200 intuens
2581 2133 2608 2199 in

1656 2223 1800 2315 propria
1818 2225 1963 2306 merita,
1991 2250 2064 2294 non
2088 2243 2201 2318 potest
2215 2229 2461 2300 remissionem
2481 2247 2608 2322 peccato·

1655 2350 1735 2396 rum
1752 2325 1968 2415 intelligere,
1993 2353 2059 2397 nec
2080 2352 2198 2400 veram
2221 2329 2500 2420 invocationem,
2522 2351 2549 2408 et
2567 2359 2609 2403 er-

1655 2428 1887 2521 pectationem
1903 2431 2027 2499 ausilii
2044 2430 2160 2500 divini
2175 2445 2239 2506 etc.

1763 2527 1873 2614 ltern,
1898 2532 2027 2602 facient
2049 2534 2148 2622 signa
2172 2547 2206 2603 et
2229 2535 2413 2626 prodigia,
2436 2551 2492 2620 ut,
2514 2541 2537 2608 si
2551 2541 2606 2608 fieri

1658 2641 1795 2722 posset,
1827 2633 2041 2704 seducantur
2070 2636 2165 2704 enim
2197 2637 2311 2709 electi.
2384 2643 2420 2712 2.
2445 2637 2604 2714 Thessa:

1660 2731 1786 2802 Veniet
1810 2734 1959 2804 desectio
1980 2749 2042 2809 etc.
2112 2735 2199 2828 Luc,
2220 2739 2301 2810 18.:
2337 2737 2446 2812 Putas
2467 2744 2545 2834 quod
2562 2765 2607 2808 ve-

1660 2837 1761 2903 niens
1775 2835 1870 2904 filius
1890 2831 2048 2906 hominis
2069 2838 2228 2911 inveniet
2248 2841 2368 2917 fidem.
2423 2843 2623 2922 psalmata,

1659 2937 1831 3030 Nunquid
1862 2962 1953 3008 vane
1990 2941 2205 3012 constituisti
2237 2967 2364 3014 omnes
2399 2946 2487 3015 lilios
2523 2943 2605 3014 homi-

1647 3041 1771 3122 uum?
1796 3051 1861 3112 etc.
1912 3037 1977 3113 Est
2002 3043 2098 3111 euim
2122 3045 2265 3138 querela
2286 3047 2332 3116 de
2357 3064 2498 3118 ventura
2519 3046 2623 3116 Eccle‘

1661 3143 1732 3210 siae
1747 3142 1861 3214 ruina.
1916 3141 2014 3214 Haec
2029 3145 2121 3216 dicte
2144 3159 2338 3235 testantur,
2373 3152 2502 3222 etiamsi
2518 3147 2607 3218 Eccle

1661 3245 1747 3345 siam
1778 3247 1980 3341 conservari
2010 3270 2149 3316 necesse
2176 3265 2244 3329 est,
2273 3264 2414 3338 tamen,
2442 3249 2623 3343 praesertim

1663 3354 1840 3436 postremo
1857 3359 2033 3438 tempore,
2060 3351 2252 3419 admodum
2278 3355 2437 3444 exiguam
2463 3367 2493 3423 ct
2513 3373 2623 3439 pauco-¹

1662 3469 1740 3518 rum
1758 3461 1896 3519 coelum
1914 3474 2006 3536 esse,
2033 3451 2095 3545 qui
2110 3468 2192 3524 sucu
2206 3457 2317 3543 spreti
2335 3474 2369 3529 et
2385 3457 2504 3526 abiecti
2521 3456 2551 3521 io
2565 3447 2609 3519 luc

1663 3550 1755 3634 vita,
1787 3551 1879 3621 sicut
1903 3553 2020 3647 inquit
2044 3551 2193 3626 Paulus:
2226 3546 2435 3629 Noo'mutri
2463 3559 2611 3649 sapientes,

1665 3676 1737 3721 non
1754 3652 1859 3722 multi
1878 3668 2038 3746 potentes
2055 3669 2119 3726 etc.

1769 3751 1866 3823 Haec
1884 3758 2085 3829 testimonia
2108 3782 2150 3829 eo
2173 3760 2298 3846 citavi,
2325 3778 2366 3832 ut
2387 3764 2530 3853 primum
2544 3755 2623 3844 cagia

1663 3868 1776 3936 tetur,
1800 3856 1887 3948 quid
1912 3860 1957 3928 sit
1981 3855 2160 3946 Ecclesia,
2193 3876 2228 3932 et
2250 3865 2447 3936 abducatur
2468 3864 2611 3933 animust

1663 3959 1869 4029 carnalibus·
1886 3962 2141 4051 opinionibus,
2179 3988 2269 4057 quae
2294 3969 2435 4057 lingunt
2455 3962 2610 4037 Ecclesiam

1665 4083 1738 4130 esse
1755 4060 1915 4149 politiam
1940 4064 2167 4153 pontificum,
2194 4082 2231 4137 et
2253 4068 2402 4158 alligant
2425 4094 2497 4139 eam
2518 4066 2554 4135 ad
2573 4080 2623 4143 ⁰l·l

1663 4162 1844 4233 dinarium
1869 4166 2125 4237 successionem
2150 4167 2430 4261 Episcoporum,
2466 4170 2544 4238 sicut
2566 4162 2623 4233 io-

1665 4263 1761 4356 peria
1788 4265 1983 4336 consistunt
2009 4270 2047 4336 in
2070 4270 2253 4339 ordinaria
2275 4274 2491 4343 successione
2513 4261 2612 4359 prioci-

1667 4392 1770 4459 pum,
1793 4371 1850 4435 sed
1868 4364 2024 4439 Ecclesia
2040 4371 2143 4440 aliter
2158 4396 2194 4442 se
2206 4369 2344 4447 habet:
2377 4390 2426 4446 est
2452 4373 2537 4443 enirn
2556 4386 2623 4435 coe¹

1666 4487 1722 4539 tos
1738 4489 1812 4537 non
1826 4471 1990 4557 alligatus
2005 4474 2048 4541 ad
2066 4475 2285 4543 ordinariam
2303 4477 2554 4552 successionem,
2569 4462 2610 4535 scd

1666 4574 1709 4639 ad
1741 4574 1888 4641 verbum
1921 4573 1998 4644 Dei.
2068 4574 2122 4643 lbi
2153 4580 2352 4649 renascitur
2381 4576 2543 4652 Ecclesia,
2571 4564 2611 4637 oli

1668 4671 1764 4743 Deus
1790 4676 1944 4745 restituit
1975 4678 2195 4763 doctrinam,
2227 4693 2261 4749 et
2288 4684 2349 4751 dat
2378 4680 2537 4771 Spiritum
2556 4690 2623 4739 sao·¹

1668 4792 1776 4847 etum.
1826 4776 1873 4847 Et
1895 4775 1962 4846 hoc‘
1984 4780 2093 4847 modo
2117 4782 2193 4870 regi
2209 4796 2241 4851 et
2257 4783 2452 4852 conservari
2465 4771 2623 4848 Ecclesiam

1669 4903 1741 4948 non
1753 4880 1933 4947 ordinaria
1942 4882 2161 4951 successione
2174 4896 2321 4955 testatur
2331 4866 2623 4971 Paotusssphob

1669 4978 1777 5051 Dedit
1791 4984 1885 5052 dona
1902 4977 2126 5067 hominibus,
2152 4981 2354 5075 Apostolos,
2379 4978 2556 5075 Prophetas
2567 4985 2610 5041 ιιι·

1670 5080 1781 5153 Docet
1801 5084 1896 5153 enim
1920 5109 1996 5153 earn
2023 5108 2097 5153 esse
2115 5090 2260 5177 proprie
2279 5086 2484 5168 Ecclesiam,
2513 5082 2545 5149 in
2564 5078 2623 5165 qut

1668 5181 1834 5256 Christus
1853 5199 1904 5255 est
1919 5187 2057 5267 efficax,
2083 5200 2118 5257 et
2131 5190 2187 5258 cui
2205 5191 2265 5259 dat
2280 5212 2380 5259 veros
2395 5190 2550 5257 doctores.
2622 5218 2623 5229 ι

1719 5341 1723 5353 .
1773 5288 1858 5359 Ideo
1874 5312 1955 5358 com
1973 5290 2142 5359 obiicitur
2157 5292 2261 5360 nobis
2277 5314 2405 5361 nomen
2431 5302 2461 5357 et
2480 5277 2610 5353 aratorius

1671 5389 1867 5472 Ecclesiae,
1893 5393 2046 5481 primum
2065 5394 2342 5478 consideremus,
2374 5416 2416 5459 an
2437 5391 2492 5459 fiat
2514 5373 2610 5453 mcn¹l⁰

1672 5516 1778 5571 verae
1808 5491 2003 5579 Ecclesiae,
2047 5518 2091 5562 an
2116 5519 2200 5562 vero
2225 5511 2343 5566 coetus
2364 5490 2567 5591 pontificum,
2588 5486 2611 5539 ‘²

1673 5594 1902 5670 successionis
1925 5596 2042 5678 illius,
2077 5611 2109 5664 et
2134 5598 2294 5685 politiae,
2324 5620 2387 5666 nec
2408 5617 2470 5662 nos
2492 5590 2611 5686 sinamus

1672 5725 1692 5769 a
1729 5700 1838 5770 verbo
1865 5694 1932 5767 Dei
1965 5701 2133 5769 deterreri
2166 5699 2255 5769 falso
2287 5711 2457 5791 praetextu
2493 5681 2611 5757 norisio·s

1675 5800 1863 5875 Ecclesiae.
