<?xml version="1.0" encoding="UTF-8"?>
<!DOCTYPE html PUBLIC "-//W3C//DTD XHTML 1.0 Transitional//EN"
    "http://www.w3.org/TR/xhtml1/DTD/xhtml1-transitional.dtd">
<html xmlns="http://www.w3.org/1999/xhtml" xml:lang="en" lang="en">
 <head>
  <title>
</title>
<meta http-equiv="Content-Type" content="text/html;charset=utf-8" />
  <meta name='ocr-system' content='tesseract 3.04.00' />
  <meta name='ocr-capabilities' content='ocr_page ocr_carea ocr_par ocr_line ocrx_word'/>
</head>
<body>
  <div class='ocr_page' id='page_1' title='image "./philippimelanth08bindgoog_0026.png"; bbox 0 0 5825 6950; ppageno 0'>
   <div class='ocr_carea' id='block_1_1' title="bbox 342 667 2382 786">
    <p class='ocr_par' dir='ltr' id='par_1_1' title="bbox 342 667 2382 786">
     <span class='ocr_line' id='line_1_1' title="bbox 342 667 2382 786; baseline 0.007 -16"><span class='ocrx_word' id='word_1_1' title='bbox 342 705 381 780; x_wconf 78' lang='lat'>21</span> <span class='ocrx_word' id='word_1_2' title='bbox 748 697 828 775; x_wconf 86' lang='lat' dir='ltr'>xn.</span> <span class='ocrx_word' id='word_1_3' title='bbox 889 692 1192 772; x_wconf 78' lang='lat' dir='ltr'>unaunano</span> <span class='ocrx_word' id='word_1_4' title='bbox 1220 695 1271 768; x_wconf 84' lang='lat' dir='ltr'>m</span> <span class='ocrx_word' id='word_1_5' title='bbox 1297 693 1483 773; x_wconf 66' lang='lat' dir='ltr'>eveno.</span> <span class='ocrx_word' id='word_1_6' title='bbox 1511 694 1750 776; x_wconf 73' lang='lat' dir='ltr'>rorans..</span> <span class='ocrx_word' id='word_1_7' title='bbox 1786 693 1891 774; x_wconf 79' lang='lat' dir='ltr'>car.</span> <span class='ocrx_word' id='word_1_8' title='bbox 1921 699 1948 772; x_wconf 87' lang='lat'>1.</span> <span class='ocrx_word' id='word_1_9' title='bbox 2080 759 2083 766; x_wconf 92' lang='lat'>.</span> <span class='ocrx_word' id='word_1_10' title='bbox 2322 667 2382 786; x_wconf 75' lang='lat' dir='ltr'>es</span> 
     </span>
    </p>
   </div>
   <div class='ocr_carea' id='block_1_2' title="bbox 261 868 2458 5903">
    <p class='ocr_par' dir='ltr' id='par_1_2' title="bbox 341 868 2368 1586">
     <span class='ocr_line' id='line_1_2' title="bbox 341 868 2368 976; baseline 0.002 -30"><span class='ocrx_word' id='word_1_11' title='bbox 341 877 406 968; x_wconf 87' lang='lat' dir='ltr'>pria</span> <span class='ocrx_word' id='word_1_12' title='bbox 423 874 591 946; x_wconf 88' lang='lat' dir='ltr'>dicuntur</span> <span class='ocrx_word' id='word_1_13' title='bbox 612 868 672 958; x_wconf 84' lang='lat' dir='ltr'>hi,</span> <span class='ocrx_word' id='word_1_14' title='bbox 704 873 834 966; x_wconf 87' lang='lat' dir='ltr'>quibus</span> <span class='ocrx_word' id='word_1_15' title='bbox 853 868 950 942; x_wconf 90' lang='lat' dir='ltr'>Deus</span> <span class='ocrx_word' id='word_1_16' title='bbox 969 869 1150 963; x_wconf 84' lang='lat' dir='ltr'>propicius</span> <span class='ocrx_word' id='word_1_17' title='bbox 1174 884 1249 954; x_wconf 88' lang='lat' dir='ltr'>est,</span> <span class='ocrx_word' id='word_1_18' title='bbox 1281 883 1318 942; x_wconf 87' lang='lat' dir='ltr'>et</span> <span class='ocrx_word' id='word_1_19' title='bbox 1367 872 1569 944; x_wconf 77' lang='lat' dir='ltr'><strong>doctrinam</strong></span> <span class='ocrx_word' id='word_1_20' title='bbox 1601 871 1706 944; x_wconf 88' lang='lat' dir='ltr'>nobis</span> <span class='ocrx_word' id='word_1_21' title='bbox 1741 873 1903 955; x_wconf 88' lang='lat' dir='ltr'>tradunt,</span> <span class='ocrx_word' id='word_1_22' title='bbox 1947 897 2053 968; x_wconf 85' lang='lat' dir='ltr'>quam</span> <span class='ocrx_word' id='word_1_23' title='bbox 2079 877 2264 972; x_wconf 90' lang='lat' dir='ltr'>aliquanto</span> <span class='ocrx_word' id='word_1_24' title='bbox 2288 900 2368 976; x_wconf 80' lang='lat' dir='ltr'>post</span> 
     </span>
     <span class='ocr_line' id='line_1_3' title="bbox 342 970 2366 1080; baseline 0.004 -34"><span class='ocrx_word' id='word_1_25' title='bbox 342 979 485 1074; x_wconf 88' lang='lat' dir='ltr'>qoisuut</span> <span class='ocrx_word' id='word_1_26' title='bbox 510 977 626 1047; x_wconf 86' lang='lat' dir='ltr'>renati</span> <span class='ocrx_word' id='word_1_27' title='bbox 649 988 683 1046; x_wconf 89' lang='lat' dir='ltr'>et</span> <span class='ocrx_word' id='word_1_28' title='bbox 706 971 876 1046; x_wconf 86' lang='lat' dir='ltr'>haeredes</span> <span class='ocrx_word' id='word_1_29' title='bbox 896 975 989 1044; x_wconf 89' lang='lat' dir='ltr'>vitae</span> <span class='ocrx_word' id='word_1_30' title='bbox 1010 987 1184 1044; x_wconf 77' lang='lat' dir='ltr'>aeternae.</span> <span class='ocrx_word' id='word_1_31' title='bbox 1236 970 1316 1044; x_wconf 86' lang='lat' dir='ltr'>Hoc</span> <span class='ocrx_word' id='word_1_32' title='bbox 1367 976 1546 1067; x_wconf 78' lang='lat' dir='ltr'>copiosius</span> <span class='ocrx_word' id='word_1_33' title='bbox 1567 997 1801 1068; x_wconf 79' lang='lat' dir='ltr'>exponemus,</span> <span class='ocrx_word' id='word_1_34' title='bbox 1832 1001 1912 1047; x_wconf 89' lang='lat' dir='ltr'>cnm</span> <span class='ocrx_word' id='word_1_35' title='bbox 1935 971 2022 1048; x_wconf 86' lang='lat' dir='ltr'>haec</span> <span class='ocrx_word' id='word_1_36' title='bbox 2045 979 2120 1072; x_wconf 89' lang='lat' dir='ltr'>ipsa</span> <span class='ocrx_word' id='word_1_37' title='bbox 2137 984 2264 1056; x_wconf 80' lang='lat' dir='ltr'>deiide</span> <span class='ocrx_word' id='word_1_38' title='bbox 2281 1011 2366 1080; x_wconf 85' lang='lat' dir='ltr'>pro-</span> 
     </span>
     <span class='ocr_line' id='line_1_4' title="bbox 341 1076 1800 1171; baseline 0.001 -19"><span class='ocrx_word' id='word_1_39' title='bbox 341 1081 512 1152; x_wconf 82' lang='lat' dir='ltr'>discrimen</span> <span class='ocrx_word' id='word_1_40' title='bbox 540 1078 790 1170; x_wconf 75' lang='lat' dir='ltr'>appellationis</span> <span class='ocrx_word' id='word_1_41' title='bbox 817 1079 942 1169; x_wconf 93' lang='lat' dir='ltr'>populi</span> <span class='ocrx_word' id='word_1_42' title='bbox 971 1091 1005 1146; x_wconf 91' lang='lat' dir='ltr'>et</span> <span class='ocrx_word' id='word_1_43' title='bbox 1028 1076 1183 1146; x_wconf 88' lang='lat' dir='ltr'>liliorum</span> <span class='ocrx_word' id='word_1_44' title='bbox 1211 1099 1315 1168; x_wconf 87' lang='lat' dir='ltr'>saepe</span> <span class='ocrx_word' id='word_1_45' title='bbox 1365 1079 1502 1170; x_wconf 73' lang='lat' dir='ltr'>positio,</span> <span class='ocrx_word' id='word_1_46' title='bbox 1513 1081 1703 1171; x_wconf 89' lang='lat' dir='ltr'>repetenda</span> <span class='ocrx_word' id='word_1_47' title='bbox 1722 1080 1800 1153; x_wconf 84' lang='lat' dir='ltr'>erit.</span> 
     </span>
     <span class='ocr_line' id='line_1_5' title="bbox 341 1177 2363 1278; baseline 0.004 -24"><span class='ocrx_word' id='word_1_48' title='bbox 341 1184 491 1263; x_wconf 82' lang='lat' dir='ltr'>occurrit,</span> <span class='ocrx_word' id='word_1_49' title='bbox 516 1196 558 1252; x_wconf 92' lang='lat' dir='ltr'>ut</span> <span class='ocrx_word' id='word_1_50' title='bbox 576 1184 765 1253; x_wconf 86' lang='lat' dir='ltr'>Oseae1.:</span> <span class='ocrx_word' id='word_1_51' title='bbox 791 1177 840 1251; x_wconf 81' lang='lat' dir='ltr'>Et</span> <span class='ocrx_word' id='word_1_52' title='bbox 860 1181 928 1252; x_wconf 91' lang='lat' dir='ltr'>erit</span> <span class='ocrx_word' id='word_1_53' title='bbox 949 1180 989 1247; x_wconf 91' lang='lat' dir='ltr'>iu</span> <span class='ocrx_word' id='word_1_54' title='bbox 1004 1179 1105 1263; x_wconf 92' lang='lat' dir='ltr'>loco,</span> <span class='ocrx_word' id='word_1_55' title='bbox 1131 1179 1194 1248; x_wconf 94' lang='lat' dir='ltr'>ubi</span> <span class='ocrx_word' id='word_1_56' title='bbox 1218 1182 1315 1250; x_wconf 90' lang='lat' dir='ltr'>dice·</span> <span class='ocrx_word' id='word_1_57' title='bbox 1467 1179 1522 1252; x_wconf 87' lang='lat' dir='ltr'>De</span> <span class='ocrx_word' id='word_1_58' title='bbox 1539 1197 1664 1276; x_wconf 81' lang='lat' dir='ltr'>quarta</span> <span class='ocrx_word' id='word_1_59' title='bbox 1682 1182 1869 1272; x_wconf 89' lang='lat' dir='ltr'>particula,</span> <span class='ocrx_word' id='word_1_60' title='bbox 1897 1183 1984 1277; x_wconf 87' lang='lat' dir='ltr'>quid</span> <span class='ocrx_word' id='word_1_61' title='bbox 2003 1183 2063 1258; x_wconf 86' lang='lat' dir='ltr'>liat</span> <span class='ocrx_word' id='word_1_62' title='bbox 2081 1186 2119 1256; x_wconf 94' lang='lat' dir='ltr'>iu</span> <span class='ocrx_word' id='word_1_63' title='bbox 2135 1190 2258 1261; x_wconf 85' lang='lat' dir='ltr'>nobis:</span> <span class='ocrx_word' id='word_1_64' title='bbox 2285 1185 2363 1278; x_wconf 87' lang='lat' dir='ltr'>Ait,</span> 
     </span>
     <span class='ocr_line' id='line_1_6' title="bbox 342 1281 1813 1375; baseline -0.003 -17"><span class='ocrx_word' id='word_1_65' title='bbox 342 1287 463 1370; x_wconf 85' lang='lat' dir='ltr'>tureis,</span> <span class='ocrx_word' id='word_1_66' title='bbox 485 1308 558 1356; x_wconf 89' lang='lat' dir='ltr'>nou</span> <span class='ocrx_word' id='word_1_67' title='bbox 583 1285 737 1375; x_wconf 90' lang='lat' dir='ltr'>populus</span> <span class='ocrx_word' id='word_1_68' title='bbox 758 1306 858 1354; x_wconf 90' lang='lat' dir='ltr'>meus</span> <span class='ocrx_word' id='word_1_69' title='bbox 881 1307 961 1367; x_wconf 90' lang='lat' dir='ltr'>vos,</span> <span class='ocrx_word' id='word_1_70' title='bbox 994 1282 1135 1351; x_wconf 89' lang='lat' dir='ltr'>dicetur</span> <span class='ocrx_word' id='word_1_71' title='bbox 1156 1281 1223 1364; x_wconf 83' lang='lat' dir='ltr'>eia,</span> <span class='ocrx_word' id='word_1_72' title='bbox 1248 1282 1314 1352; x_wconf 83' lang='lat' dir='ltr'>atii</span> <span class='ocrx_word' id='word_1_73' title='bbox 1364 1283 1456 1354; x_wconf 88' lang='lat' dir='ltr'>filios</span> <span class='ocrx_word' id='word_1_74' title='bbox 1473 1283 1540 1352; x_wconf 89' lang='lat' dir='ltr'>Dei</span> <span class='ocrx_word' id='word_1_75' title='bbox 1557 1309 1596 1354; x_wconf 85' lang='lat' dir='ltr'>ex</span> <span class='ocrx_word' id='word_1_76' title='bbox 1612 1282 1688 1355; x_wconf 91' lang='lat' dir='ltr'>Deo</span> <span class='ocrx_word' id='word_1_77' title='bbox 1705 1285 1813 1354; x_wconf 89' lang='lat' dir='ltr'>nasei.</span> 
     </span>
     <span class='ocr_line' id='line_1_7' title="bbox 342 1379 1775 1479; baseline -0.008 -17"><span class='ocrx_word' id='word_1_78' title='bbox 342 1388 398 1462; x_wconf 75' lang='lat' dir='ltr'>Dei</span> <span class='ocrx_word' id='word_1_79' title='bbox 411 1391 567 1458; x_wconf 88' lang='lat' dir='ltr'>viventis.</span> <span class='ocrx_word' id='word_1_80' title='bbox 627 1379 804 1458; x_wconf 80' lang='lat' dir='ltr'>Recensui</span> <span class='ocrx_word' id='word_1_81' title='bbox 828 1389 922 1479; x_wconf 90' lang='lat' dir='ltr'>quod</span> <span class='ocrx_word' id='word_1_82' title='bbox 945 1383 1154 1454; x_wconf 84' lang='lat' dir='ltr'>heneficium</span> <span class='ocrx_word' id='word_1_83' title='bbox 1179 1383 1314 1470; x_wconf 82' lang='lat' dir='ltr'>afferat,</span> <span class='ocrx_word' id='word_1_84' title='bbox 1726 1453 1733 1472; x_wconf 56' lang='grc'><em>,</em></span> <span class='ocrx_word' id='word_1_85' title='bbox 1769 1455 1775 1472; x_wconf 59' lang='grc'><strong>,</strong></span> 
     </span>
     <span class='ocr_line' id='line_1_8' title="bbox 348 1449 2325 1586; baseline -0.007 -22"><span class='ocrx_word' id='word_1_86' title='bbox 348 1495 425 1586; x_wconf 82' lang='lat' dir='ltr'>qood</span> <span class='ocrx_word' id='word_1_87' title='bbox 444 1490 597 1561; x_wconf 89' lang='lat' dir='ltr'>subinde</span> <span class='ocrx_word' id='word_1_88' title='bbox 622 1490 786 1580; x_wconf 89' lang='lat' dir='ltr'>pluribus</span> <span class='ocrx_word' id='word_1_89' title='bbox 802 1488 919 1560; x_wconf 86' lang='lat' dir='ltr'>verbis</span> <span class='ocrx_word' id='word_1_90' title='bbox 934 1488 972 1556; x_wconf 92' lang='lat' dir='ltr'>in</span> <span class='ocrx_word' id='word_1_91' title='bbox 988 1487 1064 1578; x_wconf 91' lang='lat' dir='ltr'>ipso</span> <span class='ocrx_word' id='word_1_92' title='bbox 1079 1498 1176 1556; x_wconf 82' lang='lat' dir='ltr'>textu</span> <span class='ocrx_word' id='word_1_93' title='bbox 1193 1488 1312 1557; x_wconf 87' lang='lat' dir='ltr'>decla·</span> <span class='ocrx_word' id='word_1_94' title='bbox 1400 1449 1492 1527; x_wconf 62' lang='lat' dir='ltr'>Nm*</span> <span class='ocrx_word' id='word_1_95' title='bbox 1520 1480 1566 1526; x_wconf 55' lang='grc' dir='ltr'>’Τ</span> <span class='ocrx_word' id='word_1_96' title='bbox 1591 1454 1861 1550; x_wconf 63' lang='lat' dir='ltr'>‘and&#39;mmb‘sss</span> <span class='ocrx_word' id='word_1_97' title='bbox 1887 1479 1949 1528; x_wconf 72' lang='lat'>”⁶⁶</span> <span class='ocrx_word' id='word_1_98' title='bbox 1975 1481 2022 1529; x_wconf 58' lang='lat' dir='ltr'>‘x</span> <span class='ocrx_word' id='word_1_99' title='bbox 2051 1458 2237 1536; x_wconf 66' lang='lat' dir='ltr'>⁹⁰ii¹n¹⁰i⁶</span> <span class='ocrx_word' id='word_1_100' title='bbox 2264 1475 2325 1540; x_wconf 72' lang='lat'>0¹⁶·</span> 
     </span>
    </p>

    <p class='ocr_par' dir='ltr' id='par_1_3' title="bbox 263 1589 2359 1800">
     <span class='ocr_line' id='line_1_9' title="bbox 263 1589 2359 1694; baseline 0.005 -30"><span class='ocrx_word' id='word_1_101' title='bbox 263 1626 264 1689; x_wconf 21' lang='grc' dir='ltr'>ζ</span> <span class='ocrx_word' id='word_1_102' title='bbox 351 1597 475 1678; x_wconf 75' lang='lat' dir='ltr'>rabitur,</span> <span class='ocrx_word' id='word_1_103' title='bbox 505 1594 588 1662; x_wconf 87' lang='lat' dir='ltr'>ideo</span> <span class='ocrx_word' id='word_1_104' title='bbox 611 1593 665 1663; x_wconf 89' lang='lat' dir='ltr'>fui</span> <span class='ocrx_word' id='word_1_105' title='bbox 690 1593 845 1667; x_wconf 85' lang='lat' dir='ltr'>brevior.</span> <span class='ocrx_word' id='word_1_106' title='bbox 911 1589 1026 1659; x_wconf 88' lang='lat' dir='ltr'>Venio</span> <span class='ocrx_word' id='word_1_107' title='bbox 1046 1590 1092 1659; x_wconf 87' lang='lat' dir='ltr'>ad</span> <span class='ocrx_word' id='word_1_108' title='bbox 1117 1591 1308 1660; x_wconf 84' lang='lat' dir='ltr'>secundam</span> <span class='ocrx_word' id='word_1_109' title='bbox 1466 1591 1618 1665; x_wconf 85' lang='lat' dir='ltr'>Eruditc</span> <span class='ocrx_word' id='word_1_110' title='bbox 1634 1595 1803 1668; x_wconf 88' lang='lat' dir='ltr'>describit</span> <span class='ocrx_word' id='word_1_111' title='bbox 1826 1596 2109 1678; x_wconf 83' lang='lat' dir='ltr'>iustificationern</span> <span class='ocrx_word' id='word_1_112' title='bbox 2126 1615 2160 1671; x_wconf 87' lang='lat' dir='ltr'>et</span> <span class='ocrx_word' id='word_1_113' title='bbox 2173 1626 2359 1694; x_wconf 88' lang='lat' dir='ltr'>regenera-</span> 
     </span>
     <span class='ocr_line' id='line_1_10' title="bbox 347 1691 2358 1800; baseline 0.004 -31"><span class='ocrx_word' id='word_1_114' title='bbox 347 1698 539 1790; x_wconf 83' lang='lat' dir='ltr'>particulam.</span> <span class='ocrx_word' id='word_1_115' title='bbox 592 1694 734 1784; x_wconf 88' lang='lat' dir='ltr'>Quibus</span> <span class='ocrx_word' id='word_1_116' title='bbox 750 1691 922 1766; x_wconf 77' lang='lat' dir='ltr'>exhibeat.</span> <span class='ocrx_word' id='word_1_117' title='bbox 1363 1696 1512 1767; x_wconf 88' lang='lat' dir='ltr'>tionem.</span> <span class='ocrx_word' id='word_1_118' title='bbox 1562 1696 1712 1767; x_wconf 77' lang='lat' dir='ltr'><strong>Necesse</strong></span> <span class='ocrx_word' id='word_1_119' title='bbox 1735 1712 1786 1767; x_wconf 89' lang='lat' dir='ltr'>est</span> <span class='ocrx_word' id='word_1_120' title='bbox 1811 1700 1953 1788; x_wconf 87' lang='lat' dir='ltr'>agnosci</span> <span class='ocrx_word' id='word_1_121' title='bbox 1970 1701 2082 1771; x_wconf 89' lang='lat' dir='ltr'>lilium</span> <span class='ocrx_word' id='word_1_122' title='bbox 2099 1701 2184 1796; x_wconf 89' lang='lat' dir='ltr'>Dei,</span> <span class='ocrx_word' id='word_1_123' title='bbox 2212 1707 2273 1800; x_wconf 92' lang='lat' dir='ltr'>qui</span> <span class='ocrx_word' id='word_1_124' title='bbox 2291 1731 2358 1778; x_wconf 88' lang='lat' dir='ltr'>no-</span> 
     </span>
    </p>

    <p class='ocr_par' dir='ltr' id='par_1_4' title="bbox 426 1793 2356 1894">
     <span class='ocr_line' id='line_1_11' title="bbox 426 1793 2356 1894; baseline 0.007 -27"><span class='ocrx_word' id='word_1_125' title='bbox 426 1799 620 1890; x_wconf 81' lang='lat' dir='ltr'>Diligenter</span> <span class='ocrx_word' id='word_1_126' title='bbox 634 1799 854 1867; x_wconf 85' lang='lat' dir='ltr'>observanda</span> <span class='ocrx_word' id='word_1_127' title='bbox 872 1811 923 1866; x_wconf 85' lang='lat' dir='ltr'>est</span> <span class='ocrx_word' id='word_1_128' title='bbox 947 1795 1143 1886; x_wconf 71' lang='lat' dir='ltr'>propositio</span> <span class='ocrx_word' id='word_1_129' title='bbox 1164 1793 1310 1862; x_wconf 78' lang='lat' dir='ltr'>univer·</span> <span class='ocrx_word' id='word_1_130' title='bbox 1361 1797 1416 1868; x_wconf 88' lang='lat' dir='ltr'>bis</span> <span class='ocrx_word' id='word_1_131' title='bbox 1437 1800 1589 1870; x_wconf 89' lang='lat' dir='ltr'>donatus</span> <span class='ocrx_word' id='word_1_132' title='bbox 1605 1815 1655 1870; x_wconf 90' lang='lat' dir='ltr'>est</span> <span class='ocrx_word' id='word_1_133' title='bbox 1673 1814 1710 1870; x_wconf 94' lang='lat' dir='ltr'>ut</span> <span class='ocrx_word' id='word_1_134' title='bbox 1727 1801 1826 1872; x_wconf 89' lang='lat' dir='ltr'>fieret</span> <span class='ocrx_word' id='word_1_135' title='bbox 1842 1803 1984 1872; x_wconf 92' lang='lat' dir='ltr'>victima</span> <span class='ocrx_word' id='word_1_136' title='bbox 2008 1827 2072 1892; x_wconf 90' lang='lat' dir='ltr'>pro</span> <span class='ocrx_word' id='word_1_137' title='bbox 2097 1809 2222 1894; x_wconf 91' lang='lat' dir='ltr'>uobis,</span> <span class='ocrx_word' id='word_1_138' title='bbox 2250 1825 2282 1880; x_wconf 85' lang='lat' dir='ltr'>et</span> <span class='ocrx_word' id='word_1_139' title='bbox 2300 1835 2356 1879; x_wconf 87' lang='lat' dir='ltr'>re·</span> 
     </span>
    </p>

    <p class='ocr_par' dir='ltr' id='par_1_5' title="bbox 342 1899 2426 2514">
     <span class='ocr_line' id='line_1_12' title="bbox 342 1899 2354 1994; baseline 0.004 -20"><span class='ocrx_word' id='word_1_140' title='bbox 342 1905 429 1987; x_wconf 84' lang='lat' dir='ltr'>salis,</span> <span class='ocrx_word' id='word_1_141' title='bbox 451 1917 605 1994; x_wconf 87' lang='lat' dir='ltr'>etsupra</span> <span class='ocrx_word' id='word_1_142' title='bbox 622 1902 755 1992; x_wconf 87' lang='lat' dir='ltr'>posita,</span> <span class='ocrx_word' id='word_1_143' title='bbox 779 1917 815 1972; x_wconf 87' lang='lat' dir='ltr'>et</span> <span class='ocrx_word' id='word_1_144' title='bbox 834 1923 937 1991; x_wconf 91' lang='lat' dir='ltr'>saepe</span> <span class='ocrx_word' id='word_1_145' title='bbox 960 1899 1126 1987; x_wconf 88' lang='lat' dir='ltr'>repetita,</span> <span class='ocrx_word' id='word_1_146' title='bbox 1152 1911 1311 1987; x_wconf 88' lang='lat' dir='ltr'>quaete·</span> <span class='ocrx_word' id='word_1_147' title='bbox 1362 1903 1534 1992; x_wconf 84' lang='lat' dir='ltr'>surrexit,</span> <span class='ocrx_word' id='word_1_148' title='bbox 1575 1917 1615 1973; x_wconf 94' lang='lat' dir='ltr'>ut</span> <span class='ocrx_word' id='word_1_149' title='bbox 1647 1917 1767 1991; x_wconf 82' lang='lat' dir='ltr'><strong>regnet</strong></span> <span class='ocrx_word' id='word_1_150' title='bbox 1791 1918 1825 1975; x_wconf 90' lang='lat' dir='ltr'>et</span> <span class='ocrx_word' id='word_1_151' title='bbox 1848 1904 2040 1976; x_wconf 86' lang='lat' dir='ltr'>sanctificet</span> <span class='ocrx_word' id='word_1_152' title='bbox 2062 1903 2256 1980; x_wconf 84' lang='lat' dir='ltr'>Ecclesiam</span> <span class='ocrx_word' id='word_1_153' title='bbox 2273 1913 2354 1984; x_wconf 90' lang='lat' dir='ltr'>Dei.</span> 
     </span>
     <span class='ocr_line' id='line_1_13' title="bbox 342 1999 2355 2104; baseline 0.004 -27"><span class='ocrx_word' id='word_1_154' title='bbox 342 2005 557 2077; x_wconf 82' lang='lat' dir='ltr'>staturDeum</span> <span class='ocrx_word' id='word_1_155' title='bbox 573 2004 742 2074; x_wconf 92' lang='lat' dir='ltr'>omnibus</span> <span class='ocrx_word' id='word_1_156' title='bbox 759 2005 886 2072; x_wconf 82' lang='lat' dir='ltr'>offerre</span> <span class='ocrx_word' id='word_1_157' title='bbox 901 2002 1061 2079; x_wconf 90' lang='lat' dir='ltr'>salutem,</span> <span class='ocrx_word' id='word_1_158' title='bbox 1088 2000 1182 2069; x_wconf 81' lang='lat' dir='ltr'>iuxta</span> <span class='ocrx_word' id='word_1_159' title='bbox 1201 1999 1309 2069; x_wconf 88' lang='lat' dir='ltr'>illud:</span> <span class='ocrx_word' id='word_1_160' title='bbox 1360 2001 1479 2074; x_wconf 90' lang='lat' dir='ltr'>Huius</span> <span class='ocrx_word' id='word_1_161' title='bbox 1508 2007 1693 2074; x_wconf 84' lang='lat' dir='ltr'>salvatoris</span> <span class='ocrx_word' id='word_1_162' title='bbox 1737 2007 1864 2076; x_wconf 84' lang='lat' dir='ltr'>fiducia</span> <span class='ocrx_word' id='word_1_163' title='bbox 1895 2007 2107 2098; x_wconf 85' lang='lat' dir='ltr'>recipimur,</span> <span class='ocrx_word' id='word_1_164' title='bbox 2148 2031 2355 2104; x_wconf 87' lang='lat' dir='ltr'>reputamur</span> 
     </span>
     <span class='ocr_line' id='line_1_14' title="bbox 345 2097 2356 2200; baseline 0.007 -26"><span class='ocrx_word' id='word_1_165' title='bbox 345 2109 453 2180; x_wconf 78' lang='lat' dir='ltr'>Venite</span> <span class='ocrx_word' id='word_1_166' title='bbox 472 2112 587 2178; x_wconf 86' lang='lat' dir='ltr'>adme</span> <span class='ocrx_word' id='word_1_167' title='bbox 603 2107 804 2200; x_wconf 88' lang='lat' dir='ltr'>omnesqui</span> <span class='ocrx_word' id='word_1_168' title='bbox 822 2103 1001 2176; x_wconf 80' lang='lat' dir='ltr'>laboratis.</span> <span class='ocrx_word' id='word_1_169' title='bbox 1036 2097 1158 2173; x_wconf 84' lang='lat' dir='ltr'>Etbic</span> <span class='ocrx_word' id='word_1_170' title='bbox 1175 2102 1309 2171; x_wconf 90' lang='lat' dir='ltr'>dictum</span> <span class='ocrx_word' id='word_1_171' title='bbox 1359 2107 1462 2192; x_wconf 91' lang='lat' dir='ltr'>iusti,</span> <span class='ocrx_word' id='word_1_172' title='bbox 1491 2122 1525 2178; x_wconf 90' lang='lat' dir='ltr'>et</span> <span class='ocrx_word' id='word_1_173' title='bbox 1546 2109 1718 2178; x_wconf 83' lang='lat' dir='ltr'>efficimur</span> <span class='ocrx_word' id='word_1_174' title='bbox 1733 2109 1811 2179; x_wconf 88' lang='lat' dir='ltr'>filii.</span> <span class='ocrx_word' id='word_1_175' title='bbox 1864 2107 1909 2180; x_wconf 85' lang='lat' dir='ltr'>Et</span> <span class='ocrx_word' id='word_1_176' title='bbox 1925 2104 1992 2182; x_wconf 89' lang='lat' dir='ltr'>hoc</span> <span class='ocrx_word' id='word_1_177' title='bbox 2010 2136 2089 2180; x_wconf 89' lang='lat' dir='ltr'>cum</span> <span class='ocrx_word' id='word_1_178' title='bbox 2107 2114 2164 2200; x_wconf 84' lang='lat' dir='ltr'>fir,</span> <span class='ocrx_word' id='word_1_179' title='bbox 2192 2130 2229 2184; x_wconf 93' lang='lat' dir='ltr'>ut</span> <span class='ocrx_word' id='word_1_180' title='bbox 2245 2119 2356 2188; x_wconf 90' lang='lat' dir='ltr'>simus</span> 
     </span>
     <span class='ocr_line' id='line_1_15' title="bbox 343 2207 2426 2306; baseline 0.003 -24"><span class='ocrx_word' id='word_1_181' title='bbox 343 2227 396 2296; x_wconf 82' lang='lat' dir='ltr'>est,</span> <span class='ocrx_word' id='word_1_182' title='bbox 418 2228 587 2284; x_wconf 84' lang='lat' dir='ltr'>utomnes</span> <span class='ocrx_word' id='word_1_183' title='bbox 601 2211 795 2282; x_wconf 89' lang='lat' dir='ltr'>crederent.</span> <span class='ocrx_word' id='word_1_184' title='bbox 845 2207 949 2292; x_wconf 84' lang='lat' dir='ltr'>item,</span> <span class='ocrx_word' id='word_1_185' title='bbox 970 2207 1151 2277; x_wconf 82' lang='lat' dir='ltr'>illuminat</span> <span class='ocrx_word' id='word_1_186' title='bbox 1164 2227 1309 2273; x_wconf 87' lang='lat' dir='ltr'>omnem</span> <span class='ocrx_word' id='word_1_187' title='bbox 1358 2209 1422 2278; x_wconf 86' lang='lat' dir='ltr'>filii</span> <span class='ocrx_word' id='word_1_188' title='bbox 1442 2208 1528 2295; x_wconf 88' lang='lat' dir='ltr'>Dei,</span> <span class='ocrx_word' id='word_1_189' title='bbox 1553 2212 1658 2280; x_wconf 90' lang='lat' dir='ltr'>etiam</span> <span class='ocrx_word' id='word_1_190' title='bbox 1675 2210 1786 2294; x_wconf 82' lang='lat' dir='ltr'>aDeo</span> <span class='ocrx_word' id='word_1_191' title='bbox 1803 2211 2055 2302; x_wconf 78' lang='lat' dir='ltr'>perspiritum</span> <span class='ocrx_word' id='word_1_192' title='bbox 2072 2231 2231 2286; x_wconf 89' lang='lat' dir='ltr'>sanctum</span> <span class='ocrx_word' id='word_1_193' title='bbox 2255 2242 2353 2306; x_wconf 87' lang='lat' dir='ltr'>rege·</span> <span class='ocrx_word' id='word_1_194' title='bbox 2422 2297 2426 2304; x_wconf 49' lang='grc'>,</span> 
     </span>
     <span class='ocr_line' id='line_1_16' title="bbox 345 2309 2352 2407; baseline 0 -24"><span class='ocrx_word' id='word_1_195' title='bbox 345 2311 517 2400; x_wconf 86' lang='lat' dir='ltr'>bominem,</span> <span class='ocrx_word' id='word_1_196' title='bbox 546 2315 585 2383; x_wconf 91' lang='lat' dir='ltr'>id</span> <span class='ocrx_word' id='word_1_197' title='bbox 612 2326 686 2396; x_wconf 91' lang='lat' dir='ltr'>est,</span> <span class='ocrx_word' id='word_1_198' title='bbox 719 2313 847 2380; x_wconf 89' lang='lat' dir='ltr'>missus</span> <span class='ocrx_word' id='word_1_199' title='bbox 877 2323 928 2380; x_wconf 90' lang='lat' dir='ltr'>est</span> <span class='ocrx_word' id='word_1_200' title='bbox 957 2309 1101 2402; x_wconf 91' lang='lat' dir='ltr'>quidem</span> <span class='ocrx_word' id='word_1_201' title='bbox 1124 2319 1166 2378; x_wconf 94' lang='lat' dir='ltr'>ut</span> <span class='ocrx_word' id='word_1_202' title='bbox 1185 2328 1308 2376; x_wconf 88' lang='lat' dir='ltr'>omnes</span> <span class='ocrx_word' id='word_1_203' title='bbox 1358 2337 1543 2394; x_wconf 80' lang='lat' dir='ltr'>necamur,</span> <span class='ocrx_word' id='word_1_204' title='bbox 1570 2329 1608 2382; x_wconf 93' lang='lat' dir='ltr'>ut</span> <span class='ocrx_word' id='word_1_205' title='bbox 1625 2313 1758 2407; x_wconf 87' lang='lat' dir='ltr'>ubique</span> <span class='ocrx_word' id='word_1_206' title='bbox 1773 2312 2128 2404; x_wconf 86' lang='lat' dir='ltr'>docetEvangelium,</span> <span class='ocrx_word' id='word_1_207' title='bbox 2154 2318 2290 2391; x_wconf 81' lang='lat' dir='ltr'>adGal.</span> <span class='ocrx_word' id='word_1_208' title='bbox 2302 2323 2352 2392; x_wconf 79' lang='grc'>3.;</span> 
     </span>
     <span class='ocr_line' id='line_1_17' title="bbox 349 2409 2355 2514; baseline 0.001 -30"><span class='ocrx_word' id='word_1_209' title='bbox 349 2419 504 2492; x_wconf 85' lang='lat' dir='ltr'>illuminet.</span> <span class='ocrx_word' id='word_1_210' title='bbox 556 2413 612 2488; x_wconf 84' lang='lat' dir='ltr'>Ac</span> <span class='ocrx_word' id='word_1_211' title='bbox 635 2437 847 2506; x_wconf 86' lang='lat' dir='ltr'>magnopere</span> <span class='ocrx_word' id='word_1_212' title='bbox 861 2415 1006 2514; x_wconf 77' lang='lat' dir='ltr'>prodest</span> <span class='ocrx_word' id='word_1_213' title='bbox 1022 2412 1150 2481; x_wconf 89' lang='lat' dir='ltr'>animis</span> <span class='ocrx_word' id='word_1_214' title='bbox 1164 2409 1309 2498; x_wconf 84' lang='lat' dir='ltr'>infigere</span> <span class='ocrx_word' id='word_1_215' title='bbox 1359 2413 1409 2488; x_wconf 84' lang='lat' dir='ltr'>Ua</span> <span class='ocrx_word' id='word_1_216' title='bbox 1434 2417 1703 2506; x_wconf 84' lang='lat' dir='ltr'>promissionem</span> <span class='ocrx_word' id='word_1_217' title='bbox 1726 2417 1871 2507; x_wconf 89' lang='lat' dir='ltr'>spiritus</span> <span class='ocrx_word' id='word_1_218' title='bbox 1895 2418 2109 2507; x_wconf 86' lang='lat' dir='ltr'>accipiamus</span> <span class='ocrx_word' id='word_1_219' title='bbox 2138 2445 2201 2511; x_wconf 86' lang='lat' dir='ltr'>per</span> <span class='ocrx_word' id='word_1_220' title='bbox 2233 2424 2355 2497; x_wconf 82' lang='lat' dir='ltr'>tidem,</span> 
     </span>
    </p>

    <p class='ocr_par' dir='ltr' id='par_1_6' title="bbox 262 2513 2438 4565">
     <span class='ocr_line' id='line_1_18' title="bbox 262 2513 2352 2615; baseline 0.006 -29"><span class='ocrx_word' id='word_1_221' title='bbox 262 2546 263 2567; x_wconf 56' lang='lat'>¹</span> <span class='ocrx_word' id='word_1_222' title='bbox 356 2515 643 2601; x_wconf 83' lang='lat' dir='ltr'>haucdortrinam,</span> <span class='ocrx_word' id='word_1_223' title='bbox 670 2523 763 2610; x_wconf 89' lang='lat' dir='ltr'>qnod</span> <span class='ocrx_word' id='word_1_224' title='bbox 787 2531 936 2610; x_wconf 84' lang='lat' dir='ltr'>utraque</span> <span class='ocrx_word' id='word_1_225' title='bbox 960 2516 1131 2585; x_wconf 88' lang='lat' dir='ltr'>sententia</span> <span class='ocrx_word' id='word_1_226' title='bbox 1155 2513 1201 2585; x_wconf 91' lang='lat' dir='ltr'>sit</span> <span class='ocrx_word' id='word_1_227' title='bbox 1226 2513 1309 2582; x_wconf 90' lang='lat' dir='ltr'>uui·</span> <span class='ocrx_word' id='word_1_228' title='bbox 1360 2514 1415 2587; x_wconf 85' lang='lat' dir='ltr'>Ad</span> <span class='ocrx_word' id='word_1_229' title='bbox 1436 2516 1544 2592; x_wconf 86' lang='lat' dir='ltr'>Rom.</span> <span class='ocrx_word' id='word_1_230' title='bbox 1565 2520 1614 2589; x_wconf 64' lang='lat' dir='ltr'>bc</span> <span class='ocrx_word' id='word_1_231' title='bbox 1658 2517 1733 2607; x_wconf 83' lang='lat' dir='ltr'>Qui</span> <span class='ocrx_word' id='word_1_232' title='bbox 1759 2518 1888 2615; x_wconf 87' lang='lat' dir='ltr'>spiritu</span> <span class='ocrx_word' id='word_1_233' title='bbox 1912 2516 1980 2587; x_wconf 91' lang='lat' dir='ltr'>Dei</span> <span class='ocrx_word' id='word_1_234' title='bbox 2005 2535 2176 2610; x_wconf 89' lang='lat' dir='ltr'>aguntur,</span> <span class='ocrx_word' id='word_1_235' title='bbox 2207 2520 2244 2594; x_wconf 81' lang='lat' dir='ltr'>bi</span> <span class='ocrx_word' id='word_1_236' title='bbox 2268 2542 2352 2598; x_wconf 92' lang='lat' dir='ltr'>sunt</span> 
     </span>
     <span class='ocr_line' id='line_1_19' title="bbox 351 2617 2350 2714; baseline 0.006 -28"><span class='ocrx_word' id='word_1_237' title='bbox 351 2622 464 2692; x_wconf 82' lang='lat' dir='ltr'>versalis</span> <span class='ocrx_word' id='word_1_238' title='bbox 495 2622 685 2714; x_wconf 84' lang='lat' dir='ltr'>promissio</span> <span class='ocrx_word' id='word_1_239' title='bbox 717 2621 933 2710; x_wconf 79' lang='lat' dir='ltr'>evangelica,</span> <span class='ocrx_word' id='word_1_240' title='bbox 980 2633 1015 2688; x_wconf 89' lang='lat' dir='ltr'>et</span> <span class='ocrx_word' id='word_1_241' title='bbox 1037 2619 1243 2708; x_wconf 80' lang='lat' dir='ltr'>mandatum</span> <span class='ocrx_word' id='word_1_242' title='bbox 1268 2629 1308 2686; x_wconf 90' lang='lat' dir='ltr'>ut</span> <span class='ocrx_word' id='word_1_243' title='bbox 1357 2621 1422 2690; x_wconf 90' lang='lat' dir='ltr'>lilii</span> <span class='ocrx_word' id='word_1_244' title='bbox 1441 2622 1525 2692; x_wconf 92' lang='lat' dir='ltr'>Dei.</span> <span class='ocrx_word' id='word_1_245' title='bbox 1576 2621 1622 2691; x_wconf 84' lang='lat' dir='ltr'>Et</span> <span class='ocrx_word' id='word_1_246' title='bbox 1640 2621 1735 2690; x_wconf 87' lang='lat' dir='ltr'>ioan.</span> <span class='ocrx_word' id='word_1_247' title='bbox 1751 2619 1805 2690; x_wconf 86' lang='lat'>7.:</span> <span class='ocrx_word' id='word_1_248' title='bbox 1831 2617 1903 2710; x_wconf 87' lang='lat' dir='ltr'>Qui</span> <span class='ocrx_word' id='word_1_249' title='bbox 1922 2623 2033 2693; x_wconf 89' lang='lat' dir='ltr'>credit</span> <span class='ocrx_word' id='word_1_250' title='bbox 2047 2624 2084 2692; x_wconf 91' lang='lat' dir='ltr'>in</span> <span class='ocrx_word' id='word_1_251' title='bbox 2103 2649 2177 2710; x_wconf 90' lang='lat' dir='ltr'>me,</span> <span class='ocrx_word' id='word_1_252' title='bbox 2202 2627 2350 2698; x_wconf 86' lang='lat' dir='ltr'>flumina</span> 
     </span>
     <span class='ocr_line' id='line_1_20' title="bbox 343 2719 2350 2817; baseline 0.004 -26"><span class='ocrx_word' id='word_1_253' title='bbox 343 2729 498 2797; x_wconf 85' lang='lat' dir='ltr'>credamus</span> <span class='ocrx_word' id='word_1_254' title='bbox 518 2727 594 2796; x_wconf 89' lang='lat' dir='ltr'>lilio</span> <span class='ocrx_word' id='word_1_255' title='bbox 619 2725 700 2796; x_wconf 88' lang='lat' dir='ltr'>Dei.</span> <span class='ocrx_word' id='word_1_256' title='bbox 759 2721 812 2792; x_wconf 86' lang='lat' dir='ltr'>De</span> <span class='ocrx_word' id='word_1_257' title='bbox 835 2721 1068 2813; x_wconf 84' lang='lat' dir='ltr'>promissione</span> <span class='ocrx_word' id='word_1_258' title='bbox 1092 2719 1201 2790; x_wconf 72' lang='lat' dir='ltr'>inulta</span> <span class='ocrx_word' id='word_1_259' title='bbox 1223 2732 1308 2788; x_wconf 92' lang='lat' dir='ltr'>sunt</span> <span class='ocrx_word' id='word_1_260' title='bbox 1357 2725 1402 2792; x_wconf 89' lang='lat' dir='ltr'>de</span> <span class='ocrx_word' id='word_1_261' title='bbox 1420 2739 1543 2795; x_wconf 90' lang='lat' dir='ltr'>ventre</span> <span class='ocrx_word' id='word_1_262' title='bbox 1560 2725 1635 2794; x_wconf 87' lang='lat' dir='ltr'>eius</span> <span class='ocrx_word' id='word_1_263' title='bbox 1655 2723 1768 2795; x_wconf 86' lang='lat' dir='ltr'>fluent</span> <span class='ocrx_word' id='word_1_264' title='bbox 1785 2746 1897 2817; x_wconf 91' lang='lat' dir='ltr'>aquae</span> <span class='ocrx_word' id='word_1_265' title='bbox 1913 2725 2026 2796; x_wconf 87' lang='lat' dir='ltr'>vivae.</span> <span class='ocrx_word' id='word_1_266' title='bbox 2078 2723 2350 2804; x_wconf 69' lang='lat' dir='ltr'>lustrense:</span> 
     </span>
     <span class='ocr_line' id='line_1_21' title="bbox 339 2811 2350 2920; baseline 0.006 -27"><span class='ocrx_word' id='word_1_267' title='bbox 339 2830 491 2920; x_wconf 73' lang='lat' dir='ltr'>exempla,</span> <span class='ocrx_word' id='word_1_268' title='bbox 517 2827 627 2900; x_wconf 81' lang='lat' dir='ltr'>Rom.</span> <span class='ocrx_word' id='word_1_269' title='bbox 645 2811 700 2897; x_wconf 60' lang='lat' dir='ltr'>iis:</span> <span class='ocrx_word' id='word_1_270' title='bbox 729 2823 870 2894; x_wconf 87' lang='lat' dir='ltr'>iusticia</span> <span class='ocrx_word' id='word_1_271' title='bbox 886 2825 951 2894; x_wconf 91' lang='lat' dir='ltr'>Dei</span> <span class='ocrx_word' id='word_1_272' title='bbox 971 2824 1011 2891; x_wconf 91' lang='lat' dir='ltr'>in</span> <span class='ocrx_word' id='word_1_273' title='bbox 1027 2847 1170 2900; x_wconf 76' lang='lat' dir='ltr'>omnes,</span> <span class='ocrx_word' id='word_1_274' title='bbox 1197 2835 1231 2891; x_wconf 82' lang='lat' dir='ltr'>el</span> <span class='ocrx_word' id='word_1_275' title='bbox 1245 2845 1306 2890; x_wconf 70' lang='grc' dir='ltr'>δυ-</span> <span class='ocrx_word' id='word_1_276' title='bbox 1356 2821 1550 2897; x_wconf 79' lang='lat' dir='ltr'>Effundam</span> <span class='ocrx_word' id='word_1_277' title='bbox 1567 2851 1674 2919; x_wconf 89' lang='lat' dir='ltr'>super</span> <span class='ocrx_word' id='word_1_278' title='bbox 1687 2829 1833 2898; x_wconf 89' lang='lat' dir='ltr'>domum</span> <span class='ocrx_word' id='word_1_279' title='bbox 1848 2823 1965 2898; x_wconf 92' lang='lat' dir='ltr'>David</span> <span class='ocrx_word' id='word_1_280' title='bbox 1987 2829 2151 2918; x_wconf 89' lang='lat' dir='ltr'>spiritum</span> <span class='ocrx_word' id='word_1_281' title='bbox 2169 2835 2302 2920; x_wconf 89' lang='lat' dir='ltr'>gratiae</span> <span class='ocrx_word' id='word_1_282' title='bbox 2317 2851 2350 2906; x_wconf 89' lang='lat' dir='ltr'>et</span> 
     </span>
     <span class='ocr_line' id='line_1_22' title="bbox 337 2925 2349 3024; baseline -0.005 -22"><span class='ocrx_word' id='word_1_283' title='bbox 337 2955 526 3018; x_wconf 81' lang='lat' dir='ltr'>peromnes.</span> <span class='ocrx_word' id='word_1_284' title='bbox 580 2929 667 3001; x_wconf 85' lang='lat' dir='ltr'>item</span> <span class='ocrx_word' id='word_1_285' title='bbox 693 2927 790 2999; x_wconf 88' lang='lat' dir='ltr'>ioan.</span> <span class='ocrx_word' id='word_1_286' title='bbox 816 2929 868 3002; x_wconf 81' lang='lat'>3.:</span> <span class='ocrx_word' id='word_1_287' title='bbox 905 2926 951 2998; x_wconf 90' lang='lat' dir='ltr'>Ut</span> <span class='ocrx_word' id='word_1_288' title='bbox 974 2927 1092 2995; x_wconf 90' lang='lat' dir='ltr'>omnis</span> <span class='ocrx_word' id='word_1_289' title='bbox 1111 2927 1172 3020; x_wconf 91' lang='lat' dir='ltr'>qui</span> <span class='ocrx_word' id='word_1_290' title='bbox 1194 2925 1307 2995; x_wconf 83' lang='lat' dir='ltr'>credit</span> <span class='ocrx_word' id='word_1_291' title='bbox 1357 2952 1511 3021; x_wconf 89' lang='lat' dir='ltr'>precum.</span> <span class='ocrx_word' id='word_1_292' title='bbox 1564 2927 1676 3000; x_wconf 89' lang='lat' dir='ltr'>Vocat</span> <span class='ocrx_word' id='word_1_293' title='bbox 1693 2928 1856 3021; x_wconf 89' lang='lat' dir='ltr'>spiritum</span> <span class='ocrx_word' id='word_1_294' title='bbox 1870 2929 2021 3019; x_wconf 85' lang='lat' dir='ltr'>gratiae,</span> <span class='ocrx_word' id='word_1_295' title='bbox 2045 2932 2127 3024; x_wconf 86' lang='lat' dir='ltr'>quia</span> <span class='ocrx_word' id='word_1_296' title='bbox 2146 2957 2207 3024; x_wconf 89' lang='lat' dir='ltr'>per</span> <span class='ocrx_word' id='word_1_297' title='bbox 2225 2931 2349 3006; x_wconf 74' lang='lat' dir='ltr'>Evan-</span> 
     </span>
     <span class='ocr_line' id='line_1_23' title="bbox 333 3026 2348 3124; baseline 0.002 -22"><span class='ocrx_word' id='word_1_298' title='bbox 333 3039 362 3104; x_wconf 90' lang='lat' dir='ltr'>in</span> <span class='ocrx_word' id='word_1_299' title='bbox 375 3059 467 3117; x_wconf 85' lang='lat' dir='ltr'>rum,</span> <span class='ocrx_word' id='word_1_300' title='bbox 498 3059 574 3104; x_wconf 92' lang='lat' dir='ltr'>non</span> <span class='ocrx_word' id='word_1_301' title='bbox 600 3045 730 3124; x_wconf 88' lang='lat' dir='ltr'>pereat.</span> <span class='ocrx_word' id='word_1_302' title='bbox 782 3029 862 3100; x_wconf 89' lang='lat' dir='ltr'>Huc</span> <span class='ocrx_word' id='word_1_303' title='bbox 878 3046 912 3100; x_wconf 86' lang='lat' dir='ltr'>et</span> <span class='ocrx_word' id='word_1_304' title='bbox 924 3029 1059 3100; x_wconf 89' lang='lat' dir='ltr'>dictum</span> <span class='ocrx_word' id='word_1_305' title='bbox 1073 3026 1179 3099; x_wconf 88' lang='lat' dir='ltr'>Pauli</span> <span class='ocrx_word' id='word_1_306' title='bbox 1194 3027 1305 3118; x_wconf 85' lang='lat' dir='ltr'>perti·</span> <span class='ocrx_word' id='word_1_307' title='bbox 1357 3032 1487 3121; x_wconf 90' lang='lat' dir='ltr'>gelium</span> <span class='ocrx_word' id='word_1_308' title='bbox 1508 3047 1625 3103; x_wconf 88' lang='lat' dir='ltr'>movet</span> <span class='ocrx_word' id='word_1_309' title='bbox 1650 3035 1777 3118; x_wconf 91' lang='lat' dir='ltr'>corda,</span> <span class='ocrx_word' id='word_1_310' title='bbox 1805 3047 1844 3103; x_wconf 93' lang='lat' dir='ltr'>ut</span> <span class='ocrx_word' id='word_1_311' title='bbox 1859 3049 2052 3122; x_wconf 86' lang='lat' dir='ltr'>agnoscant</span> <span class='ocrx_word' id='word_1_312' title='bbox 2069 3035 2348 3108; x_wconf 88' lang='lat' dir='ltr'>inenarrabilem</span> 
     </span>
     <span class='ocr_line' id='line_1_24' title="bbox 331 3129 2403 3224; baseline 0.001 -16"><span class='ocrx_word' id='word_1_313' title='bbox 331 3155 394 3210; x_wconf 85' lang='lat' dir='ltr'>ort:</span> <span class='ocrx_word' id='word_1_314' title='bbox 417 3137 513 3208; x_wconf 89' lang='lat' dir='ltr'>Deus</span> <span class='ocrx_word' id='word_1_315' title='bbox 530 3137 607 3206; x_wconf 92' lang='lat' dir='ltr'>vult</span> <span class='ocrx_word' id='word_1_316' title='bbox 621 3158 744 3204; x_wconf 90' lang='lat' dir='ltr'>omnes</span> <span class='ocrx_word' id='word_1_317' title='bbox 761 3131 925 3203; x_wconf 86' lang='lat' dir='ltr'>homines</span> <span class='ocrx_word' id='word_1_318' title='bbox 940 3132 1057 3202; x_wconf 88' lang='lat' dir='ltr'>salvos</span> <span class='ocrx_word' id='word_1_319' title='bbox 1072 3131 1161 3204; x_wconf 82' lang='lat' dir='ltr'>lieri.</span> <span class='ocrx_word' id='word_1_320' title='bbox 1208 3129 1304 3218; x_wconf 87' lang='lat' dir='ltr'>Quia</span> <span class='ocrx_word' id='word_1_321' title='bbox 1357 3136 1637 3205; x_wconf 89' lang='lat' dir='ltr'>misericordiam</span> <span class='ocrx_word' id='word_1_322' title='bbox 1654 3133 1723 3203; x_wconf 90' lang='lat' dir='ltr'>Dei</span> <span class='ocrx_word' id='word_1_323' title='bbox 1744 3159 1824 3224; x_wconf 90' lang='lat' dir='ltr'>erga</span> <span class='ocrx_word' id='word_1_324' title='bbox 1839 3158 1925 3214; x_wconf 89' lang='lat' dir='ltr'>nos,</span> <span class='ocrx_word' id='word_1_325' title='bbox 1952 3148 1986 3205; x_wconf 94' lang='lat' dir='ltr'>et</span> <span class='ocrx_word' id='word_1_326' title='bbox 2001 3149 2156 3208; x_wconf 89' lang='lat' dir='ltr'>statuant</span> <span class='ocrx_word' id='word_1_327' title='bbox 2170 3140 2275 3210; x_wconf 88' lang='lat' dir='ltr'>nobis</span> <span class='ocrx_word' id='word_1_328' title='bbox 2293 3165 2349 3210; x_wconf 87' lang='lat' dir='ltr'>re·</span> <span class='ocrx_word' id='word_1_329' title='bbox 2398 3143 2403 3148; x_wconf 82' lang='grc'><strong>’</strong></span> 
     </span>
     <span class='ocr_line' id='line_1_25' title="bbox 328 3231 2347 3334; baseline 0 -22"><span class='ocrx_word' id='word_1_330' title='bbox 328 3242 501 3334; x_wconf 88' lang='lat' dir='ltr'>promissio</span> <span class='ocrx_word' id='word_1_331' title='bbox 529 3239 697 3310; x_wconf 90' lang='lat' dir='ltr'>omnibus</span> <span class='ocrx_word' id='word_1_332' title='bbox 726 3238 832 3306; x_wconf 85' lang='lat' dir='ltr'>offert</span> <span class='ocrx_word' id='word_1_333' title='bbox 857 3237 1018 3305; x_wconf 85' lang='lat' dir='ltr'>salutem.</span> <span class='ocrx_word' id='word_1_334' title='bbox 1090 3231 1304 3303; x_wconf 87' lang='lat' dir='ltr'>Mandatum</span> <span class='ocrx_word' id='word_1_335' title='bbox 1356 3237 1627 3327; x_wconf 86' lang='lat' dir='ltr'>mittipeccata‚</span> <span class='ocrx_word' id='word_1_336' title='bbox 1654 3259 1809 3306; x_wconf 88' lang='lat' dir='ltr'>noaesse</span> <span class='ocrx_word' id='word_1_337' title='bbox 1830 3237 1867 3304; x_wconf 92' lang='lat' dir='ltr'>in</span> <span class='ocrx_word' id='word_1_338' title='bbox 1891 3237 2014 3325; x_wconf 88' lang='lat' dir='ltr'>gratia.</span> <span class='ocrx_word' id='word_1_339' title='bbox 2066 3237 2205 3310; x_wconf 84' lang='lat' dir='ltr'>Deinde</span> <span class='ocrx_word' id='word_1_340' title='bbox 2229 3237 2347 3332; x_wconf 84' lang='lat' dir='ltr'>agnit&#39;a</span> 
     </span>
     <span class='ocr_line' id='line_1_26' title="bbox 329 3333 2347 3432; baseline 0.001 -22"><span class='ocrx_word' id='word_1_341' title='bbox 329 3371 397 3414; x_wconf 80' lang='lat' dir='ltr'>cero</span> <span class='ocrx_word' id='word_1_342' title='bbox 413 3346 457 3414; x_wconf 89' lang='lat' dir='ltr'>ad</span> <span class='ocrx_word' id='word_1_343' title='bbox 475 3365 602 3412; x_wconf 88' lang='lat' dir='ltr'>omnes</span> <span class='ocrx_word' id='word_1_344' title='bbox 623 3340 797 3432; x_wconf 88' lang='lat' dir='ltr'>pertinere</span> <span class='ocrx_word' id='word_1_345' title='bbox 812 3352 966 3420; x_wconf 87' lang='lat' dir='ltr'>constat,</span> <span class='ocrx_word' id='word_1_346' title='bbox 991 3335 1158 3405; x_wconf 89' lang='lat' dir='ltr'>videlicet</span> <span class='ocrx_word' id='word_1_347' title='bbox 1182 3357 1303 3406; x_wconf 87' lang='lat' dir='ltr'>vocem</span> <span class='ocrx_word' id='word_1_348' title='bbox 1356 3352 1453 3410; x_wconf 83' lang='lat' dir='ltr'>tanta</span> <span class='ocrx_word' id='word_1_349' title='bbox 1472 3342 1628 3410; x_wconf 83' lang='lat' dir='ltr'>bonitate</span> <span class='ocrx_word' id='word_1_350' title='bbox 1644 3333 1866 3422; x_wconf 79' lang='lat' dir='ltr'>invocemus,</span> <span class='ocrx_word' id='word_1_351' title='bbox 1894 3353 1927 3408; x_wconf 87' lang='lat' dir='ltr'>et</span> <span class='ocrx_word' id='word_1_352' title='bbox 1944 3361 2008 3408; x_wconf 85' lang='lat' dir='ltr'>nos</span> <span class='ocrx_word' id='word_1_353' title='bbox 2023 3340 2347 3418; x_wconf 84' lang='lat' dir='ltr'>subiiciamusDeo.</span> 
     </span>
     <span class='ocr_line' id='line_1_27' title="bbox 327 3435 2346 3543; baseline 0 -27"><span class='ocrx_word' id='word_1_354' title='bbox 327 3449 406 3519; x_wconf 86' lang='lat' dir='ltr'>illam</span> <span class='ocrx_word' id='word_1_355' title='bbox 422 3468 516 3543; x_wconf 90' lang='lat' dir='ltr'>quae</span> <span class='ocrx_word' id='word_1_356' title='bbox 531 3446 578 3515; x_wconf 89' lang='lat' dir='ltr'>de</span> <span class='ocrx_word' id='word_1_357' title='bbox 602 3444 701 3515; x_wconf 91' lang='lat' dir='ltr'>coelo</span> <span class='ocrx_word' id='word_1_358' title='bbox 723 3441 857 3515; x_wconf 91' lang='lat' dir='ltr'>sonuit:</span> <span class='ocrx_word' id='word_1_359' title='bbox 884 3439 990 3513; x_wconf 88' lang='lat' dir='ltr'>Hunc</span> <span class='ocrx_word' id='word_1_360' title='bbox 1011 3439 1143 3512; x_wconf 90' lang='lat' dir='ltr'>audite.</span> <span class='ocrx_word' id='word_1_361' title='bbox 1194 3435 1302 3509; x_wconf 75' lang='lat' dir='ltr'>ltemr</span> <span class='ocrx_word' id='word_1_362' title='bbox 1356 3438 1412 3512; x_wconf 80' lang='lat' dir='ltr'>Ad</span> <span class='ocrx_word' id='word_1_363' title='bbox 1439 3437 1526 3512; x_wconf 88' lang='lat' dir='ltr'>haec</span> <span class='ocrx_word' id='word_1_364' title='bbox 1549 3438 1741 3511; x_wconf 77' lang='lat' dir='ltr'>Zachariae</span> <span class='ocrx_word' id='word_1_365' title='bbox 1766 3441 1872 3511; x_wconf 88' lang='lat' dir='ltr'>verba</span> <span class='ocrx_word' id='word_1_366' title='bbox 1896 3443 2063 3511; x_wconf 90' lang='lat' dir='ltr'>convenit</span> <span class='ocrx_word' id='word_1_367' title='bbox 2088 3443 2268 3534; x_wconf 89' lang='lat' dir='ltr'>aptissime</span> <span class='ocrx_word' id='word_1_368' title='bbox 2285 3449 2346 3516; x_wconf 92' lang='lat' dir='ltr'>di-</span> 
     </span>
     <span class='ocr_line' id='line_1_28' title="bbox 326 3540 2438 3641; baseline -0.001 -19"><span class='ocrx_word' id='word_1_369' title='bbox 326 3552 476 3641; x_wconf 74' lang='lat' dir='ltr'>Quinon</span> <span class='ocrx_word' id='word_1_370' title='bbox 498 3549 612 3619; x_wconf 84' lang='lat' dir='ltr'>eredit</span> <span class='ocrx_word' id='word_1_371' title='bbox 635 3545 728 3631; x_wconf 90' lang='lat' dir='ltr'>Deo,</span> <span class='ocrx_word' id='word_1_372' title='bbox 752 3548 958 3615; x_wconf 88' lang='lat' dir='ltr'>mendacem</span> <span class='ocrx_word' id='word_1_373' title='bbox 978 3544 1172 3614; x_wconf 85' lang='lat' dir='ltr'>iaciteum.</span> <span class='ocrx_word' id='word_1_374' title='bbox 1223 3540 1302 3613; x_wconf 88' lang='lat' dir='ltr'>Hae</span> <span class='ocrx_word' id='word_1_375' title='bbox 1355 3560 1450 3616; x_wconf 89' lang='lat' dir='ltr'>ctum</span> <span class='ocrx_word' id='word_1_376' title='bbox 1466 3543 1569 3616; x_wconf 87' lang='lat' dir='ltr'>Pauli</span> <span class='ocrx_word' id='word_1_377' title='bbox 1589 3544 1694 3617; x_wconf 88' lang='lat' dir='ltr'>Rom.</span> <span class='ocrx_word' id='word_1_378' title='bbox 1712 3546 1763 3616; x_wconf 87' lang='lat'>8.:</span> <span class='ocrx_word' id='word_1_379' title='bbox 1791 3543 1985 3633; x_wconf 87' lang='lat' dir='ltr'>Accepistis</span> <span class='ocrx_word' id='word_1_380' title='bbox 2001 3543 2165 3634; x_wconf 89' lang='lat' dir='ltr'>spiritum</span> <span class='ocrx_word' id='word_1_381' title='bbox 2182 3552 2348 3639; x_wconf 87' lang='lat' dir='ltr'>adoptio·</span> <span class='ocrx_word' id='word_1_382' title='bbox 2435 3612 2438 3617; x_wconf 92' lang='lat'><em>.</em></span> 
     </span>
     <span class='ocr_line' id='line_1_29' title="bbox 326 3639 2343 3742; baseline -0.001 -17"><span class='ocrx_word' id='word_1_383' title='bbox 326 3654 532 3725; x_wconf 82' lang='lat' dir='ltr'>universales</span> <span class='ocrx_word' id='word_1_384' title='bbox 545 3652 719 3721; x_wconf 89' lang='lat' dir='ltr'>tenendae</span> <span class='ocrx_word' id='word_1_385' title='bbox 734 3663 839 3738; x_wconf 85' lang='lat' dir='ltr'>sunt,</span> <span class='ocrx_word' id='word_1_386' title='bbox 864 3651 925 3717; x_wconf 88' lang='lat' dir='ltr'>sed</span> <span class='ocrx_word' id='word_1_387' title='bbox 948 3646 1144 3740; x_wconf 86' lang='lat' dir='ltr'>requiritur</span> <span class='ocrx_word' id='word_1_388' title='bbox 1169 3646 1300 3717; x_wconf 89' lang='lat' dir='ltr'>voluu-</span> <span class='ocrx_word' id='word_1_389' title='bbox 1354 3648 1411 3718; x_wconf 91' lang='lat' dir='ltr'>nis</span> <span class='ocrx_word' id='word_1_390' title='bbox 1433 3648 1606 3728; x_wconf 85' lang='lat' dir='ltr'>filiorum,</span> <span class='ocrx_word' id='word_1_391' title='bbox 1639 3672 1709 3742; x_wconf 93' lang='lat' dir='ltr'>quo</span> <span class='ocrx_word' id='word_1_392' title='bbox 1737 3648 1930 3719; x_wconf 88' lang='lat' dir='ltr'>clamamus</span> <span class='ocrx_word' id='word_1_393' title='bbox 1947 3639 2049 3717; x_wconf 84' lang='lat' dir='ltr'>Abba</span> <span class='ocrx_word' id='word_1_394' title='bbox 2074 3663 2183 3739; x_wconf 85' lang='lat' dir='ltr'>pater.</span> <span class='ocrx_word' id='word_1_395' title='bbox 2245 3650 2343 3722; x_wconf 87' lang='lat' dir='ltr'>idem</span> 
     </span>
     <span class='ocr_line' id='line_1_30' title="bbox 326 3748 2347 3845; baseline -0.001 -20"><span class='ocrx_word' id='word_1_396' title='bbox 326 3774 367 3827; x_wconf 88' lang='lat' dir='ltr'>tas</span> <span class='ocrx_word' id='word_1_397' title='bbox 385 3755 600 3845; x_wconf 85' lang='lat' dir='ltr'>assentiens,</span> <span class='ocrx_word' id='word_1_398' title='bbox 630 3776 705 3822; x_wconf 92' lang='lat' dir='ltr'>non</span> <span class='ocrx_word' id='word_1_399' title='bbox 729 3774 933 3843; x_wconf 80' lang='lat' dir='ltr'>repugnans</span> <span class='ocrx_word' id='word_1_400' title='bbox 957 3749 1165 3838; x_wconf 83' lang='lat' dir='ltr'>Evangelio.</span> <span class='ocrx_word' id='word_1_401' title='bbox 1215 3748 1300 3819; x_wconf 91' lang='lat' dir='ltr'>ldeo</span> <span class='ocrx_word' id='word_1_402' title='bbox 1355 3752 1502 3841; x_wconf 89' lang='lat' dir='ltr'>spiritus</span> <span class='ocrx_word' id='word_1_403' title='bbox 1531 3752 1740 3822; x_wconf 84' lang='lat' dir='ltr'>testificatur</span> <span class='ocrx_word' id='word_1_404' title='bbox 1765 3749 1905 3840; x_wconf 91' lang='lat' dir='ltr'>spiritui</span> <span class='ocrx_word' id='word_1_405' title='bbox 1929 3762 2072 3834; x_wconf 86' lang='lat' dir='ltr'>nostro,</span> <span class='ocrx_word' id='word_1_406' title='bbox 2110 3754 2206 3845; x_wconf 91' lang='lat' dir='ltr'>quod</span> <span class='ocrx_word' id='word_1_407' title='bbox 2236 3754 2347 3824; x_wconf 89' lang='lat' dir='ltr'>simus</span> 
     </span>
     <span class='ocr_line' id='line_1_31' title="bbox 328 3847 2345 3950; baseline -0.003 -21"><span class='ocrx_word' id='word_1_408' title='bbox 328 3863 409 3931; x_wconf 87' lang='lat' dir='ltr'>dicit:</span> <span class='ocrx_word' id='word_1_409' title='bbox 435 3858 630 3950; x_wconf 86' lang='lat' dir='ltr'>Quotquot</span> <span class='ocrx_word' id='word_1_410' title='bbox 644 3870 760 3926; x_wconf 89' lang='lat' dir='ltr'>autem</span> <span class='ocrx_word' id='word_1_411' title='bbox 778 3865 985 3945; x_wconf 88' lang='lat' dir='ltr'>receperunt</span> <span class='ocrx_word' id='word_1_412' title='bbox 998 3876 1090 3921; x_wconf 89' lang='lat' dir='ltr'>eum.</span> <span class='ocrx_word' id='word_1_413' title='bbox 1131 3852 1221 3923; x_wconf 88' lang='lat' dir='ltr'>Nam</span> <span class='ocrx_word' id='word_1_414' title='bbox 1236 3847 1303 3921; x_wconf 87' lang='lat' dir='ltr'>hos</span> <span class='ocrx_word' id='word_1_415' title='bbox 1355 3855 1419 3924; x_wconf 87' lang='lat' dir='ltr'>filii</span> <span class='ocrx_word' id='word_1_416' title='bbox 1444 3856 1524 3925; x_wconf 90' lang='lat' dir='ltr'>Dei.</span> <span class='ocrx_word' id='word_1_417' title='bbox 1586 3852 1655 3924; x_wconf 93' lang='lat' dir='ltr'>Hic</span> <span class='ocrx_word' id='word_1_418' title='bbox 1681 3852 1930 3944; x_wconf 84' lang='lat' dir='ltr'>complectitur</span> <span class='ocrx_word' id='word_1_419' title='bbox 1951 3850 2170 3940; x_wconf 75' lang='lat' dir='ltr'>agnitionem</span> <span class='ocrx_word' id='word_1_420' title='bbox 2201 3857 2345 3944; x_wconf 88' lang='lat' dir='ltr'>gratiae,</span> 
     </span>
     <span class='ocr_line' id='line_1_32' title="bbox 326 3953 2346 4054; baseline -0.002 -21"><span class='ocrx_word' id='word_1_421' title='bbox 326 3988 377 4054; x_wconf 81' lang='lat' dir='ltr'>per</span> <span class='ocrx_word' id='word_1_422' title='bbox 399 3960 639 4052; x_wconf 76' lang='lat' dir='ltr'>Evangelium</span> <span class='ocrx_word' id='word_1_423' title='bbox 670 3971 705 4030; x_wconf 89' lang='lat' dir='ltr'>et</span> <span class='ocrx_word' id='word_1_424' title='bbox 726 3957 900 4048; x_wconf 88' lang='lat' dir='ltr'>Spiritum</span> <span class='ocrx_word' id='word_1_425' title='bbox 930 3968 1090 4025; x_wconf 89' lang='lat' dir='ltr'>sanctum</span> <span class='ocrx_word' id='word_1_426' title='bbox 1122 3955 1302 4025; x_wconf 88' lang='lat' dir='ltr'>illuminat</span> <span class='ocrx_word' id='word_1_427' title='bbox 1354 3971 1388 4026; x_wconf 93' lang='lat' dir='ltr'>et</span> <span class='ocrx_word' id='word_1_428' title='bbox 1405 3957 1687 4041; x_wconf 74' lang='lat' dir='ltr'>invocationem,</span> <span class='ocrx_word' id='word_1_429' title='bbox 1711 3980 1791 4024; x_wconf 93' lang='lat' dir='ltr'>cum</span> <span class='ocrx_word' id='word_1_430' title='bbox 1809 3978 1878 4047; x_wconf 88' lang='lat' dir='ltr'>qua</span> <span class='ocrx_word' id='word_1_431' title='bbox 1894 3953 2075 4028; x_wconf 85' lang='lat' dir='ltr'>coniuncti</span> <span class='ocrx_word' id='word_1_432' title='bbox 2091 3968 2174 4026; x_wconf 92' lang='lat' dir='ltr'>sunt</span> <span class='ocrx_word' id='word_1_433' title='bbox 2190 3957 2250 4026; x_wconf 88' lang='lat' dir='ltr'>alii</span> <span class='ocrx_word' id='word_1_434' title='bbox 2269 3984 2346 4029; x_wconf 90' lang='lat' dir='ltr'>mo-</span> 
     </span>
     <span class='ocr_line' id='line_1_33' title="bbox 325 4056 2346 4157; baseline -0.001 -22"><span class='ocrx_word' id='word_1_435' title='bbox 325 4067 401 4137; x_wconf 83' lang='lat' dir='ltr'>ilios</span> <span class='ocrx_word' id='word_1_436' title='bbox 413 4063 507 4149; x_wconf 86' lang='lat' dir='ltr'>Dei,</span> <span class='ocrx_word' id='word_1_437' title='bbox 533 4063 597 4157; x_wconf 92' lang='lat' dir='ltr'>qui</span> <span class='ocrx_word' id='word_1_438' title='bbox 611 4084 685 4131; x_wconf 91' lang='lat' dir='ltr'>nou</span> <span class='ocrx_word' id='word_1_439' title='bbox 698 4074 918 4151; x_wconf 80' lang='lat' dir='ltr'>repugnant,</span> <span class='ocrx_word' id='word_1_440' title='bbox 944 4059 1005 4127; x_wconf 92' lang='lat' dir='ltr'>sed</span> <span class='ocrx_word' id='word_1_441' title='bbox 1020 4056 1171 4128; x_wconf 89' lang='lat' dir='ltr'>audiunt</span> <span class='ocrx_word' id='word_1_442' title='bbox 1181 4056 1300 4127; x_wconf 88' lang='lat' dir='ltr'>Evan·</span> <span class='ocrx_word' id='word_1_443' title='bbox 1353 4075 1410 4130; x_wconf 91' lang='lat' dir='ltr'>tus</span> <span class='ocrx_word' id='word_1_444' title='bbox 1423 4060 1642 4150; x_wconf 89' lang='lat' dir='ltr'>spirituales,</span> <span class='ocrx_word' id='word_1_445' title='bbox 1676 4072 1709 4127; x_wconf 89' lang='lat' dir='ltr'>et</span> <span class='ocrx_word' id='word_1_446' title='bbox 1725 4057 1880 4127; x_wconf 84' lang='lat' dir='ltr'>incoatis</span> <span class='ocrx_word' id='word_1_447' title='bbox 1903 4080 2017 4126; x_wconf 88' lang='lat' dir='ltr'>novae</span> <span class='ocrx_word' id='word_1_448' title='bbox 2032 4056 2192 4129; x_wconf 78' lang='lat' dir='ltr'>iusticias</span> <span class='ocrx_word' id='word_1_449' title='bbox 2206 4074 2239 4132; x_wconf 90' lang='lat' dir='ltr'>et</span> <span class='ocrx_word' id='word_1_450' title='bbox 2255 4062 2346 4133; x_wconf 89' lang='lat' dir='ltr'>vitae</span> 
     </span>
     <span class='ocr_line' id='line_1_34' title="bbox 326 4158 2346 4257; baseline -0.002 -19"><span class='ocrx_word' id='word_1_451' title='bbox 326 4171 451 4257; x_wconf 71' lang='lat' dir='ltr'>goliam,</span> <span class='ocrx_word' id='word_1_452' title='bbox 473 4180 510 4237; x_wconf 88' lang='lat' dir='ltr'>et</span> <span class='ocrx_word' id='word_1_453' title='bbox 525 4167 563 4235; x_wconf 92' lang='lat' dir='ltr'>in</span> <span class='ocrx_word' id='word_1_454' title='bbox 578 4163 805 4234; x_wconf 88' lang='lat' dir='ltr'>invocatione</span> <span class='ocrx_word' id='word_1_455' title='bbox 821 4186 857 4231; x_wconf 90' lang='lat' dir='ltr'>se</span> <span class='ocrx_word' id='word_1_456' title='bbox 871 4174 1070 4231; x_wconf 87' lang='lat' dir='ltr'>sustentant</span> <span class='ocrx_word' id='word_1_457' title='bbox 1086 4184 1170 4229; x_wconf 92' lang='lat' dir='ltr'>voce</span> <span class='ocrx_word' id='word_1_458' title='bbox 1179 4158 1300 4229; x_wconf 86' lang='lat' dir='ltr'>Evan·</span> <span class='ocrx_word' id='word_1_459' title='bbox 1354 4162 1393 4231; x_wconf 89' lang='lat' dir='ltr'>iu</span> <span class='ocrx_word' id='word_1_460' title='bbox 1407 4164 1589 4232; x_wconf 82' lang='lat' dir='ltr'>cordibus.</span> <span class='ocrx_word' id='word_1_461' title='bbox 1649 4158 1746 4231; x_wconf 89' lang='lat' dir='ltr'>Haec</span> <span class='ocrx_word' id='word_1_462' title='bbox 1768 4173 1820 4229; x_wconf 89' lang='lat' dir='ltr'>est</span> <span class='ocrx_word' id='word_1_463' title='bbox 1842 4172 2009 4251; x_wconf 89' lang='lat' dir='ltr'>perpetua</span> <span class='ocrx_word' id='word_1_464' title='bbox 2033 4158 2195 4233; x_wconf 87' lang='lat' dir='ltr'>doctriua</span> <span class='ocrx_word' id='word_1_465' title='bbox 2215 4164 2259 4232; x_wconf 90' lang='lat' dir='ltr'>de</span> <span class='ocrx_word' id='word_1_466' title='bbox 2283 4164 2346 4233; x_wconf 87' lang='lat' dir='ltr'>be·</span> 
     </span>
     <span class='ocr_line' id='line_1_35' title="bbox 327 4259 2347 4359; baseline -0.002 -19"><span class='ocrx_word' id='word_1_467' title='bbox 327 4274 406 4359; x_wconf 78' lang='lat' dir='ltr'>getii,</span> <span class='ocrx_word' id='word_1_468' title='bbox 433 4268 630 4340; x_wconf 87' lang='lat' dir='ltr'>sicutalibi</span> <span class='ocrx_word' id='word_1_469' title='bbox 654 4266 802 4336; x_wconf 86' lang='lat' dir='ltr'>dicitur:</span> <span class='ocrx_word' id='word_1_470' title='bbox 826 4263 936 4335; x_wconf 88' lang='lat' dir='ltr'>Dabit</span> <span class='ocrx_word' id='word_1_471' title='bbox 951 4263 1125 4354; x_wconf 89' lang='lat' dir='ltr'>Spiritum</span> <span class='ocrx_word' id='word_1_472' title='bbox 1139 4277 1300 4333; x_wconf 69' lang='lat' dir='ltr'>sarnetum</span> <span class='ocrx_word' id='word_1_473' title='bbox 1352 4265 1487 4335; x_wconf 87' lang='lat' dir='ltr'>ueficiis</span> <span class='ocrx_word' id='word_1_474' title='bbox 1507 4260 1715 4353; x_wconf 84' lang='lat' dir='ltr'>Evangelii,</span> <span class='ocrx_word' id='word_1_475' title='bbox 1748 4286 1855 4356; x_wconf 89' lang='lat' dir='ltr'>quam</span> <span class='ocrx_word' id='word_1_476' title='bbox 1878 4259 2027 4331; x_wconf 86' lang='lat' dir='ltr'>loannes</span> <span class='ocrx_word' id='word_1_477' title='bbox 2057 4262 2162 4334; x_wconf 92' lang='lat' dir='ltr'>iuitio</span> <span class='ocrx_word' id='word_1_478' title='bbox 2192 4266 2347 4337; x_wconf 86' lang='lat' dir='ltr'>breviter</span> 
     </span>
     <span class='ocr_line' id='line_1_36' title="bbox 332 4364 2003 4464; baseline -0.008 -19"><span class='ocrx_word' id='word_1_479' title='bbox 332 4374 536 4464; x_wconf 77' lang='lat' dir='ltr'>petentibus,</span> <span class='ocrx_word' id='word_1_480' title='bbox 568 4394 644 4440; x_wconf 93' lang='lat' dir='ltr'>non</span> <span class='ocrx_word' id='word_1_481' title='bbox 667 4368 723 4436; x_wconf 85' lang='lat' dir='ltr'>vel</span> <span class='ocrx_word' id='word_1_482' title='bbox 750 4369 1077 4444; x_wconf 86' lang='lat' dir='ltr'>contemnentibus,</span> <span class='ocrx_word' id='word_1_483' title='bbox 1112 4367 1168 4435; x_wconf 94' lang='lat' dir='ltr'>vel</span> <span class='ocrx_word' id='word_1_484' title='bbox 1192 4367 1300 4457; x_wconf 89' lang='lat' dir='ltr'>perti·</span> <span class='ocrx_word' id='word_1_485' title='bbox 1353 4368 1577 4464; x_wconf 84' lang='lat' dir='ltr'>complexus,</span> <span class='ocrx_word' id='word_1_486' title='bbox 1603 4379 1721 4459; x_wconf 88' lang='lat' dir='ltr'>postea</span> <span class='ocrx_word' id='word_1_487' title='bbox 1739 4364 1835 4434; x_wconf 89' lang='lat' dir='ltr'>enim</span> <span class='ocrx_word' id='word_1_488' title='bbox 1857 4376 2003 4455; x_wconf 87' lang='lat' dir='ltr'>repetet.</span> 
     </span>
     <span class='ocr_line' id='line_1_37' title="bbox 337 4458 2345 4565; baseline -0.004 -18"><span class='ocrx_word' id='word_1_489' title='bbox 337 4480 526 4549; x_wconf 78' lang='lat' dir='ltr'>nadiurore</span> <span class='ocrx_word' id='word_1_490' title='bbox 541 4473 743 4565; x_wconf 88' lang='lat' dir='ltr'>opprimere</span> <span class='ocrx_word' id='word_1_491' title='bbox 759 4466 994 4559; x_wconf 87' lang='lat' dir='ltr'>Evangelium</span> <span class='ocrx_word' id='word_1_492' title='bbox 1013 4470 1235 4539; x_wconf 85' lang='lat' dir='ltr'>conantibus.</span> <span class='ocrx_word' id='word_1_493' title='bbox 1376 4490 1388 4499; x_wconf 86' lang='lat'><em>·</em></span> <span class='ocrx_word' id='word_1_494' title='bbox 1454 4470 1568 4540; x_wconf 86' lang='lat' dir='ltr'>Addit</span> <span class='ocrx_word' id='word_1_495' title='bbox 1595 4484 1712 4539; x_wconf 90' lang='lat' dir='ltr'>autem</span> <span class='ocrx_word' id='word_1_496' title='bbox 1739 4468 1935 4557; x_wconf 89' lang='lat' dir='ltr'>negativas,</span> <span class='ocrx_word' id='word_1_497' title='bbox 1969 4480 2008 4535; x_wconf 88' lang='lat' dir='ltr'>ut</span> <span class='ocrx_word' id='word_1_498' title='bbox 2030 4466 2208 4539; x_wconf 86' lang='lat' dir='ltr'>discernat</span> <span class='ocrx_word' id='word_1_499' title='bbox 2232 4458 2345 4560; x_wconf 85' lang='lat' dir='ltr'>popu-</span> 
     </span>
    </p>

    <p class='ocr_par' dir='ltr' id='par_1_7' title="bbox 404 4565 2458 4667">
     <span class='ocr_line' id='line_1_38' title="bbox 404 4565 2458 4667; baseline -0.004 -17"><span class='ocrx_word' id='word_1_500' title='bbox 404 4580 463 4651; x_wconf 87' lang='lat' dir='ltr'>De</span> <span class='ocrx_word' id='word_1_501' title='bbox 481 4578 589 4648; x_wconf 89' lang='lat' dir='ltr'>tertia</span> <span class='ocrx_word' id='word_1_502' title='bbox 611 4575 804 4667; x_wconf 86' lang='lat' dir='ltr'>particula,</span> <span class='ocrx_word' id='word_1_503' title='bbox 832 4574 1013 4666; x_wconf 87' lang='lat' dir='ltr'>quomodo</span> <span class='ocrx_word' id='word_1_504' title='bbox 1031 4582 1301 4664; x_wconf 85' lang='lat' dir='ltr'>consequamur,</span> <span class='ocrx_word' id='word_1_505' title='bbox 1334 4574 1427 4643; x_wconf 88' lang='lat' dir='ltr'>.lum</span> <span class='ocrx_word' id='word_1_506' title='bbox 1454 4573 1542 4662; x_wconf 90' lang='lat' dir='ltr'>legis</span> <span class='ocrx_word' id='word_1_507' title='bbox 1565 4597 1583 4640; x_wconf 92' lang='lat' dir='ltr'>a</span> <span class='ocrx_word' id='word_1_508' title='bbox 1609 4594 1693 4641; x_wconf 88' lang='lat' dir='ltr'>veru</span> <span class='ocrx_word' id='word_1_509' title='bbox 1716 4570 1851 4639; x_wconf 87' lang='lat' dir='ltr'>semine</span> <span class='ocrx_word' id='word_1_510' title='bbox 1879 4565 2066 4653; x_wconf 77' lang='lat' dir='ltr'>Abrabae,</span> <span class='ocrx_word' id='word_1_511' title='bbox 2100 4568 2346 4658; x_wconf 88' lang='lat' dir='ltr'>gloriabantur</span> <span class='ocrx_word' id='word_1_512' title='bbox 2453 4644 2458 4652; x_wconf 75' lang='grc'>,</span> 
     </span>
    </p>

    <p class='ocr_par' dir='ltr' id='par_1_8' title="bbox 319 4669 2412 5173">
     <span class='ocr_line' id='line_1_39' title="bbox 325 4669 2345 4772; baseline -0.002 -25"><span class='ocrx_word' id='word_1_513' title='bbox 325 4682 376 4752; x_wconf 85' lang='lat' dir='ltr'>ait:</span> <span class='ocrx_word' id='word_1_514' title='bbox 396 4680 512 4755; x_wconf 85' lang='lat' dir='ltr'>Dedit</span> <span class='ocrx_word' id='word_1_515' title='bbox 532 4692 739 4772; x_wconf 86' lang='lat' dir='ltr'>potestatem</span> <span class='ocrx_word' id='word_1_516' title='bbox 762 4675 854 4747; x_wconf 86' lang='lat' dir='ltr'>filios</span> <span class='ocrx_word' id='word_1_517' title='bbox 869 4671 935 4745; x_wconf 89' lang='lat' dir='ltr'>Dei</span> <span class='ocrx_word' id='word_1_518' title='bbox 952 4674 1046 4755; x_wconf 83' lang='lat' dir='ltr'>fieri,</span> <span class='ocrx_word' id='word_1_519' title='bbox 1073 4674 1300 4745; x_wconf 82' lang='lat' dir='ltr'>credentibus</span> <span class='ocrx_word' id='word_1_520' title='bbox 1356 4674 1539 4746; x_wconf 79' lang='lat' dir='ltr'>israelitae</span> <span class='ocrx_word' id='word_1_521' title='bbox 1555 4698 1591 4745; x_wconf 87' lang='lat' dir='ltr'>se</span> <span class='ocrx_word' id='word_1_522' title='bbox 1607 4697 1680 4743; x_wconf 90' lang='lat' dir='ltr'>esse</span> <span class='ocrx_word' id='word_1_523' title='bbox 1702 4672 1874 4763; x_wconf 91' lang='lat' dir='ltr'>populum</span> <span class='ocrx_word' id='word_1_524' title='bbox 1890 4669 1979 4755; x_wconf 87' lang='lat' dir='ltr'>Dei,</span> <span class='ocrx_word' id='word_1_525' title='bbox 2005 4685 2038 4741; x_wconf 93' lang='lat' dir='ltr'>et</span> <span class='ocrx_word' id='word_1_526' title='bbox 2054 4672 2098 4741; x_wconf 89' lang='lat' dir='ltr'>ad</span> <span class='ocrx_word' id='word_1_527' title='bbox 2116 4674 2345 4763; x_wconf 84' lang='lat' dir='ltr'>sepertinere</span> 
     </span>
     <span class='ocr_line' id='line_1_40' title="bbox 322 4756 2347 4876; baseline -0.002 -25"><span class='ocrx_word' id='word_1_528' title='bbox 322 4784 508 4857; x_wconf 77' lang='lat' dir='ltr'>innomine</span> <span class='ocrx_word' id='word_1_529' title='bbox 522 4784 613 4852; x_wconf 75' lang='lat' dir='ltr'>eius·</span> <span class='ocrx_word' id='word_1_530' title='bbox 663 4778 855 4869; x_wconf 86' lang='lat' dir='ltr'>Expresse,</span> <span class='ocrx_word' id='word_1_531' title='bbox 879 4777 1017 4876; x_wconf 87' lang='lat' dir='ltr'>iuquit,</span> <span class='ocrx_word' id='word_1_532' title='bbox 1044 4778 1112 4846; x_wconf 88' lang='lat' dir='ltr'>lide</span> <span class='ocrx_word' id='word_1_533' title='bbox 1139 4778 1178 4846; x_wconf 92' lang='lat' dir='ltr'>in</span> <span class='ocrx_word' id='word_1_534' title='bbox 1192 4771 1299 4846; x_wconf 83' lang='lat' dir='ltr'>Chri.</span> <span class='ocrx_word' id='word_1_535' title='bbox 1354 4778 1626 4871; x_wconf 90' lang='lat' dir='ltr'>promissionem</span> <span class='ocrx_word' id='word_1_536' title='bbox 1642 4778 1759 4847; x_wconf 90' lang='lat' dir='ltr'>datam</span> <span class='ocrx_word' id='word_1_537' title='bbox 1776 4778 1820 4844; x_wconf 89' lang='lat' dir='ltr'>de</span> <span class='ocrx_word' id='word_1_538' title='bbox 1836 4774 2102 4855; x_wconf 86' lang='lat' dir='ltr'>benedictione,</span> <span class='ocrx_word' id='word_1_539' title='bbox 2128 4756 2284 4862; x_wconf 78' lang='lat' dir='ltr'>iusticia,</span> <span class='ocrx_word' id='word_1_540' title='bbox 2311 4793 2347 4847; x_wconf 87' lang='lat' dir='ltr'>et</span> 
     </span>
     <span class='ocr_line' id='line_1_41' title="bbox 321 4872 2343 4971; baseline -0.004 -16"><span class='ocrx_word' id='word_1_541' title='bbox 321 4905 395 4958; x_wconf 84' lang='lat' dir='ltr'>stom</span> <span class='ocrx_word' id='word_1_542' title='bbox 410 4887 494 4959; x_wconf 81' lang='lat' dir='ltr'>fieri</span> <span class='ocrx_word' id='word_1_543' title='bbox 517 4882 781 4955; x_wconf 82' lang='lat' dir='ltr'>nostiliosDei.</span> <span class='ocrx_word' id='word_1_544' title='bbox 831 4879 929 4951; x_wconf 88' lang='lat' dir='ltr'>Haec</span> <span class='ocrx_word' id='word_1_545' title='bbox 944 4904 1013 4949; x_wconf 83' lang='lat' dir='ltr'>vor</span> <span class='ocrx_word' id='word_1_546' title='bbox 1030 4879 1148 4969; x_wconf 89' lang='lat' dir='ltr'>ignota</span> <span class='ocrx_word' id='word_1_547' title='bbox 1164 4874 1300 4969; x_wconf 76' lang='lat' dir='ltr'>esthu·</span> <span class='ocrx_word' id='word_1_548' title='bbox 1352 4905 1462 4971; x_wconf 84' lang='lat' dir='ltr'>regno</span> <span class='ocrx_word' id='word_1_549' title='bbox 1479 4894 1643 4963; x_wconf 79' lang='lat' dir='ltr'>artemo,</span> <span class='ocrx_word' id='word_1_550' title='bbox 1669 4892 1703 4949; x_wconf 87' lang='lat' dir='ltr'>et</span> <span class='ocrx_word' id='word_1_551' title='bbox 1725 4872 1818 4947; x_wconf 88' lang='lat' dir='ltr'>hanc</span> <span class='ocrx_word' id='word_1_552' title='bbox 1840 4888 1950 4946; x_wconf 87' lang='lat' dir='ltr'>totam</span> <span class='ocrx_word' id='word_1_553' title='bbox 1975 4878 2253 4967; x_wconf 87' lang='lat' dir='ltr'>praerogativam</span> <span class='ocrx_word' id='word_1_554' title='bbox 2279 4880 2343 4950; x_wconf 89' lang='lat' dir='ltr'>tri-</span> 
     </span>
     <span class='ocr_line' id='line_1_42' title="bbox 320 4976 2344 5071; baseline -0.004 -14"><span class='ocrx_word' id='word_1_555' title='bbox 320 4994 418 5063; x_wconf 83' lang='lat' dir='ltr'>manis</span> <span class='ocrx_word' id='word_1_556' title='bbox 444 4989 609 5068; x_wconf 88' lang='lat' dir='ltr'>indiciis,</span> <span class='ocrx_word' id='word_1_557' title='bbox 640 4986 715 5054; x_wconf 89' lang='lat' dir='ltr'>lieri</span> <span class='ocrx_word' id='word_1_558' title='bbox 741 4980 905 5054; x_wconf 87' lang='lat' dir='ltr'>homines</span> <span class='ocrx_word' id='word_1_559' title='bbox 928 4983 1021 5053; x_wconf 87' lang='lat' dir='ltr'>lilios</span> <span class='ocrx_word' id='word_1_560' title='bbox 1043 4982 1108 5051; x_wconf 92' lang='lat' dir='ltr'>Dei</span> <span class='ocrx_word' id='word_1_561' title='bbox 1133 4976 1201 5051; x_wconf 89' lang='lat' dir='ltr'>hoc</span> <span class='ocrx_word' id='word_1_562' title='bbox 1221 5006 1300 5051; x_wconf 91' lang='lat' dir='ltr'>mo·</span> <span class='ocrx_word' id='word_1_563' title='bbox 1353 4985 1511 5054; x_wconf 85' lang='lat' dir='ltr'>buebaut</span> <span class='ocrx_word' id='word_1_564' title='bbox 1541 4982 1672 5053; x_wconf 87' lang='lat' dir='ltr'>carnali</span> <span class='ocrx_word' id='word_1_565' title='bbox 1705 4978 1944 5071; x_wconf 89' lang='lat' dir='ltr'>generationi,</span> <span class='ocrx_word' id='word_1_566' title='bbox 1988 5003 2048 5049; x_wconf 87' lang='lat' dir='ltr'>seu</span> <span class='ocrx_word' id='word_1_567' title='bbox 2082 4980 2185 5069; x_wconf 89' lang='lat' dir='ltr'>legali</span> <span class='ocrx_word' id='word_1_568' title='bbox 2207 5004 2344 5053; x_wconf 87' lang='lat' dir='ltr'>succes-</span> 
     </span>
     <span class='ocr_line' id='line_1_43' title="bbox 319 5076 2412 5173; baseline -0.004 -14"><span class='ocrx_word' id='word_1_569' title='bbox 319 5096 374 5168; x_wconf 71' lang='lat' dir='ltr'>do,</span> <span class='ocrx_word' id='word_1_570' title='bbox 399 5093 555 5173; x_wconf 86' lang='lat' dir='ltr'>scilicet,</span> <span class='ocrx_word' id='word_1_571' title='bbox 577 5090 664 5169; x_wconf 84' lang='lat' dir='ltr'>lide,</span> <span class='ocrx_word' id='word_1_572' title='bbox 691 5089 727 5155; x_wconf 92' lang='lat' dir='ltr'>id</span> <span class='ocrx_word' id='word_1_573' title='bbox 752 5100 821 5172; x_wconf 89' lang='lat' dir='ltr'>est,</span> <span class='ocrx_word' id='word_1_574' title='bbox 846 5087 974 5156; x_wconf 83' lang='lat' dir='ltr'>{iducis</span> <span class='ocrx_word' id='word_1_575' title='bbox 992 5080 1100 5154; x_wconf 90' lang='lat' dir='ltr'>huius</span> <span class='ocrx_word' id='word_1_576' title='bbox 1114 5086 1300 5155; x_wconf 85' lang='lat' dir='ltr'>salvatoris</span> <span class='ocrx_word' id='word_1_577' title='bbox 1351 5087 1464 5171; x_wconf 89' lang='lat' dir='ltr'>sioni,</span> <span class='ocrx_word' id='word_1_578' title='bbox 1490 5086 1689 5157; x_wconf 90' lang='lat' dir='ltr'>sicutnunc</span> <span class='ocrx_word' id='word_1_579' title='bbox 1704 5080 1872 5172; x_wconf 86' lang='lat' dir='ltr'>Episcopi</span> <span class='ocrx_word' id='word_1_580' title='bbox 1895 5084 2117 5153; x_wconf 89' lang='lat' dir='ltr'>contendunt</span> <span class='ocrx_word' id='word_1_581' title='bbox 2132 5104 2168 5150; x_wconf 88' lang='lat' dir='ltr'>se</span> <span class='ocrx_word' id='word_1_582' title='bbox 2184 5106 2258 5153; x_wconf 89' lang='lat' dir='ltr'>esse</span> <span class='ocrx_word' id='word_1_583' title='bbox 2272 5082 2342 5151; x_wconf 82' lang='lat' dir='ltr'>Ec·</span> <span class='ocrx_word' id='word_1_584' title='bbox 2409 5076 2412 5083; x_wconf 74' lang='grc'><strong><em>’</em></strong></span> 
     </span>
    </p>

    <p class='ocr_par' dir='ltr' id='par_1_9' title="bbox 261 5182 2343 5695">
     <span class='ocr_line' id='line_1_44' title="bbox 261 5182 2343 5284; baseline -0.005 -20"><span class='ocrx_word' id='word_1_585' title='bbox 261 5225 262 5284; x_wconf 47' lang='lat' dir='ltr'>q</span> <span class='ocrx_word' id='word_1_586' title='bbox 318 5198 408 5267; x_wconf 89' lang='lat' dir='ltr'>nobis</span> <span class='ocrx_word' id='word_1_587' title='bbox 432 5194 558 5267; x_wconf 90' lang='lat' dir='ltr'>donati</span> <span class='ocrx_word' id='word_1_588' title='bbox 580 5192 708 5281; x_wconf 84' lang='lat' dir='ltr'>gratis,</span> <span class='ocrx_word' id='word_1_589' title='bbox 745 5214 820 5258; x_wconf 91' lang='lat' dir='ltr'>nou</span> <span class='ocrx_word' id='word_1_590' title='bbox 844 5200 990 5281; x_wconf 89' lang='lat' dir='ltr'>propter</span> <span class='ocrx_word' id='word_1_591' title='bbox 1014 5201 1171 5257; x_wconf 89' lang='lat' dir='ltr'>nostram</span> <span class='ocrx_word' id='word_1_592' title='bbox 1196 5186 1300 5259; x_wconf 90' lang='lat' dir='ltr'>iusti·</span> <span class='ocrx_word' id='word_1_593' title='bbox 1352 5190 1495 5261; x_wconf 91' lang='lat' dir='ltr'>clesiam</span> <span class='ocrx_word' id='word_1_594' title='bbox 1521 5202 1665 5278; x_wconf 88' lang='lat' dir='ltr'>propter</span> <span class='ocrx_word' id='word_1_595' title='bbox 1693 5184 1913 5257; x_wconf 87' lang='lat' dir='ltr'>ordinariam</span> <span class='ocrx_word' id='word_1_596' title='bbox 1944 5184 2211 5255; x_wconf 81' lang='lat' dir='ltr'>successionem.</span> <span class='ocrx_word' id='word_1_597' title='bbox 2272 5182 2343 5253; x_wconf 89' lang='lat' dir='ltr'>Hic</span> 
     </span>
     <span class='ocr_line' id='line_1_45' title="bbox 318 5284 2342 5389; baseline -0.006 -22"><span class='ocrx_word' id='word_1_598' title='bbox 318 5302 407 5373; x_wconf 79' lang='lat' dir='ltr'>dam.</span> <span class='ocrx_word' id='word_1_599' title='bbox 470 5293 518 5367; x_wconf 82' lang='lat' dir='ltr'>Et</span> <span class='ocrx_word' id='word_1_600' title='bbox 540 5296 686 5389; x_wconf 90' lang='lat' dir='ltr'>quidem</span> <span class='ocrx_word' id='word_1_601' title='bbox 715 5293 800 5383; x_wconf 88' lang='lat' dir='ltr'>ipsis</span> <span class='ocrx_word' id='word_1_602' title='bbox 825 5292 1052 5361; x_wconf 86' lang='lat' dir='ltr'>credentibus</span> <span class='ocrx_word' id='word_1_603' title='bbox 1079 5289 1225 5360; x_wconf 84' lang='lat' dir='ltr'>difficile</span> <span class='ocrx_word' id='word_1_604' title='bbox 1248 5306 1300 5363; x_wconf 86' lang='lat' dir='ltr'>est</span> <span class='ocrx_word' id='word_1_605' title='bbox 1352 5316 1453 5361; x_wconf 90' lang='lat' dir='ltr'>error</span> <span class='ocrx_word' id='word_1_606' title='bbox 1474 5290 1669 5361; x_wconf 90' lang='lat' dir='ltr'>necessario</span> <span class='ocrx_word' id='word_1_607' title='bbox 1693 5288 1907 5357; x_wconf 87' lang='lat' dir='ltr'>refellendus</span> <span class='ocrx_word' id='word_1_608' title='bbox 1930 5300 1995 5357; x_wconf 88' lang='lat' dir='ltr'>est.</span> <span class='ocrx_word' id='word_1_609' title='bbox 2054 5284 2150 5375; x_wconf 86' lang='lat' dir='ltr'>Quia</span> <span class='ocrx_word' id='word_1_610' title='bbox 2168 5285 2264 5356; x_wconf 90' lang='lat' dir='ltr'>Deus</span> <span class='ocrx_word' id='word_1_611' title='bbox 2286 5310 2342 5355; x_wconf 90' lang='lat' dir='ltr'>re-</span> 
     </span>
     <span class='ocr_line' id='line_1_46' title="bbox 315 5386 2343 5493; baseline -0.006 -23"><span class='ocrx_word' id='word_1_612' title='bbox 315 5406 482 5486; x_wconf 82' lang='lat' dir='ltr'>retiuere,</span> <span class='ocrx_word' id='word_1_613' title='bbox 521 5399 619 5493; x_wconf 87' lang='lat' dir='ltr'>quod</span> <span class='ocrx_word' id='word_1_614' title='bbox 655 5395 819 5488; x_wconf 90' lang='lat' dir='ltr'>placeant</span> <span class='ocrx_word' id='word_1_615' title='bbox 837 5391 913 5465; x_wconf 90' lang='lat' dir='ltr'>Deo</span> <span class='ocrx_word' id='word_1_616' title='bbox 941 5394 1068 5481; x_wconf 90' lang='lat' dir='ltr'>gratis,</span> <span class='ocrx_word' id='word_1_617' title='bbox 1095 5416 1297 5486; x_wconf 86' lang='lat' dir='ltr'>quanquam</span> <span class='ocrx_word' id='word_1_618' title='bbox 1351 5394 1509 5487; x_wconf 89' lang='lat' dir='ltr'>pudiatis</span> <span class='ocrx_word' id='word_1_619' title='bbox 1539 5386 1614 5476; x_wconf 89' lang='lat' dir='ltr'>his,</span> <span class='ocrx_word' id='word_1_620' title='bbox 1659 5390 1722 5486; x_wconf 93' lang='lat' dir='ltr'>qui</span> <span class='ocrx_word' id='word_1_621' title='bbox 1752 5390 2010 5460; x_wconf 88' lang='lat' dir='ltr'>insolescebaut</span> <span class='ocrx_word' id='word_1_622' title='bbox 2048 5400 2192 5479; x_wconf 89' lang='lat' dir='ltr'>propter</span> <span class='ocrx_word' id='word_1_623' title='bbox 2227 5389 2343 5458; x_wconf 88' lang='lat' dir='ltr'>curnis</span> 
     </span>
     <span class='ocr_line' id='line_1_47' title="bbox 318 5490 2342 5589; baseline -0.005 -20"><span class='ocrx_word' id='word_1_624' title='bbox 318 5504 441 5576; x_wconf 77' lang='lat' dir='ltr'>infirmi</span> <span class='ocrx_word' id='word_1_625' title='bbox 457 5500 665 5589; x_wconf 88' lang='lat' dir='ltr'>etindigui‚</span> <span class='ocrx_word' id='word_1_626' title='bbox 691 5500 750 5565; x_wconf 89' lang='lat' dir='ltr'>sed</span> <span class='ocrx_word' id='word_1_627' title='bbox 772 5497 931 5588; x_wconf 88' lang='lat' dir='ltr'>placeant</span> <span class='ocrx_word' id='word_1_628' title='bbox 948 5510 1067 5565; x_wconf 90' lang='lat' dir='ltr'>tamen</span> <span class='ocrx_word' id='word_1_629' title='bbox 1080 5509 1188 5579; x_wconf 90' lang='lat' dir='ltr'>certo,</span> <span class='ocrx_word' id='word_1_630' title='bbox 1216 5520 1299 5585; x_wconf 90' lang='lat' dir='ltr'>pro·</span> <span class='ocrx_word' id='word_1_631' title='bbox 1351 5496 1631 5589; x_wconf 84' lang='lat' dir='ltr'>praerogativas,</span> <span class='ocrx_word' id='word_1_632' title='bbox 1664 5517 1766 5583; x_wconf 88' lang='lat' dir='ltr'>saepe</span> <span class='ocrx_word' id='word_1_633' title='bbox 1791 5492 1990 5561; x_wconf 89' lang='lat' dir='ltr'>illustribus</span> <span class='ocrx_word' id='word_1_634' title='bbox 2012 5490 2180 5580; x_wconf 85' lang='lat' dir='ltr'>exemplis</span> <span class='ocrx_word' id='word_1_635' title='bbox 2204 5493 2342 5559; x_wconf 85' lang='lat' dir='ltr'>vocavit</span> 
     </span>
     <span class='ocr_line' id='line_1_48' title="bbox 317 5592 2343 5695; baseline -0.008 -17"><span class='ocrx_word' id='word_1_636' title='bbox 317 5624 384 5695; x_wconf 82' lang='lat' dir='ltr'>pter</span> <span class='ocrx_word' id='word_1_637' title='bbox 396 5608 513 5677; x_wconf 79' lang='lat' dir='ltr'>tilium</span> <span class='ocrx_word' id='word_1_638' title='bbox 527 5602 644 5673; x_wconf 89' lang='lat' dir='ltr'>lesum</span> <span class='ocrx_word' id='word_1_639' title='bbox 662 5596 843 5673; x_wconf 83' lang='lat' dir='ltr'>Christum</span> <span class='ocrx_word' id='word_1_640' title='bbox 861 5600 965 5669; x_wconf 91' lang='lat' dir='ltr'>nobis</span> <span class='ocrx_word' id='word_1_641' title='bbox 981 5602 1164 5668; x_wconf 88' lang='lat' dir='ltr'>donatum.</span> <span class='ocrx_word' id='word_1_642' title='bbox 1216 5596 1300 5667; x_wconf 91' lang='lat' dir='ltr'>Non</span> <span class='ocrx_word' id='word_1_643' title='bbox 1352 5603 1441 5669; x_wconf 88' lang='lat' dir='ltr'>alios</span> <span class='ocrx_word' id='word_1_644' title='bbox 1473 5600 1516 5667; x_wconf 92' lang='lat' dir='ltr'>ad</span> <span class='ocrx_word' id='word_1_645' title='bbox 1543 5598 1744 5666; x_wconf 89' lang='lat' dir='ltr'>societatem</span> <span class='ocrx_word' id='word_1_646' title='bbox 1774 5594 1873 5683; x_wconf 86' lang='lat' dir='ltr'>regni</span> <span class='ocrx_word' id='word_1_647' title='bbox 1905 5594 1982 5676; x_wconf 90' lang='lat' dir='ltr'>sui,</span> <span class='ocrx_word' id='word_1_648' title='bbox 2024 5605 2064 5662; x_wconf 94' lang='lat' dir='ltr'>ut</span> <span class='ocrx_word' id='word_1_649' title='bbox 2092 5594 2220 5665; x_wconf 89' lang='lat' dir='ltr'>reiecto</span> <span class='ocrx_word' id='word_1_650' title='bbox 2246 5592 2343 5676; x_wconf 86' lang='lat' dir='ltr'>Cain,</span> 
     </span>
    </p>

    <p class='ocr_par' dir='ltr' id='par_1_10' title="bbox 261 5690 2344 5796">
     <span class='ocr_line' id='line_1_49' title="bbox 261 5690 2344 5796; baseline -0.007 -20"><span class='ocrx_word' id='word_1_651' title='bbox 261 5775 262 5796; x_wconf 52' lang='lat'>,</span> <span class='ocrx_word' id='word_1_652' title='bbox 318 5710 384 5779; x_wconf 87' lang='lat' dir='ltr'>sine</span> <span class='ocrx_word' id='word_1_653' title='bbox 398 5706 592 5781; x_wconf 86' lang='lat' dir='ltr'>certamine</span> <span class='ocrx_word' id='word_1_654' title='bbox 608 5705 761 5775; x_wconf 87' lang='lat' dir='ltr'>retinere</span> <span class='ocrx_word' id='word_1_655' title='bbox 781 5696 876 5771; x_wconf 86' lang='lat' dir='ltr'>hanc</span> <span class='ocrx_word' id='word_1_656' title='bbox 890 5697 1078 5791; x_wconf 84' lang='lat' dir='ltr'>Evangelii</span> <span class='ocrx_word' id='word_1_657' title='bbox 1093 5726 1215 5770; x_wconf 89' lang='lat' dir='ltr'>vocem</span> <span class='ocrx_word' id='word_1_658' title='bbox 1232 5697 1301 5772; x_wconf 87' lang='lat' dir='ltr'>ho·</span> <span class='ocrx_word' id='word_1_659' title='bbox 1352 5700 1468 5785; x_wconf 83' lang='lat' dir='ltr'>Esau,</span> <span class='ocrx_word' id='word_1_660' title='bbox 1507 5698 1770 5792; x_wconf 89' lang='lat' dir='ltr'>primogenitis,</span> <span class='ocrx_word' id='word_1_661' title='bbox 1811 5696 1926 5765; x_wconf 91' lang='lat' dir='ltr'>vocati</span> <span class='ocrx_word' id='word_1_662' title='bbox 1962 5707 2048 5765; x_wconf 89' lang='lat' dir='ltr'>sunt</span> <span class='ocrx_word' id='word_1_663' title='bbox 2075 5690 2186 5777; x_wconf 85' lang='lat' dir='ltr'>Abel,</span> <span class='ocrx_word' id='word_1_664' title='bbox 2228 5692 2344 5763; x_wconf 88' lang='lat' dir='ltr'>iacob.</span> 
     </span>
    </p>

    <p class='ocr_par' dir='ltr' id='par_1_11' title="bbox 261 5795 2351 5903">
     <span class='ocr_line' id='line_1_50' title="bbox 261 5795 2351 5903; baseline -0.007 -24"><span class='ocrx_word' id='word_1_665' title='bbox 261 5797 262 5890; x_wconf 73' lang='lat'>]</span> <span class='ocrx_word' id='word_1_666' title='bbox 316 5814 421 5883; x_wconf 85' lang='lat' dir='ltr'>mines</span> <span class='ocrx_word' id='word_1_667' title='bbox 441 5823 610 5903; x_wconf 86' lang='lat' dir='ltr'>possunt,</span> <span class='ocrx_word' id='word_1_668' title='bbox 641 5808 703 5877; x_wconf 78' lang='lat' dir='ltr'>aad</span> <span class='ocrx_word' id='word_1_669' title='bbox 727 5808 872 5898; x_wconf 87' lang='lat' dir='ltr'>prodest</span> <span class='ocrx_word' id='word_1_670' title='bbox 890 5805 930 5873; x_wconf 92' lang='lat' dir='ltr'>in</span> <span class='ocrx_word' id='word_1_671' title='bbox 954 5816 1143 5895; x_wconf 86' lang='lat' dir='ltr'>conspectu</span> <span class='ocrx_word' id='word_1_672' title='bbox 1169 5800 1301 5873; x_wconf 88' lang='lat' dir='ltr'>babere</span> <span class='ocrx_word' id='word_1_673' title='bbox 1352 5802 1488 5897; x_wconf 82' lang='lat' dir='ltr'>Estque</span> <span class='ocrx_word' id='word_1_674' title='bbox 1507 5798 1665 5873; x_wconf 87' lang='lat' dir='ltr'>Ecclesia</span> <span class='ocrx_word' id='word_1_675' title='bbox 1688 5824 1761 5870; x_wconf 92' lang='lat' dir='ltr'>nou</span> <span class='ocrx_word' id='word_1_676' title='bbox 1786 5819 1894 5890; x_wconf 86' lang='lat' dir='ltr'>penes</span> <span class='ocrx_word' id='word_1_677' title='bbox 1919 5821 1979 5867; x_wconf 90' lang='lat' dir='ltr'>eos</span> <span class='ocrx_word' id='word_1_678' title='bbox 2002 5795 2063 5889; x_wconf 93' lang='lat' dir='ltr'>qui</span> <span class='ocrx_word' id='word_1_679' title='bbox 2087 5797 2155 5867; x_wconf 89' lang='lat' dir='ltr'>sibi</span> <span class='ocrx_word' id='word_1_680' title='bbox 2178 5812 2351 5884; x_wconf 70' lang='lat' dir='ltr'>arroganti</span> 
     </span>
    </p>
   </div>
   <div class='ocr_carea' id='block_1_3' title="bbox 261 5898 2386 6079">
    <p class='ocr_par' dir='ltr' id='par_1_12' title="bbox 261 5898 2386 6079">
     <span class='ocr_line' id='line_1_51' title="bbox 261 5898 2386 6079; baseline -0.008 -98"><span class='ocrx_word' id='word_1_681' title='bbox 261 5985 262 6014; x_wconf 17' lang='grc' dir='ltr'>ζ</span> <span class='ocrx_word' id='word_1_682' title='bbox 316 5916 529 5995; x_wconf 81' lang='lat' dir='ltr'>testimonia,</span> <span class='ocrx_word' id='word_1_683' title='bbox 555 5923 739 6005; x_wconf 83' lang='lat' dir='ltr'>quaesunt</span> <span class='ocrx_word' id='word_1_684' title='bbox 754 5908 930 6001; x_wconf 88' lang='lat' dir='ltr'>piurima,</span> <span class='ocrx_word' id='word_1_685' title='bbox 956 5930 1046 6000; x_wconf 83' lang='lat' dir='ltr'>quae</span> <span class='ocrx_word' id='word_1_686' title='bbox 1063 5902 1154 5979; x_wconf 87' lang='lat' dir='ltr'>hauc</span> <span class='ocrx_word' id='word_1_687' title='bbox 1170 5910 1214 5977; x_wconf 88' lang='lat' dir='ltr'>de</span> <span class='ocrx_word' id='word_1_688' title='bbox 1231 5906 1299 5977; x_wconf 86' lang='lat' dir='ltr'>lide</span> <span class='ocrx_word' id='word_1_689' title='bbox 1353 5908 1521 5994; x_wconf 91' lang='lat' dir='ltr'>titulum,</span> <span class='ocrx_word' id='word_1_690' title='bbox 1547 5918 1695 6001; x_wconf 89' lang='lat' dir='ltr'>propter</span> <span class='ocrx_word' id='word_1_691' title='bbox 1717 5901 1876 6079; x_wconf 63' lang='lat' dir='ltr'>carqales</span> <span class='ocrx_word' id='word_1_692' title='bbox 1892 5898 2153 5992; x_wconf 87' lang='lat' dir='ltr'>praerogativas</span> <span class='ocrx_word' id='word_1_693' title='bbox 2172 5920 2232 5969; x_wconf 86' lang='lat' dir='ltr'>seu</span> <span class='ocrx_word' id='word_1_694' title='bbox 2248 5899 2347 5968; x_wconf 87' lang='lat' dir='ltr'>ordi·</span> <span class='ocrx_word' id='word_1_695' title='bbox 2382 5920 2386 5931; x_wconf 90' lang='lat'>·</span> 
     </span>
    </p>
   </div>
   <div class='ocr_carea' id='block_1_4' title="bbox 0 0 2918 6950">
    <p class='ocr_par' dir='ltr' id='par_1_13' title="bbox 0 0 2918 6950">
     <span class='ocr_line' id='line_1_52' title="bbox 0 0 2918 6950; baseline 0 6"><span class='ocrx_word' id='word_1_696' title='bbox 0 0 2918 6950; x_wconf 95' lang='lat' dir='ltr'> </span> 
     </span>
    </p>
   </div>
  </div>
 </body>
</html>
