5825 6950
584 634 660 717 m
1168 630 1298 710 Plllh.
1329 631 1449 711 MEL.
1485 630 1697 710 SCRIPTA
1730 631 2032 712 nxssou'tlctt.
2529 641 2594 719 did

590 809 734 895 dicunt,
757 804 897 879 iusticia
920 802 1134 876 universalis
1153 814 1207 875 est
1228 804 1431 876 obedientia
1453 817 1575 877 nostra
1631 804 1765 878 dictum
1783 819 1862 880 est..
1880 803 1963 880 Non
1977 805 2073 880 enin
2090 819 2228 904 tautum
2243 804 2431 890 oodetsm,
2454 829 2512 882 seu
2527 835 2597 904 pro.

592 915 826 984 iustaomnes
841 909 945 999 leges.
997 907 1097 978 Haec
1120 907 1280 978 delinitio
1301 908 1472 980 describit
1489 908 1578 999 legis
1629 909 1818 979 sessionem
1843 910 2027 1006 doctrinae
2043 911 2227 1000 fignificat,
2252 913 2314 983 sed
2337 909 2517 998 fiduciam,
2539 937 2599 1008 qus

594 1013 788 1097 iusticiam,
813 1035 903 1105 quae
918 1033 1035 1102 neque
1058 1010 1173 1079 adfert
1192 1010 1437 1082 remissionem
1454 1033 1580 1106 pecca·
1633 1011 1903 1103 promissionem
1919 1013 2112 1105 accipimus
2129 1026 2164 1085 et
2181 1014 2436 1108 acquiescimus
2455 1013 2491 1083 in
2507 1017 2598 1086 mise·

596 1133 733 1209 torum,
758 1138 874 1208 neque
889 1112 985 1183 tollit
1000 1125 1181 1203 peccatum
1196 1124 1258 1181 aut
1271 1125 1433 1190 mortem.
1493 1111 1578 1182 ldeo
1633 1113 1784 1183 ricordia
1801 1110 1867 1182 Dei
1879 1113 1899 1198 ,’
1915 1102 2005 1209 quae
2017 1116 2066 1184 ‘itt
2083 1116 2320 1207 promissione
2337 1129 2476 1185 ostensa
2489 1129 2551 1186 est:
2571 1130 2599 1189 et

595 1217 730 1290 Paulus
755 1216 861 1297 dicit,
893 1213 998 1284 aliam
1021 1211 1197 1284 iusticiam
1220 1214 1259 1282 in
1285 1215 1581 1305 promissionibus
1631 1215 1682 1284 sic
1698 1215 1848 1305 intelligi
1862 1216 1972 1302 lidem-
1990 1217 2029 1287 in
2054 1217 2129 1310 ipra
2154 1217 2360 1288 narratione
2376 1217 2517 1288 Abacuc
2535 1241 2600 1290 ms·

595 1344 659 1390 seu
675 1332 761 1388 voce
775 1313 963 1402 Evangelii
985 1314 1157 1408 proponi,
1180 1316 1271 1388 sicut
1286 1331 1319 1388 et
1335 1317 1430 1388 inira
1444 1316 1580 1410 inquit:
1633 1316 1801 1388 nilesttttn
1825 1327 1895 1392 est.
1960 1317 2148 1414 ›Loqttltur
2172 1321 2273 1388 enirn
2305 1319 2351 1388 de
2381 1319 2600 1409 expectatione

595 1419 702 1494 Nunc
716 1417 855 1491 iusticia
871 1417 936 1492 Dei
953 1417 1180 1488 manifestata
1196 1432 1259 1504 est,
1275 1418 1353 1490 sine
1370 1420 1456 1511 lege.
1484 1417 1581 1488 Haec
1633 1416 1785 1490 Messias
1796 1425 1810 1504 ,'
1831 1433 1866 1490 et
1891 1420 2112 1490 liberationis
2134 1443 2199 1514 per
2220 1420 2401 1494 Messinm.
2452 1419 2527 1491 lloc
2545 1423 2600 1512 igi·

499 1583 503 1589 .
596 1521 746 1605 iusticia,
761 1517 796 1590 id
812 1517 1056 1606 est,remissio
1073 1532 1295 1610 peccatorum
1308 1538 1453 1615 propter
1468 1521 1583 1591 lilium
1635 1533 1692 1591 tur
1711 1522 1833 1592 sentit:
1858 1519 1973 1593 lustus
1987 1524 2086 1609 'litle,
2112 1521 2149 1592 id
2175 1537 2243 1604 est,
2267 1517 2397 1594 saneta
2422 1523 2601 1594 misericor·

596 1623 768 1717 gratuita,
792 1635 827 1694 et
843 1623 1034 1712 acceptatio
1050 1629 1169 1691 (oram
1185 1621 1283 1707 Deo,
1309 1648 1389 1693 curn
1407 1647 1475 1718 qua
1494 1647 1580 1694 con·
1635 1624 1713 1692 diae
1733 1639 1875 1714 propter
1888 1615 2054 1695 Messinm
2072 1625 2284 1717 promissae,
2304 1645 2378 1696 non
2400 1625 2601 1714 opprimetur

597 1730 718 1798 iuncta
741 1736 793 1795 est
820 1723 969 1794 donatio
993 1719 1151 1814 Spiritus
1179 1724 1291 1796 sancti
1318 1738 1353 1796 et
1383 1721 1583 1796 haereditas
1635 1727 1897 1815 desperatione,
1920 1749 1993 1797 non
2007 1741 2089 1798 ruet
2106 1727 2145 1795 in
2162 1741 2345 1798 aetemum
2362 1725 2527 1811 esitium,
2549 1727 2600 1797 sed

1636 1827 1892 1900 sustentabitur
1919 1825 1986 1900 bau
2016 1818 2098 1899 veta
2127 1828 2396 1911 consolatione,
2435 1849 2501 1902 nee
2519 1828 2600 1898 tatto

1624 1955 1719 2000 eum
1738 1931 1929 2022 expectatio
1940 1956 1963 2016 ,¹
1974 1933 2035 2002 sed
2054 1930 2151 2002 Deus
2170 1925 2374 2001 credentem
2390 1929 2547 2004 servabit.

1702 2041 1709 2050 '
1740 2031 1809 2102 llic
1823 2051 1946 2103 rursus
1960 2034 2065 2104 astuti
2080 2033 2226 2132 quidam
2237 2053 2358 2104 'novos
2374 2030 2541 2104 turnultus
2553 2053 2601 2102 er-

1635 2136 1756 2216 eitant,
1783 2137 1937 2208 clamant
1953 2135 2103 2207 Paulum
2119 2136 2235 2208 attens
2248 2135 2345 2206 diets
2360 2132 2406 2204 ad
2423 2155 2516 2204 tuam
2532 2153 2598 2204 catt-

1635 2259 1709 2308 sam
1726 2241 1948 2329 detorquere.
1996 2231 2166 2310 Abrahae
2189 2235 2414 2328 promittitur
2429 2237 2598 2325 posteritas,

596 1829 688 1898 vitae
709 1841 889 1909 aeternae,
915 1826 1023 1898 datur
1045 1847 1119 1895 non
1140 1839 1286 1921 propter
1308 1829 1422 1920 legem
1444 1841 1507 1902 aut
1530 1828 1583 1898 le-

593 1931 645 2021 gis
664 1926 839 2002 iusticiam
855 1940 922 2030 etc.

898 2087 1060 2190 Exfide
1074 2091 1122 2166 's‘n
1132 2090 1265 2191 fidem

667 2232 789 2307 Simus
804 2233 963 2304 contenti
980 2231 1377 2323 vulgari'enarratione:
1404 2234 1494 2307 Fide
1513 2237 1585 2306 im·
1604 2259 1605 2264 ’

593 2337 746 2430 perlecta
773 2334 815 2404 in
835 2336 1076 2406 ardentiorem
1098 2345 1133 2406 el
1154 2333 1363 2413 firmiorem.
1423 2337 1518 2428 Quia
1543 2340 1581 2409 in

592 2438 820 2512 invocatione
843 2449 879 2508 et
903 2437 1121 2529 quotidianis
1151 2439 1320 2530 periculis
1345 2440 1404 2510 fiat
1427 2443 1582 2512 assensio

592 2540 750 2626 firmior,
773 2549 809 2608 et
829 2539 940 2629 magis
963 2552 1177 2623 statuamus,
1202 2562 1269 2615 nos
1287 2539 1365 2612 Deo
1379 2565 1483 2612 curae
1500 2567 1584 2632 esse,

592 2667 657 2720 nos
679 2651 839 2731 receptos
860 2663 953 2722 esse,
979 2664 1044 2710 nos
1068 2641 1227 2711 exaudiri
1250 2657 1285 2713 et
1302 2643 1438 2734 protegi
1455 2669 1475 2715 a
1495 2643 1582 2734 Deo,

590 2733 784 2825 statuamus
800 2739 936 2812 brutius
953 2739 1068 2814 Deum
1086 2767 1168 2812 vere
1190 2743 1259 2816 sibi
1283 2745 1449 2835 colligere
1472 2763 1585 2818 aeter·

520 2885 524 2888 ·
591 2871 675 2917 nam
691 2841 886 2916 Ecclesiam
904 2867 988 2914 voce
1001 2845 1211 2934 Evangelii,
1236 2859 1272 2918 et
1294 2872 1360 2919 nos
1376 2873 1460 2919 vere
1475 2874 1585 2920 mem-

593 2954 656 3020 bra
682 2969 756 3016 esse
782 2944 880 3019 illius
904 2960 1066 3036 aeternae
1082 2941 1284 3034 Ecclesiae,
1321 2961 1357 3020 et
1387 2951 1491 3022 nobis
1522 2952 1588 3022 ad-

591 3073 665 3120 esse
687 3045 829 3132 neum,
860 3045 999 3119 etiamsi
1029 3043 1264 3124 horribilibus
1295 3052 1474 3125 aerumnis
1506 3078 1587 3148 pre·

588 3174 732 3231 mtmur.
883 3238 888 3246 ι

692 3250 769 3322 Alii
787 3249 1088 3342 interpretantur:
1116 3245 1172 3325 Er
1186 3252 1255 3322 lide
1273 3268 1412 3346 patrum
1430 3269 1512 3329 ante
1530 3280 1587 3326 re-

458 3345 461 3350 ’
591 3351 846 3426 surrectionem
873 3350 1033 3440 Christi,
1067 3353 1106 3424 in
1137 3354 1241 3425 iidem
1270 3373 1474 3428 sanctorum
1507 3371 1586 3450 post

591 3455 905 3541 resttrrectionem,
930 3454 1015 3549 quia
1033 3468 1106 3527 tota
1124 3452 1282 3529 Ecclesia
1303 3459 1471 3532 omnibus
1496 3474 1586 3531 tent-

590 3558 766 3655 poribus‚
806 3556 893 3629 inde
921 3582 1035 3651 usque
1065 3559 1111 3628 ab
1135 3554 1278 3642 Adam,
1320 3563 1444 3632 eodem
1477 3564 1606 3632 modo-

591 3660 803 3733 iustibeatur
829 3674 864 3731 et
885 3660 1065 3744 salvatur,
1096 3659 1230 3733 scilicet
1257 3663 1385 3734 fiducia
1411 3666 1586 3736 mediato-

592 3766 664 3849 ris,
695 3783 769 3831 non
792 3774 938 3854 propter
962 3760 1209 3851 impletionem
1235 3764 1335 3855 legis.
1394 3761 1444 3837 Et
1468 3779 1585 3836 tamen

592 3862 662 3936 hoc
689 3862 882 3933 discrimen
908 3862 1207 3933 considerandum
1233 3880 1295 3938 est.
1369 3865 1427 3937 llli
1457 3882 1586 3939 ventu-

592 3988 673 4037 rum
699 3961 866 4036 Moesiam
882 3966 1156 4055 agnoscebant,
1197 3990 1265 4038 nos
1288 3965 1488 4041 exhibitum
1512 3982 1586 4041 esse

593 4087 737 4139 scimus.

696 4161 812 4237 Addit
833 4166 1073 4259 propositioni
1095 4168 1140 4238 de
1164 4168 1303 4240 iusticia
1321 4172 1404 4242 lidei
1427 4172 1586 4245 testimo-

594 4270 695 4342 nium
718 4294 760 4339 er
778 4263 942 4355 Abacuc,
968 4272 1064 4363 quod
1086 4285 1121 4341 et
1143 4272 1231 4341 alibi
1252 4274 1358 4355 citat,
1384 4298 1425 4345 ac
1449 4275 1586 4366 perspi-

1636 2339 1824 2432 inquiunt:
1851 2339 1951 2412 Sicut
1967 2338 2132 2410 Gedeoni
2146 2337 2321 2412 victorias
2363 2336 2460 2427 Quid
2478 2332 2598 2407 haecad

1636 2442 1878 2512 remissionem
1904 2457 2148 2533 peccatorum,
2174 2462 2236 2511 seu
2261 2442 2306 2511 ad
2336 2437 2531 2510 iusticiam?
2556 2437 2597 2510 De

1636 2538 1701 2612 hac
1717 2543 1872 2634 speciosa
1886 2541 2161 2634 reprehensione
2183 2563 2325 2614 necesse
2347 2555 2406 2614 eat
2426 2541 2499 2632 pias
2518 2563 2596 2608 meo·

1636 2658 1688 2715 tes
1708 2661 1801 2716 recte
1826 2646 1973 2722 erudiri.
2026 2643 2079 2716 Ac
2100 2642 2256 2738 primurn
2278 2645 2394 2714 sciant
2416 2663 2531 2713 omnes
2547 2639 2594 2731 pii,

1637 2770 1777 2839 semper
1798 2747 1836 2816 in
1861 2748 1957 2832 lide,
1997 2769 2200 2842 quanquam
2228 2744 2432 2838 corporalia
2457 2741 2594 2813 banebria

1636 2863 1818 2942 petuntur,
1843 2863 2006 2941 oportere
2024 2850 2225 2942 praelucere
2240 2849 2368 2930 lidem,
2390 2869 2481 2942 quae
2492 2843 2594 2936 accipit

1635 2951 1877 3021 retttissionem
1891 2967 2134 3046 peecatorum,
2158 2963 2192 3022 et
2211 2949 2530 3021 reconciliationem
2550 2967 2595 3016 sco

1636 3055 1905 3144 imputationem
1924 3055 2095 3130 iustitiae.
2146 3049 2262 3124 David
2281 3075 2358 3122 uon
2375 3062 2487 3143 potest
2503 3062 2595 3140 petere

1637 3156 1692 3224 vel
1717 3169 1899 3246 expectare
1929 3156 2135 3242 victoriam,
2175 3156 2291 3225 donee
2321 3175 2422 3224 mens
2450 3149 2595 3222 existimat

1636 3258 1737 3326 irasci
1760 3257 1897 3344 Deum,
1930 3273 1963 3328 et
1986 3259 2123 3350 trepida
2157 3281 2198 3327 ac
2225 3256 2383 3344 fugitans
2413 3277 2486 3324 non
2513 3250 2594 3320 audet

1636 3372 1816 3449 expectare
1832 3359 2013 3430 auxilium.
2058 3357 2207 3430 Necesse
2222 3372 2273 3428 est
2292 3357 2403 3448 igitur
2416 3354 2594 3450 praecedere

1635 3461 1798 3531 lidttciam
1832 3462 2114 3548 misericordiae,
2142 3461 2343 3555 etquidem
2372 3455 2593 3552 promissiones

1636 3563 1835 3657 corporales
1858 3588 1982 3635 omnes
2005 3577 2149 3656 propter
2168 3562 2402 3656 principalem
2419 3554 2594 3653 promissio-

1635 3689 1716 3735 nem
1735 3669 1780 3735 de
1796 3664 1926 3735 Messio
1949 3680 1983 3738 et
2003 3671 2104 3737 datae
2121 3678 2204 3737 sunt
2220 3678 2256 3737 et
2271 3664 2412 3748 valent,
2437 3662 2513 3753 quia
2529 3680 2593 3748 pto·

1637 3780 1715 3860 pter
1730 3767 1959 3839 mediatorem
1979 3769 2252 3839 intercedentem
2277 3790 2347 3865 pro
2369 3764 2471 3834 nohis
2490 3764 2594 3830 dantur

1635 3872 1755 3940 omnia
1774 3871 1879 3939 bona.
1931 3868 2114 3963 depones
2129 3868 2380 3940 universaliter
2395 3886 2511 3936 ornnes
2530 3881 2593 3951 pro·

1635 3972 1820 4041 missiones
1836 3974 1878 4041 ad
1898 3972 2047 4061 primam
2067 3972 2165 4040 illam
2181 3984 2216 4041 et
2240 3970 2461 4061 praecipuam
2482 3962 2590 4033 roten:

1638 4075 1736 4144 hant.
1790 4072 1962 4146 Petebant
1979 4088 2013 4146 et
2029 4072 2259 4168 expectabant
2284 4069 2476 4142 necessaria
2497 4059 2593 4133 ornoia

1639 4189 1783 4268 propter
1806 4174 1993 4259 Messinm,
2035 4189 2180 4268 propter
2204 4198 2309 4268 quem
2333 4186 2367 4243 et
2395 4167 2550 4263 populum
2568 4172 2593 4227 tl

1637 4276 1831 4347 Ecclesiam
1847 4275 1915 4346 Dei
1930 4300 1967 4347 se
1981 4300 2053 4347 esse
2072 4280 2239 4348 sciebant.
2293 4272 2345 4345 lta
2366 4270 2403 4343 in
2422 4266 2591 4361 precatione

1637 4377 1826 4452 Dominica
1843 4402 2003 4471 expresse
2022 4380 2206 4470 copulatae
2229 4390 2313 4448 sunt
2336 4374 2514 4468 petitiones
2533 4384 2592 4433 cor·

595 4370 719 4443 cuein
734 4366 874 4441 Galatis
919 4371 1071 4463 opponit
1090 4372 1249 4443 iustitiae
1270 4376 1374 4465 legis,
1399 4376 1585 4467 inquiens:

596 4472 706 4564 Quod
732 4486 849 4542 autem
871 4422 950 4565 iege
972 4496 1076 4543 nemo
1104 4474 1331 4563 iustificetur,
1357 4480 1582 4550 manifestum
1637 4481 1812 4574 puralium
1828 4493 1861 4552 et
1873 4482 2112 4575 spiritualium
2136 4480 2401 4551 beneficiorum.
2453 4470 2592 4555 Cumli·

544 4594 552 4613 ·
596 4589 667 4660 est,
690 4572 902 4669 quiaiustus
922 4575 1106 4648 lidevivit.
1156 4576 1231 4649 Lex
1249 4595 1365 4649 autem
1386 4593 1585 4651 nonestex
1636 4584 1746 4655 timus
1770 4607 1918 4676 panem,
1954 4608 2034 4654 mox
2064 4580 2280 4653 conscientia
2308 4575 2499 4669 obstrepit:
2534 4564 2591 4638 (2¹¹¹

596 4675 687 4759 lide,
712 4676 775 4745 sed
792 4678 853 4767 qui
874 4676 995 4747 lecerit
1010 4702 1067 4762 ea,
1094 4678 1240 4750 viretin
1255 4682 1306 4751 eis
1320 4696 1385 4757 etc.
1432 4681 1476 4753 ln
1492 4677 1584 4751 hanc
1639 4686 1747 4777 petis,
1777 4711 1857 4757 cum
1882 4686 1930 4755 sis
1953 4684 2154 4775 indignus?
2194 4680 2329 4754 Addita
2354 4694 2404 4750 est
2426 4677 2526 4766 igitur
2546 4688 2590 4735 tt·

498 4804 502 4811 ·
597 4772 766 4849 antithesi
793 4776 926 4847 Paulus
956 4780 1085 4852 diserte
1114 4782 1259 4875 inquit,
1297 4785 1476 4853 neminem
1509 4785 1584 4875 lege
1638 4810 1754 4881 pressa
1776 4788 1925 4879 petitio:
1963 4785 2121 4860 Remitte
2144 4785 2249 4855 nobis
2272 4784 2388 4856 debita
2412 4790 2521 4849 nostra
2539 4780 2587 4837 tle

598 4877 793 4951 iustificari.
844 4875 905 4949 Sic
926 4880 1034 4970 igitur
1055 4884 1181 4967 sentit,
1207 4888 1408 4957 credentem
1433 4887 1502 4956 lide
1527 4886 1584 4956 iu·
1638 4889 1786 4980 Semper
1801 4886 1916 4980 'igitur
1941 4888 2137 4979 praeluceat
2163 4884 2248 4956 haec
2269 4886 2374 4966 tides,
2397 4893 2539 4951 statuens
2556 4868 2589 4935 dt

599 4994 714 5060 uum,
746 4979 783 5048 id
807 4992 879 5057 eti.
914 4997 1094 5072 acceptum
1116 4982 1194 5055 Deo
1215 5009 1307 5071 esse,
1344 5000 1379 5057 et
1402 4988 1585 5059 vivificari.
1638 4991 1846 5061 remissione
1862 5003 2103 5082 peccatorum,
2128 5004 2163 5060 et
2185 4989 2223 5058 in
2248 4986 2449 5083 quotidiana
2471 4979 2587 5047 intort-

599 5075 748 5152 lithaec
763 5080 837 5170 ipsa
852 5075 1042 5165 ἀντίθεσις
1059 5086 1096 5155 in
1112 5084 1225 5158 Paulo
1241 5090 1370 5160 refutat
1383 5090 1584 5161 calumnio-
1638 5096 1737 5164 tione
1762 5086 1847 5163 haec
1870 5092 2064 5163 necessaria
2089 5090 2250 5163 doctrina
2273 5097 2476 5159 exerceatur·
2522 5068 2588 5145 illi

600 5206 656 5253 sas
671 5181 998 5274 interpretationes,
1015 5187 1225 5274 excogitatas
1240 5205 1361 5260 contra
1381 5190 1481 5263 Pauli
1501 5216 1584 5262 sen·
1637 5196 1737 5267 Deus
1759 5195 1809 5263 sic
1831 5195 1900 5263 coli
1918 5194 2107 5285 petitione,
2132 5216 2194 5284 spe
2209 5204 2244 5263 et
2262 5184 2490 5279 expectatione
2503 5167 2586 5265 spiri·

600 5284 767 5369 tentiam,
792 5284 908 5383 qualis
923 5279 1009 5357 haec
1032 5301 1100 5357 est:
1124 5286 1241 5361 lttstus
1259 5293 1391 5364 scilicet
1415 5295 1585 5385 operibns
1638 5297 1788 5367 tualium
1807 5308 1842 5366 et
1855 5296 2093 5387 corporalium
2115 5296 2311 5373 bonorum,
2337 5304 2368 5359 et
2385 5286 2515 5381 quidem
2529 5267 2586 5340 vuli

598 5400 718 5480 postea
736 5386 866 5478 placet,
892 5412 974 5457 cum
989 5389 1121 5458 accedit
1134 5390 1238 5477 tides,
1265 5393 1300 5463 id
1317 5410 1387 5477 est,
1412 5396 1583 5487 professio
1636 5398 1673 5467 in
1688 5398 1860 5490 petitione
1876 5398 2115 5489 corporalium
2130 5396 2236 5466 simul
2254 5394 2368 5463 lucere
2384 5390 2499 5465 fidem,
2513 5390 2583 5467 quet

598 5486 795 5559 doctrinae.
873 5485 971 5559 Haec
1002 5492 1201 5582 corruptela
1231 5510 1365 5585 pugnat
1395 5520 1475 5566 cum
1507 5499 1584 5588 ipso
1636 5500 1759 5569 statuit
1785 5502 1828 5567 de
1850 5501 2057 5569 retrtissione
2073 5513 2306 5590 peccatorum.
2355 5490 2406 5562 De
2429 5482 2489 5557 hoc
2507 5473 2584 5547 cultu

595 5586 729 5672 Paulo,
768 5588 852 5683 quia
884 5590 1087 5681 praefatur,
1119 5616 1225 5667 nemo
1257 5596 1334 5686 lege
1363 5599 1584 5674 iustilicatur.
1636 5604 1843 5696 pugnabant
1861 5598 2059 5693 Prophetae
2074 5596 2373 5693 cum·hypocritis.

596 5688 667 5761 sed
687 5684 747 5760 hie
761 5712 902 5761 necesse
924 5704 976 5764 est
999 5692 1188 5781 constitui,
1212 5698 1301 5790 quid
1324 5699 1498 5787 significet
1519 5726 1585 5770 vo·
1737 5700 1815 5774 Etsi
1829 5714 1946 5771 autem
1962 5700 2134 5771 differunt
2152 5700 2290 5790 negotia
2307 5672 2581 5799 esternotllptehil

596 5790 765 5864 sabulum
807 5789 933 5883 tides,
968 5794 1013 5866 de
1044 5818 1116 5890 quo
1143 5819 1251 5893 supra
1295 5812 1331 5871 et
1363 5800 1451 5871 alibi
1482 5824 1585 5896 saepe
1634 5818 1669 5875 et
1688 5800 1888 5897 Gedeonis,
1904 5801 2053 5875 Davidis
2069 5802 2294 5896 praeliantis,
2318 5812 2351 5867 et
2365 5789 2582 5869 mutuentur-
