5825 6950
570 678 676 761 tots
837 736 843 749 .
1124 668 1292 747 illlis.
1317 668 1438 748 MEL.
1463 668 1676 751 souma
1700 666 2043 753 merrtem
2138 721 2144 732 ·
2209 700 2227 724 ⁴*
2282 667 2304 742 »ἶ
2367 668 2375 679 ’
2496 681 2582 759 sote

572 852 709 953 poenis·
758 848 867 925 Nulla
892 842 1051 942 petentia
1070 842 1246 926 humana,
1272 845 1366 920 nulli
1388 847 1564 921 exereitus
1613 848 1828 923 liberatione
1857 843 2009 949 alege,
2051 861 2102 923 et·
2123 842 2223 925 reete
2253 844 2502 927 mmodsri
2520 851 2581 931 bno

572 959 685 1050 magis
706 954 876 1027 muniunt
895 951 1063 1044 imperia,
1097 972 1206 1043 quarn
1233 946 1319 1020 haec
1341 952 1564 1024 severissime
1615 953 1954 1047 posmcamnoms
1974 952 2180 1045 caponem
2211 950 2503 1031 summu-s
2523 958 2587 1051 lege

575 1063 631 1132 lex
654 1057 747 1131 Dei:
785 1056 934 1128 Necesse
959 1066 1012 1123 est
1033 1052 1180 1123 obedire
1211 1064 1355 1144 propter
1379 1053 1576 1127 conscien·=
1616 1054 1763 1141 morali,
1787 1056 1884 1147 quod
1904 1054 1950 1125 ad
1973 1054 2427 1146 insufflationem-seriose,
2448 1062 2505 1131 sed
2522 1084 2586 1133 noo

576 1165 683 1249 tiam,
708 1158 810 1231 cuius
826 1157 913 1246 legis
928 1156 1003 1247 ipse
1018 1152 1114 1229 Deus
1128 1170 1293 1225 exeootor
1309 1167 1371 1224 est.
1617 1158 1713 1252 qnod
1727 1150 2043 1228 adobedientiians
2057 1159 2197 1235 attinet,
2234 1153 2432 1254 ‹Nn‘n‘ipra
2442 1161 2586 1237 liberast„

677 1279 776 1350 Haec
791 1277 980 1367 diligenter
995 1274 1182 1363 cogitando
1205 1286 1308 1356 sunt,
1333 1287 1368 1344 et
1391 1294 1413 1343 a
1432 1272 1568 1366 populo
1618 1260 1732 1363 δ’Ῑθζθ
1743 1258 1972 1349 mmai·
1983 1260 2098 1364 md
2112 1280 2245 1365 ΜΨ
2262 1263 2511 1339 obedientiam·
2528 1297 2531 1306 ·
2549 1286 2585 1332 'e

580 1380 845 1459 etsdominis.
899 1374 1231 1461 Nametdomini,
1271 1398 1352 1445 curn
1385 1375 1474 1446 liunt
1511 1390 1570 1470 ty·
1869 1408 1875 1420 «
1955 1416 1962 1464 -,
1987 1386 2034 1418 ’··’
2082 1386 2087 1402 ·
2165 1390 2175 1411 ’
2256 1385 2374 1427 ’Μ’
2432 1393 2472 1412 ”

580 1487 704 1571 renni,
729 1483 859 1566 idest,
885 1503 965 1549 cum
991 1478 1127 1549 violant
1143 1478 1338 1561 iusticiam,
1363 1476 1520 1549 lacerant
1535 1489 1570 1548 ct
1662 1520 1668 1527 «
1864 1439 2372 1574 diadumenum„
2439 1474 2470 1523 =³=

582 1588 651 1680 ipsi
676 1578 940 1657 ordinationem
964 1578 1145 1662 divinam,
1171 1592 1208 1650 et
1228 1579 1402 1650 divinitus
1424 1574 1572 1653 haerent
1691 1603 1694 1612 ·
1721 1560 2296 1638 Eifflssfflffllhwmffllut
2307 1567 2592 1661 “mundonem

582 1688 621 1761 in
642 1687 778 1781 poenis.
846 1681 904 1754 Fit
929 1682 1038 1771 igitur
1064 1682 1103 1749 in
1130 1682 1216 1775 ipsis
1241 1698 1381 1776 quoque
1406 1698 1466 1753 rea
1487 1705 1572 1753 con.
1623 1662 1694 1739 hoe
1707 1666 1864 1736 &mr
1883 1662 1991 1735 lusto
2004 1686 2081 1735 nen
2095 1679 2149 1737 est
2163 1667 2220 1739 les
2233 1670 2375 1761 pmice,
2387 1667 2542 1763 mettim,
2556 1693 2593 1751 ῃ

584 1789 750 1872 scientia,
773 1800 814 1859 ut
839 1782 1130 1857 totusl'salmuss
1163 1784 1258 1857 Deus
1281 1783 1378 1854 stetit
1400 1784 1439 1853 in
1467 1803 1576 1880 syna-
1625 1766 1899 1887 tercentenis
1916 1768 2156 1853 seram-Deo,
2178 1774 2423 1866 monedati
2437 1783 2593 1850 aeterm

583 1916 670 1985 goga
691 1888 850 1963 Deorum
876 1879 969 1958 Deos
999 1884 1192 1971 iudicans,
1216 1898 1373 1957 accusat
1393 1900 1577 1983 tyrannos,
1627 1869 1802 1943 iusticiam
1822 1878 1966 1940 attsoet.
2012 1866 2085 1940 ses
2107 1870 2202 1989 iusto
2217 1874 2344 1945 estler
2362 1876 2493 1965 pnite,
2515 1886 2592 1977 quot

583 1998 741 2065 minutor
763 1989 812 2063 eis
835 2010 978 2082 poenas.
1033 1984 1083 2060 Et
1106 2008 1213 2082 saepe
1239 1987 1388 2081 repetita
1414 2000 1466 2063 cst
1490 1986 1581 2061 haee
1628 1974 1673 2045 td
1689 1973 1798 2044 Vllffl
1812 1970 2034 2089 tumultu}
2056 1984 2205 2091 aliptes,
2233 1975 2401 2049 videlieet
2420 1976 2593 2072 legasehi,

588 2082 742 2169 concio.¹
869 2104 885 2111 “·
1466 2123 1470 2132 ·
1631 2088 1755 2171 potus,
1781 2072 2153 2165 polsueaesocsetrtra.
2237 2100 2277 2197 ι.
2317 2111 2322 2119 -
2356 2104 2388 2195 »Ι
2548 2118 2557 2140 Ι

600 2245 604 2254 ·
684 2211 811 2285 Esaiae
825 2210 880 2283 bt
905 2204 1083 2279 Dominus
1103 2206 1149 2277 ad
1174 2205 1349 2279 iudicium
1376 2208 1497 2281 veniet
1515 2209 1580 2280 ad·
1701 2158 1836 2246 'Md‘
1863 2188 1904 2293 ²}
1934 2172 2085 2248 mmm
2117 2198 2411 2299 fflP⁰J¹⁸¹⁰¹Jtm=
2439 2180 2593 2257 'luduin

585 2336 706 2390 versus
721 2312 904 2405 Principes
925 2324 959 2381 et
977 2308 1148 2382 S'aniores
1162 2310 1299 2403 populi.
1626 2289 1818 2396 fimum,
1828 2275 1893 2348 ω’
1919 2296 1994 2347 ⁰⁰⁸
2005 2286 2066 2347 ω
2080 2276 2138 2348 lu
2152 2294 2283 2400 P⁰f¹¹⁸3
2307 2282 2454 2373 'mis'
2469 2286 2594 2360 ¹²¹'110t
2623 2357 2624 2360 ,

685 2426 922 2506 Micheae'dn
958 2424 1093 2499 Audite
1123 2426 1310 2523 Principes
1333 2441 1398 2505 etc.
1436 2440 1584 2522 propter
1633 2378 2170 2451 ‘mn'mmnumm
2194 2378 2400 2454 'mm‘
2445 2386 2594 2464 &⁰²⁰³

585 2534 998 2729 :pprplilpnlacpppsuimpger
1029 2530 1189 2603 arabitur
1209 2547 1251 2638 'et
1275 2529 1492 2629 lerosolyma
1513 2534 1584 2604 erit
1635 2479 2595 2675 ἴξζῖἓιΐᾶἰὶῗῗὲἷῶῗιῗὲᾙωωῧ

687 2748 881 2826 Zachariae
901 2753 977 2827 11.:
1005 2749 1123 2847 Super
1141 2768 1299 2847 pastores
1317 2752 1429 2825 iratus
1452 2764 1505 2825 est
1525 2750 1584 2823 fu·
1875 2814 1883 2830 .
1957 2763 2060 2835 Assa
2092 2765 2307 2845 obtectis..

590 2880 658 2931 ¹⁰¹⁵
674 2880 787 2933 mm·
1699 2934 1705 2942 ·
1736 2886 1812 2962 Gur
1836 2887 1877 2959 tit
1904 2910 1964 2959 rea
1989 2891 2205 2964 conscientia
2224 2892 2509 2973 faciens'eentrs
2527 2900 2596 2992 leges

692 2975 764 3051 Hic
781 2988 898 3048 autem
921 2974 1078 3047 breviter
1101 2973 1146 3045 de
1162 2976 1301 3049 duabus
1315 2970 1585 3071 quaestionibus
1635 2990 1908 3083 mmmmm
1938 2990 2124 3078 thurum,
2161 3007 2197 3067 ,ι
2217 3018 2302 3073 m„
2328 3000 2376 3073 ᾗ
2407 3023 2466 3075 m
2493 3004 2594 3075 sm

589 3080 883 3176 respondendum
897 3090 962 3154 est.
1012 3076 1119 3147 Prior
1137 3071 1223 3149 hacc
1240 3092 1313 3152 est:
1635 3108 1761 3166 mum
1778 3092 1990 3165 tradition„
2009 3093 2291 3189 Eptstopmmp

698 3179 830 3254 Sufflut
846 3177 987 3254 llbfflll
1006 3180 1137 3267 ⁸¹⁰8⁰s
1726 3192 1973 3286 Respondeo:
1997 3194 2413 3275 Ratio-diversitatisest.
2457 3201 2543 3279 Deus
2554 3230 2594 3276 es·

691 3278 790 3375 Ergo
811 3306 884 3356 non
900 3282 1055 3353 laeditur
1077 3280 1293 3354 conscicntia
1314 3278 1513 3353 violatione
1532 3278 1586 3353 le·
1638 3316 1758 3389 pmcn
1785 3319 1874 3367 voce
1894 3296 2083 3386 Evangelii
2104 3300 2220 3373 saeuit
2243 3299 2339 3374 baec
2361 3306 2549 3381 libertatem
2569 3310 2595 3377 ir

747 3408 831 3477 gum
856 3383 1094 3477 {minitatum-
1636 3396 1812 3484 Ecclesia,
1831 3410 1872 3469 ut
1886 3422 1953 3469 nee
1965 3395 2135 3496 Episcopi
2148 3406 2597 3484 enudant-traditionum

695 3503 910 3598 Respondes
925 3503 1081 3575 breviter
1104 3503 1149 3571 ed
1173 3501 1402 3572 antecedens:
1428 3496 1587 3572 Creden—
1637 3501 1809 3593 opinione
1826 3501 2066 3590 neeeuitatis,
2100 3529 2167 3576 nec
2188 3503 2349 3580 Ecclesia
2377 3533 2437 3584 eas
2459 3513 2506 3584 sie
2530 3514 2598 3583 aeci·

596 3624 651 3681 tes
674 3607 714 3676 in
737 3606 972 3678 mediatorem
994 3617 1077 3678 sunt
1100 3604 1239 3674 liberati
1267 3604 1403 3693 alege,
1430 3603 1525 3696 quod
1541 3602 1585 3670 ad
1639 3604 1725 3696 piat.
1776 3600 1860 3673 ldeo
1877 3601 2048 3681 coms.
2071 3629 2234 3699 expresse
2254 3611 2396 3684 dictura
2414 3628 2483 3686 est:
2512 3613 2597 3686 Nono

596 3709 881 3784 iustificationem
903 3707 1047 3792 attinet,
1072 3707 1109 3776 id
1133 3719 1206 3790 est,
1232 3705 1412 3797 proposita
1441 3716 1496 3774 est
1515 3703 1586 3773 alia
1639 3729 1702 3776 vos
1719 3705 1895 3796 aquatio
1911 3705 2006 3798 cibo,
2027 3723 2190 3801 potnete.
2217 3708 2324 3785 Eud
2342 3712 2504 3788 Galam
2525 3715 2598 3792 sm,

598 3837 676 3899 res,
700 3823 868 3904 quarunt
890 3809 974 3880 iusti
998 3831 1116 3881 coram
1132 3805 1228 3894 Deo,
1252 3807 1387 3878 scilieet
1413 3805 1589 3876 mediator
1639 3808 1878 3894 inlibertate,
1899 3809 1943 3878 ad
1959 3833 2068 3904 qoem
2085 3813 2203 3884 vocati
2225 3816 2322 3887 estis.
2374 3817 2444 3891 Sed
2466 3823 2508 3889 dc
2529 3817 2598 3912 poli·

596 3916 661 4011 qui
680 3915 810 3986 liberat
831 3911 969 3982 animos
990 3934 1033 3981 cx
1054 3925 1169 3982 morte
1190 3923 1334 3982 aeterua
1355 3923 1486 3980 erectas
1507 3908 1589 3980 lide.
1639 3911 1709 3983 tica
1738 3923 1910 4002 potestate
1937 3933 2098 4004 expresse
2127 3915 2265 3988 dictum
2287 3931 2363 3990 ests
2401 3918 2541 3992 Necesse
2561 3931 2599 3988 est

600 4017 739 4090 luteres
760 4028 907 4086 manent
928 4027 1049 4085 tamen
1072 4012 1110 4082 in
1134 4007 1199 4082 hac
1218 4012 1293 4084 vita
1313 4009 1490 4103 corporali
1506 4030 1589 4102 pro·
1640 4013 1788 4084 obedire
1809 4024 1956 4104 propter
1984 4016 2249 4088 conscientiam.
2311 4017 2405 4093 Vult
2429 4023 2520 4095 Deus
2536 4045 2600 4093 eso·

601 4119 677 4215 pria
695 4117 809 4188 officia
826 4115 1001 4208 corporis,
1026 4138 1118 4208 quae
1141 4126 1225 4184 sunt
1247 4114 1316 4184 alia
1338 4137 1394 4184 res
1409 4137 1515 4206 quam
1533 4133 1590 4181 re-
1640 4113 1730 4208 spici
1754 4113 1945 4185 discrimen
1968 4115 2063 4188 inter
2090 4141 2240 4209 regnum
2259 4115 2401 4196 Christi
2417 4139 2459 4197 et
2480 4123 2598 4217 imperis

600 4218 804 4295 conciliatio
818 4231 971 4304 aeterna,
989 4217 1140 4299 iusticia,
1160 4230 1194 4286 et
1209 4214 1279 4286 vita
1290 4215 1453 4308 spiritus.
1494 4211 1590 4303 Quia
1640 4216 1787 4302 mundi,
1818 4215 1898 4286 vult
1919 4219 2003 4288 sciri
2026 4233 2166 4291 tanturn
2190 4245 2278 4294 voce
2295 4219 2486 4318 Evangelii
2507 4226 2598 4315 coltip'

602 4337 720 4397 autem
739 4321 791 4392 sic
811 4319 946 4408 colligit
969 4316 1065 4390 Deus
1083 4314 1300 4404 Ecclesiam,
1325 4329 1361 4388 et
1381 4341 1455 4388 non
1476 4317 1591 4400 aliter,
1641 4341 1792 4410 regnum
1815 4313 1961 4391 Christi.
2029 4319 2113 4392 Non
2148 4325 2227 4396 vult
2258 4327 2395 4418 affingi
2422 4331 2598 4401 traditiones

602 4424 767 4496 videlicet
803 4421 1064 4514 praedicatione
1093 4419 1281 4510 Evangelii
1323 4419 1363 4489 in
1396 4415 1464 4490 hac
1505 4419 1591 4500 vita,
1643 4416 1845 4506 humanas,
1879 4445 1971 4512 qssae
1991 4424 2186 4496 obscurant
2205 4426 2262 4497 vel
2282 4430 2492 4522 opprimunt
2510 4431 2597 4500 loten

605 4529 762 4600 rultnos
784 4522 972 4616 tantisper,
998 4523 1155 4617 quodad
1174 4545 1321 4615 corpora
1338 4523 1477 4606 attinet,
1505 4523 1591 4591 sub·
1642 4519 1842 4612 Evangelii.
1884 4523 2024 4596 Interea
2040 4526 2148 4597 simul
2164 4528 2241 4599 vult
2255 4530 2363 4618 sciri,
2382 4555 2524 4626 corpora
2536 4531 2598 4602 sub·

605 4631 714 4702 iectos
736 4650 809 4698 esse
830 4627 968 4716 legibus
992 4648 1202 4716 corporum,
1233 4624 1320 4710 cibi,
1345 4639 1468 4717 potus,
1494 4623 1591 4716 poli·
1643 4624 1734 4699 iecta
1757 4647 1834 4694 esse
1857 4626 2003 4718 politico
2027 4630 2169 4716 ordini,
2203 4644 2240 4702 ct
2257 4653 2359 4723 reges
2383 4640 2528 4706 srmstos
2545 4650 2599 4702 esse

605 4733 666 4807 tiri
682 4729 833 4801 ordinis.
883 4725 1059 4800 Similiter
1077 4727 1173 4796 enim
1198 4749 1254 4796 ras
1274 4727 1489 4796 necessariae
1509 4741 1593 4798 sont
1645 4741 1816 4818 potestate
1838 4731 2016 4801 condendi
2037 4731 2150 4822 leges,
2176 4733 2221 4803 ad
2246 4727 2433 4809 honestans
2453 4735 2597 4807 defensio

608 4831 749 4924 corpori
765 4831 883 4916 cibus,
907 4843 1035 4924 potus,
1062 4829 1287 4918 coniugium,
1310 4829 1472 4900 educatio
1486 4830 1592 4898 sobo·
1646 4853 1727 4898 nem
1745 4852 1955 4924 corporum,
1979 4834 2147 4928 adquam
2160 4858 2252 4928 opus
2264 4850 2317 4909 est
2332 4837 2507 4910 interdum
2523 4835 2599 4908 noris

606 4935 671 5021 lis,
697 4933 839 5024 politica
853 4933 1021 5016 societas,
1047 4931 1206 5002 defensio
1221 4955 1429 5020 corporum,
1454 4941 1490 5001 et
1506 4930 1594 4999 scri·
1646 4929 1794 5020 legibus.

607 5049 708 5132 ptum
730 5047 799 5106 csta
825 5031 1039 5104 Habcndnm
1063 5058 1138 5104 esse
1161 5029 1332 5104 honorem
1354 5032 1508 5123 corpori.
1548 5030 1596 5103 Et
1747 5031 1934 5103 Caeterum
1960 5033 2094 5124 pariter
2112 5053 2259 5129 pescant
2279 5040 2498 5132 magistmtus
2511 5035 2598 5110 civilis

607 5155 729 5212 tamen
754 5132 820 5205 hae
841 5159 896 5205 res
913 5161 986 5206 non
1009 5151 1092 5207 sunt
1113 5138 1176 5205 ille
1197 5149 1338 5206 aeterna
1361 5135 1521 5215 iusticia,
1550 5137 1597 5205 dc
1647 5147 1683 5206 et
1697 5128 1878 5226 Episcopi,
1895 5140 2041 5229 quando
2055 5142 2216 5212 condunt
2231 5142 2325 5232 leges
2340 5155 2597 5235 pugnanteseun

613 5265 682 5336 qua
705 5239 792 5309 dicit
807 5235 958 5309 Daniel:
985 5237 1126 5308 lusticia
1148 5251 1290 5308 aeterna
1312 5239 1510 5308 adducetur
1533 5249 1598 5308 etc.
1649 5238 1826 5308 mandatis
1848 5239 2002 5326 divinis,
2033 5257 2101 5315 aus
2123 5244 2345 5335 praecipiunt
2371 5267 2480 5317 novos
2499 5242 2598 5314 cuttu

612 5366 704 5439 quae
746 5341 862 5434 reipsa
902 5356 955 5415 est
995 5342 1142 5412 libertas
1177 5338 1326 5432 spiritus
1362 5347 1398 5411 et
1432 5339 1598 5412 liberatio
1651 5338 1801 5408 Talibus
1825 5340 1963 5428 legibus
1985 5365 2060 5414 non
2089 5359 2141 5416 est
2164 5346 2423 5432 obediendum,
2453 5346 2534 5416 sion
2549 5361 2597 5410 aet

612 5471 634 5518 a
656 5447 742 5536 lege.
1651 5440 1830 5513 lsraelitae
1844 5443 2059 5517 obediebant
2072 5445 2143 5537 legi
2156 5443 2499 5534 Nabuchodonosor,
2520 5463 2597 5537 pret·

600 5567 604 5578 ·
713 5545 811 5617 llaec
826 5545 974 5638 simplex
989 5543 1174 5644 responsio
1189 5542 1293 5612 facile
1311 5540 1466 5632 intelligi
1484 5557 1599 5635 potest
1651 5542 1799 5636 cipienti
1811 5545 1961 5616 adorare
1973 5561 2136 5620 statuam.

617 5649 660 5722 de
671 5645 876 5720 discrimine
890 5646 1153 5719 aeternaelucis
1169 5657 1202 5714 et
1220 5645 1380 5716 iusticiae
1392 5647 1430 5714 in
1445 5647 1552 5715 corde
1566 5659 1599 5715 et
1750 5642 1976 5738 Interrogast
1989 5664 2110 5721 autem
2130 5647 2258 5744 aliqui:
2283 5648 2447 5723 Ueiosne
2462 5661 2593 5718 menr-

599 5752 706 5821 ¹sitae
729 5749 945 5841 corporalis,
969 5764 1003 5823 et
1018 5751 1133 5820 donec
1147 5747 1186 5816 in
1207 5742 1274 5818 hoc
1291 5746 1432 5834 nsortali
1450 5770 1601 5838 corpore
1651 5745 1702 5816 tia
1723 5747 1875 5819 debetur
1895 5752 2057 5839 potestati
2077 5752 2197 5836 civili,
2219 5775 2328 5844 quaro
2347 5751 2533 5846 pastoribus
2546 5739 2595 5814 ll<-

612 5851 779 5928 vivimus.
835 5851 937 5923 Alibi
967 5864 1085 5924 autern
1113 5849 1293 5942 copiosius
1318 5851 1451 5922 dietum
1482 5862 1535 5920 est
1555 5851 1602 5921 de
1651 5847 1806 5937 clasiae,
1839 5873 1922 5922 cum
1942 5852 2078 5925 dictum
2100 5854 2169 5928 sits
2201 5853 2278 5946 Qui
2303 5878 2365 5929 vos
2388 5851 2531 5948 φανὴ,
2554 5859 2596 5912 Μ
