5825 6950
351 678 417 753 tet
617 680 718 761 xltt.
768 684 803 757 8.
828 677 1129 761 nnannATto
1154 680 1313 773 netst.
1340 680 1487 773 PAULI
1513 680 1582 765 ΑΒ
1607 686 1869 772 ROMANOS.
1926 692 2029 769 CAP.
2052 693 2117 776 tv.
2304 703 2384 803 ¹⁸9ss

353 856 474 929 talibus
509 852 648 927 ritibus.
708 854 882 930 Homines
909 858 1110 930 existimant
1136 857 1336 932 teteritas
1385 861 1645 951 applicatione,
1671 866 1768 957 qnod
1787 866 1952 945 virlelicct
1971 870 2162 957 promissio
2184 875 2377 947 vereadte

351 974 403 1029 ant
417 981 491 1027 esse
506 959 604 1049 signa
622 960 849 1051 professionis
866 977 1039 1046 externae,
1054 960 1334 1045 seudistinctio-
1383 965 1581 1055 pertineat,
1606 980 1642 1037 ει
1661 963 1750 1041 lides
1766 967 1912 1040 intuens
1931 972 2221 1061 promissionem,
2248 991 2377 1053 statuat

350 1062 401 1131 nis
424 1060 520 1134 inter
544 1059 735 1145 homines,
765 1063 857 1135 sicut
879 1062 979 1152 'l'oga
1003 1063 1231 1133 discernebat
1258 1060 1335 1134 Pro·
1386 1090 1468 1137 vere
1492 1093 1558 1138 uos
1580 1069 1689 1161 recipi
1708 1082 1744 1141 et
1760 1072 1921 1145 exaudiri
1937 1098 1955 1142 a
1973 1073 2053 1145 Deo
2076 1092 2223 1168 propter
2240 1082 2377 1151 media·

350 1160 706 1251 manninaGraecis,
739 1180 802 1237 ant
824 1188 897 1235 csse
919 1165 1105 1255 allegorias
1129 1177 1267 1235 tantum
1290 1168 1334 1235 de
1384 1180 1509 1239 torem.
1562 1168 1726 1243 Haecin
1750 1174 1843 1243 veris
1864 1174 2040 1246 exercitiis
2064 1181 2306 1252 conversionis
2340 1195 2376 1255 et

347 1266 475 1339 nostris
493 1268 674 1359 operibns.
725 1265 787 1340 Sic
808 1269 1064 1361 Anabaptistae
1082 1266 1334 1341 universaliter
1383 1270 1421 1339 in
1449 1295 1533 1342 vera
1562 1274 1806 1347 consolatione
1825 1278 1920 1349 bunt
1949 1277 2157 1352 illustriora.
2215 1280 2374 1378 Ecquis

348 1372 472 1441 docent
503 1370 809 1462 anabaptismo,
856 1396 961 1468 quem
988 1364 1139 1453 babent,
1177 1391 1252 1439 csse
1276 1370 1334 1439 di·
1382 1374 1535 1466 requirit
1567 1375 1605 1445 in
1631 1402 1696 1447 usn
1725 1393 2028 1452 sacramentorum
2057 1382 2186 1470 fidem,
2223 1385 2374 1464 manile·

347 1471 571 1544 stinctionem
609 1474 664 1542 sni
705 1488 825 1545 coetus
860 1498 880 1545 a
920 1474 1066 1545 cacteris
1109 1466 1331 1544 hominibus:
1381 1488 1475 1547 stum
1501 1490 1570 1563 εει,
1597 1480 1758 1549 damnari
1786 1495 1911 1551 tetram
1929 1482 2166 1572 impietatem,
2191 1511 2282 1581 quae
2304 1489 2372 1557 liu·

348 1575 473 1649 deinde
498 1598 572 1647 esse
591 1575 797 1667 allegoriam
821 1576 865 1646 de
891 1576 1081 1668 patientia,
1116 1596 1207 1669 quae
1234 1600 1331 1646 com·
1380 1577 1431 1667 git
1473 1578 1535 1651 illa
1577 1606 1685 1675 opera
1727 1583 1857 1657 mereri
1896 1584 2143 1660 reserissionem
2182 1614 2224 1660 es
2265 1614 2373 1683 opere

345 1677 558 1749 monefaciat
581 1700 642 1747 eos
668 1678 822 1750 velutin
847 1679 976 1749 fluctus
998 1678 1122 1768 mergi.
1173 1678 1331 1749 Coenam
1380 1695 1537 1773 operato.

344 1780 492 1853 Domini
514 1779 640 1851 dicunt
659 1805 731 1850 esse
746 1782 872 1853 foedus
892 1797 1036 1855 mutuae
1054 1782 1331 1869 benevolentiae,

344 1885 433 1955 sicut
451 1907 590 1974 semper
606 1886 697 1975 apud
717 1907 842 1953 omncs
857 1899 976 1973 gentes
996 1882 1195 1956 communis
1211 1908 1330 1966 rneosa
1379 1878 1426 1956 Si
1443 1877 1507 1974 ln',
1539 1885 1607 1987 pni
1631 1910 1678 1959 ex
1705 1882 1784 1981 lege
1823 1899 1910 1959 sunt
1935 1883 2129 1979 haeredes,
2170 1892 2282 1965 irrita
2312 1904 2370 1969 est

344 1988 412 2057 init
436 1985 579 2075 signnm
601 1986 790 2061 amicitiae.
842 1984 948 2069 Tales
970 2000 1054 2057 sunt
1071 1982 1247 2057 humanae
1272 1987 1330 2055 in·
1719 1987 1920 2085 promissio
1957 2001 2021 2065 etc.

346 2088 623 2182 terpretationes.
635 2091 679 2159 de
694 2087 949 2161 Sacramentis:
975 2090 1107 2183 quibos
1122 2088 1187 2159 etsi
1211 2102 1329 2179 postea

343 2216 428 2265 suus
444 2192 543 2261 locus
559 2192 645 2275 erit,
671 2206 789 2263 tamen
805 2190 874 2261 alia
897 2191 1102 2291 principalis
1120 2191 1331 2282 interpreta-

342 2298 391 2368 tio
417 2295 685 2386 priustenenda
706 2306 777 2378 est,
804 2308 839 2365 et
865 2294 1115 2367 considerandi
1136 2306 1222 2365 sunt
1244 2293 1332 2365 frares
1432 2294 1541 2370 Nulla
1566 2300 1755 2389 promissio
1786 2303 1944 2392 pendens
1974 2328 2015 2373 ex
2048 2302 2255 2379 conditione
2282 2308 2371 2400 legis

270 2406 271 2410 ’
340 2397 569 2491 principales.
1485 2402 1749 2475 estnobisrata
1772 2420 1807 2473 et
1831 2420 1944 2491 certa,

447 2500 597 2591 Semper
625 2511 741 2571 autern
772 2501 986 2575 antecedunt
1009 2501 1082 2571 duo
1119 2499 1333 2593 principales
1433 2500 1713 2574 Promissionem
1754 2508 1886 2596 gratiae
1921 2522 2059 2599 oportet
2095 2532 2168 2583 esse
2203 2527 2315 2585 ratam
2335 2528 2371 2587 et

346 2605 442 2677 fines.
496 2602 619 2687 Prior,
645 2604 741 2693 qnod
766 2619 983 2674 sacramenta
1000 2616 1083 2673 sunt
1099 2626 1181 2696 pars
1198 2602 1333 2696 publici
1485 2620 1637 2691 certam,
1670 2604 1783 2699 Ergo:

346 2706 555 2791 ministerii,
585 2704 668 2799 qnia
693 2705 769 2775 vult
791 2703 888 2775 Deus
908 2706 1029 2796 colligi
1054 2701 1246 2776 Ecclesiam
1274 2728 1333 2774 ex·
1434 2706 1628 2780 Promissis
1665 2711 1797 2799 gratiae
1828 2735 1901 2780 non
1933 2714 2063 2803 pendet
2093 2738 2133 2784 es
2162 2718 2369 2792 conditione

347 2825 448 2881 terno
467 2807 685 2891 ministerio,
704 2822 740 2880 ει
756 2808 832 2880 vult
845 2833 920 2877 eam
939 2832 1011 2879 esse
1027 2808 1333 2899 congregationem
1486 2812 1592 2900 legis,
1615 2815 1676 2883 sed
1693 2826 1745 2883 est
1761 2814 1911 2901 gratuita
1930 2829 1965 2885 et
1977 2816 2181 2907 accipienda
2198 2819 2280 2890 fide.

270 2914 272 2919 '
348 2912 539 2983 risibilem.
592 2910 651 2981 Sic
669 2911 865 3000 baptismus
880 2926 928 2981 cst
949 2934 1029 3003 pars
1044 2910 1246 2997 ministerii,
1262 2934 1333 3004 quo
1486 2910 1566 2984 Hoc
1595 2931 1843 3003 argumentum
1876 2930 2032 2987 sumtum
2063 2934 2114 2990 est
2144 2944 2185 2989 ex
2210 2922 2371 2996 fontibus

347 3015 538 3086 visibiliter
566 3013 747 3103 colligitur
775 3010 953 3094 Ecclesia,
994 3026 1027 3085 et
1055 3027 1158 3084 sonat
1191 3026 1335 3088 esterna
1384 3015 1494 3087 totius
1515 3018 1698 3087 doctrinae
1720 3018 1989 3103 ecclesiasticae,
2028 3034 2062 3091 et
2082 3034 2134 3092 cst
2156 3024 2370 3097 fundamen-

347 3118 526 3188 iuvocatio
547 3114 682 3199 Patris,
717 3112 803 3185 Filii
824 3128 859 3185 ει
884 3115 1041 3205 Spiritus
1062 3115 1184 3187 sancti.
1384 3132 1461 3189 tum
1479 3142 1518 3188 ac
1537 3113 1697 3214 συνεχὸν
1719 3121 1829 3191 ιοιίυε
1850 3123 2130 3214 contrusersiae,
2156 3138 2191 3194 et
2215 3130 2371 3201 ostendit

449 3218 571 3291 Coena
594 3216 742 3290 Domini
768 3231 820 3289 est
843 3240 974 3288 nervus
996 3218 1158 3306 publicae
1188 3240 1337 3308 congre·
1387 3222 1578 3291 discrimen
1609 3222 1696 3313 legis
1724 3236 1761 3293 et
1785 3218 1982 3311 Evangelii.
2040 3221 2120 3294 Erit
2142 3243 2259 3296 antem
2284 3229 2369 3300 illu·

352 3324 522 3415 gatiouis,
549 3322 585 3391 in
609 3346 677 3415 qua
704 3321 780 3390 vult
805 3316 902 3391 Deos
920 3322 1061 3411 publice
1083 3344 1210 3391 sonare
1227 3336 1335 3392 totam
1379 3318 1493 3393 ¹atrius
1514 3324 1736 3395 considerato
1760 3324 1876 3416 primo
1899 3324 2070 3423 exemplo.
2136 3324 2227 3397 Cum
2251 3327 2367 3401 Adam

352 3426 547 3498 doctrinam
571 3421 779 3514 Evangelii,
813 3436 852 3494 ut
871 3425 1043 3515 scriptum
1063 3438 1129 3495 est:
1168 3421 1336 3513 Quoties-
1386 3441 1420 3497 et
1434 3422 1512 3496 Eva
1528 3427 1616 3518 lapsi
1634 3441 1737 3511 sunt,
1765 3452 1837 3498 nou
1862 3441 2024 3519 poterant
2045 3428 2148 3498 aliter
2169 3431 2370 3503 ratiocinari

352 3553 486 3623 cunque
512 3526 773 3608 convenientis,
800 3539 949 3598 mortens
965 3524 1113 3597 Domini
1136 3526 1336 3599 annuncia-
1387 3553 1429 3598 εκ
1452 3531 1546 3619 lege,
1579 3530 1649 3601 nisi
1670 3555 1707 3601 se
1729 3531 1801 3603 iam
1822 3529 1859 3597 in
1884 3545 1956 3601 tota
1984 3533 2191 3603 aeternitate
2216 3537 2370 3607 abiectos

352 3633 430 3704 bitis
452 3634 565 3702 donec
589 3631 736 3701 verterit.
1388 3651 1537 3711 esse‚.et
1555 3648 1668 3703 totum
1684 3657 1796 3722 genus
1811 3627 2005 3701 humanum
2022 3633 2092 3702 iam
2111 3635 2277 3726 perierat,
2299 3639 2371 3711 nisi

451 3733 637 3806 Secundus
662 3732 742 3802 linis
759 3744 811 3810 cst
827 3728 992 3822 privatim
1012 3731 1055 3822 sd
1072 3730 1231 3822 singulos
1255 3755 1336 3822 per·
1379 3732 1484 3804 'Deus
1508 3737 1601 3803 edita
1627 3737 1862 3825 promissione
1888 3736 2086 3806 retraxisset
2104 3760 2163 3806 eos
2180 3763 2221 3809 ex
2246 3754 2369 3826 morte,

355 3840 486 3923 tineus,
521 3837 617 3928 qnod
641 3849 856 3906 commenta
880 3846 964 3902 sum
978 3834 1077 3922 sigua
1101 3858 1175 3904 non
1198 3846 1334 3904 tanturn
1386 3829 1507 3907 ethre
1532 3837 1909 3928 promissionegratiae
1925 3838 2141 3909 condidisset
2158 3835 2368 3912 Ecclesiam:

353 3965 428 4031 erga
444 3936 627 4023 homines,
652 3940 712 4028 sed
733 3960 815 4027 erga
837 3937 974 4016 Deum,
1002 3951 1036 4008 et
1058 3951 1143 4014 snrrt
1166 3951 1334 4031 tanquam
1385 3940 1433 4008 ita
1449 3941 1578 4009 scimus
1594 3939 1709 4010 Deum
1729 3942 1818 4010 velle
1833 3939 1904 4010 sibi
1921 3939 1958 4007 in
1974 3963 2100 4030 genere
2117 3938 2275 4014 hnmano
2296 3945 2370 4015 col·

353 4043 549 4117 testimonia
573 4066 634 4112 seu
659 4041 805 4130 pignora
830 4037 1076 4130 promissionis
1097 4038 1240 4129 gratiae.
1289 4037 1336 4110 Ut
1384 4042 1492 4129 ligere
1523 4057 1701 4112 aeternam
1731 4041 2066 4135 Ecclesiam,'qnia
2091 4059 2229 4136 praeter
2257 4048 2369 4137 legem

353 4171 428 4218 cnm
448 4145 558 4216 verbo
582 4143 754 4214 excitatur
774 4140 860 4210 fides
883 4165 945 4230 per
968 4139 1140 4232 Spiritum
1161 4155 1333 4222 sanctum,
1383 4143 2070 4236 ediditadmirandampromissionem,
2096 4150 2141 4218 de
2165 4148 2367 4237 mediatore,

354 4248 483 4322 accedit
513 4242 580 4316 boc
606 4258 789 4315 externum
821 4243 1059 4314 testimoninm
1091 4259 1260 4338 tanquam
1285 4245 1333 4312 si·
1383 4249 1427 4317 de
1447 4248 1652 4337 remissi-one
1669 4264 1890 4336 pcccatorum
1908 4249 2079 4337 gratuita,
2105 4252 2149 4319 (le
2166 4253 2368 4323 reconlilia-

351 4377 477 4444 gnum,
503 4365 537 4421 et
553 4349 694 4442 quidem
712 4345 893 4436 adplicans
909 4346 1107 4434 generalem
1125 4346 1333 4438 promissio·
1382 4350 1500 4432 t'ione,
1532 4363 1565 4420 et
1586 4352 1630 4419 de
1647 4351 1719 4422 vita
1740 4367 1893 4425 aeterna.
1945 4347 2042 4420 Haec
2063 4350 2165 4423 initia
2188 4350 2368 4426 Ecclesiae

352 4479 427 4526 nem
442 4455 487 4524 ad
503 4452 680 4541 singulos,
702 4450 738 4518 id
758 4463 828 4536 est,
855 4449 1045 4520 testificans
1060 4449 1332 4543 promissionem
1382 4452 1672 4536 considerentur,
1707 4470 1746 4526 ut
1770 4453 1830 4525 fiat
1860 4452 2081 4545 conspectior
2115 4453 2300 4544 promissio
2333 4469 2368 4529 et

347 4563 389 4630 ad
409 4557 570 4646 singmlos
596 4553 783 4646 pertinere.
1382 4555 1556 4645 cogitetur
1574 4559 1756 4648 quomodo
1784 4577 1924 4646 semper
1947 4553 2106 4624 Ecclesia
2135 4557 2281 4629 collecta
2311 4561 2368 4644 sit,

447 4657 620 4730 Nominat
635 4657 743 4744 igitur
760 4652 891 4724 Paulus
914 4653 1216 4724 circumcisionem
1234 4653 1332 4744 sigil-
1380 4672 1522 4750 atquae
1550 4681 1607 4727 res
1630 4657 1752 4728 screrlt
1773 4657 1965 4727 discrimen
1999 4657 2094 4728 inter
2114 4654 2307 4730 Ecclesiam
2331 4677 2368 4734 ει

347 4769 418 4836 lum
437 4760 597 4832 institiae
616 4756 901 4848 lrrlei,quiaerat
917 4756 1112 4827 testificatio
1130 4757 1331 4848 incorpore
1380 4753 1564 4834 Etltnicos.
1621 4758 1763 4832 Norunt
1790 4762 1904 4848 legem
1933 4759 2095 4853 utrique,
2133 4775 2169 4830 et
2197 4776 2367 4857 utrosque

345 4859 514 4942 Abrabae
532 4887 550 4931 a
568 4860 644 4932 Deo
666 4859 815 4941 tradita,
841 4858 1161 4928 corrrmouesaciens
1182 4882 1263 4927 eum
1287 4861 1331 4929 de
1379 4862 1435 4943 lex
1451 4875 1608 4947 accusat,
1627 4865 1686 4932 sed
1703 4863 1889 4953 promissio
1908 4861 2041 4950 gratiae
2062 4861 2146 4931 iacit
2165 4863 2367 4952 discrimen,
2402 4893 2406 4903 ·

345 4965 582 5066 promissione
597 4977 631 5033 ct
645 4963 835 5034 ostendens
854 4961 1124 5050 promissionem
1146 4963 1190 5030 ad
1214 4961 1330 5047 ipsum
1380 4987 1521 5055 semper
1540 4966 1635 5064 enim
1651 4979 1788 5036 tantum
1811 4965 1862 5034 ibi
1884 4966 1971 5047 luit,
2002 4977 2105 5035 estet
2121 4965 2187 5034 erit
2203 4966 2366 5038 reraDei

346 5071 535 5168 pertinere.
585 5065 686 5136 Sicut
707 5079 823 5134 autem
845 5058 1029 5134 Abrabam
1054 5064 1331 5134 confirmabatur
1380 5063 1561 5154 Ecclesia,
1585 5067 1650 5137 nbi
1663 5081 1785 5138 marnes
1798 5066 1986 5158 promissio
2007 5079 2045 5136 ει
2065 5065 2262 5138 intellectus
2284 5091 2367 5159 pro-

346 5186 490 5266 accepto
514 5167 580 5240 boc
600 5192 695 5236 novo
716 5165 818 5256 siguo
844 5167 888 5234 de
912 5166 1030 5249 coelo,
1061 5166 1111 5237 sic
1127 5190 1193 5236 nos
1209 5165 1249 5237 in
1265 5189 1331 5235 usu
1381 5169 1562 5240 missionis
1576 5170 1719 5260 gratiae,
1734 5167 1966 5240 sirutPanlns
1982 5169 2114 5260 inquit:
2140 5166 2366 5240 Fundamen-

346 5291 647 5354 sacramentorum
670 5267 870 5338 confirmari
889 5282 1046 5359 oportet,
1080 5270 1182 5362 quasi
1201 5292 1330 5338 noram
1381 5284 1457 5342 tum
1474 5272 1570 5343 aliud
1589 5273 1674 5363 poni
1693 5298 1766 5343 nou
1787 5286 1919 5358 potest,
1946 5271 2135 5360 praeteriti
2156 5277 2252 5363 qnod
2271 5277 2366 5365 posi-

348 5402 470 5456 socem
485 5389 547 5445 aut
562 5373 701 5460 signnm
720 5393 760 5438 es
778 5371 876 5442 coelo
900 5371 1154 5463 acciperemus,
1186 5383 1220 5438 et
1244 5370 1333 5441 scire
1383 5387 1460 5446 tnrn
1486 5388 1557 5457 est,
1585 5377 1681 5467 qnod
1705 5390 1758 5446 est
1780 5373 1947 5444 Christus
1976 5371 2082 5444 tems

351 5483 451 5558 nobis
482 5475 653 5573 applicari
679 5472 962 5563 promissionem.
1013 5470 1085 5543 Sed
1112 5473 1332 5542 consuetudo
1484 5476 1566 5548 Sint
1588 5476 1697 5567 igitur
1720 5478 1757 5546 in
1781 5489 1968 5565 conspecto
1993 5474 2054 5544 illa
2072 5474 2186 5563 prima
2210 5479 2368 5565 exempla

351 5587 450 5667 lacit,
477 5579 594 5650 utillo
617 5575 817 5645 testimonia
841 5570 907 5645 Dei
940 5573 1043 5644 nobis
1066 5575 1195 5644 tradita
1219 5573 1333 5646 levius
1384 5573 1483 5648 Adae
1498 5589 1534 5648 ct
1548 5575 1658 5653 Evae.
1705 5576 1754 5647 lli
1778 5575 2230 5669 perspicneintellexernnt
2250 5579 2367 5648 suain-

351 5697 531 5762 curentur.
582 5676 691 5751 llecte
713 5677 822 5767 igitur
843 5675 1035 5764 cogitemus
1059 5678 1103 5745 de
1126 5699 1193 5747 usn
1217 5699 1333 5747 sacra·
1383 5702 1457 5748 rem
1481 5681 1782 5771 propositionem,
1813 5678 1920 5749 Nulla
1944 5677 2131 5767 promissio
2154 5679 2310 5768 pendens
2324 5707 2367 5750 ex

350 5805 570 5866 mentorum,
595 5796 628 5851 ει
651 5780 802 5849 sciamus
825 5800 897 5845 esse
922 5777 1055 5867 sigilla,
1082 5777 1210 5865 idest,
1237 5801 1335 5847 com·
1383 5783 1591 5850 conditione
1609 5781 1712 5872 legis,
1736 5797 1788 5851 est
1804 5781 1908 5851 nobis
1925 5792 2048 5849 ratast
2066 5792 2179 5864 certa,
2207 5776 2276 5876 lpsi
2301 5809 2367 5854 no·

350 5884 626 5965 sonelactioncs
643 5884 685 5950 de
702 5878 938 5972 promissione
957 5892 988 5949 et
1007 5879 1268 5954 testificationes
1291 5881 1335 5950 de
1386 5896 1467 5954 rant
1482 5883 1615 5972 legem,
1639 5887 1700 5956 sed
1716 5899 1793 5977 post
1807 5884 1944 5975 lapsum
1961 5881 2207 5974 intelligebant
2220 5903 2258 5952 se
2272 5885 2367 5954 indi.

397 5995 586 6066 hlcrssrn.
606 5988 709 6056 Orsa.
736 5979 822 6052 Vos.
841 5983 921 6055 XV.
1533 5983 1583 6061 57

1620 2138 1780 2222 Quinte
1820 2156 2123 2225 argumentans.
