5825 6950
602 678 701 759 1287

703 851 747 923 ln
767 843 896 951 brimo
911 840 1044 940 capite,
1080 856 1266 938 postquam
1291 842 1395 914 initio
1416 864 1479 913 eos
1501 840 1592 911 bene

607 970 767 1054 precatus
780 967 849 1037 est,
874 963 1015 1035 narrat,
1040 970 1078 1017 se
1089 946 1227 1019 Romae
1241 945 1419 1038 captivum
1433 941 1594 1027 retineri,

608 1075 777 1134 ettamen
796 1059 929 1126 interea
946 1051 1053 1123 variis
1073 1048 1318 1120 occasionibus
1334 1070 1468 1117 nomen
1487 1039 1594 1115 Chri-

607 1164 653 1236 sti
673 1160 752 1234 ficri
776 1158 886 1247 magis
911 1168 1060 1239 notum,
1085 1166 1119 1223 et
1140 1150 1326 1243 propagari
1348 1146 1595 1238 Evangeliutu,

607 1280 642 1336 et
669 1286 822 1333 crescere
845 1256 1050 1331 Ecclesiam.
1112 1253 1219 1324 Tales
1241 1252 1463 1323 narrationes
1484 1249 1595 1319 usita-

609 1384 664 1440 tae
684 1365 822 1438 suntin
840 1362 1015 1453 epistolis,
1040 1372 1081 1427 ut
1095 1378 1218 1427 omnes
1233 1368 1379 1427 norunt.

711 1533 753 1605 ln
777 1526 935 1605 secundo
960 1530 1072 1621 capite
1104 1527 1304 1597 instituitur
1326 1518 1528 1593 adhortatio
1551 1521 1594 1590 ad

608 1640 781 1709 tuendum
800 1657 1011 1705 consensum
1029 1634 1066 1699 in
1083 1631 1245 1699 doctrina
1261 1642 1294 1698 et
1311 1630 1354 1697 ad
1371 1624 1594 1695 retinendam

608 1739 853 1822 concordiam,
895 1758 986 1829 qnae
1018 1732 1213 1802 ambitione
1247 1729 1385 1820 saepius
1416 1727 1595 1809 turbatur,

608 1864 715 1936 quam
731 1840 810 1908 aliis
826 1840 950 1908 causis.
1005 1834 1091 1903 ldeo
1111 1832 1260 1925 opponit
1274 1830 1462 1901 ambitioni
1479 1850 1596 1899 exem-

607 1943 707 2033 plum
730 1942 796 2011 filii
820 1940 911 2023 Dei,
950 1936 1013 2029 qui
1041 1958 1115 2005 sese
1137 1946 1284 2026 propter
1310 1956 1376 2002 nos
1406 1930 1534 2001 abiecit
1562 1942 1598 1999 et

612 2044 781 2114 sustinuit
806 2066 881 2111 non
904 2040 1020 2109 solum
1046 2059 1251 2107 communes
1277 2030 1466 2104 hominnm
1494 2054 1596 2101 aeru-

607 2168 720 2231 mnas,
729 2147 789 2214 sed
805 2144 909 2215 etiam
930 2140 1221 2212 contumeliosam
1238 2150 1399 2208 mortem.
1448 2133 1519 2203 Hic
1540 2134 1597 2201 in-

609 2248 739 2319 seritur
774 2246 936 2315 doctrina
967 2246 1011 2311 de
1040 2243 1179 2311 duabus
1207 2240 1345 2309 naturis
1377 2239 1416 2305 in
1446 2235 1597 2319 Messia,

607 2362 692 2421 nato
716 2372 757 2419 ex
781 2348 919 2437 virgine
941 2344 1076 2429 Maria,
1103 2356 1143 2414 ιιι
1161 2353 1281 2434 postea
1298 2341 1467 2410 dicemus.

709 2514 853 2589 Deinde
869 2511 987 2583 statim
1006 2509 1166 2602 seqnitur
1186 2506 1335 2595 insignis
1356 2504 1530 2577 sententia
1548 2506 1596 2575 ¹de

608 2620 761 2695 efficacia
792 2616 862 2689 Dei
890 2616 931 2684 in
961 2612 1130 2681 membris
1162 2606 1356 2688 Ecclesiae,
1407 2608 1595 2677 continens

608 2720 862 2811 amplissimam
884 2714 1083 2787 doctrinam
1108 2727 1144 2782 et
1166 2710 1460 2781 consolationem:
1496 2705 1594 2777 Dens

608 2823 746 2916 estqui
771 2817 875 2890 efficit
899 2818 939 2887 in
957 2814 1079 2899 vobis,
1104 2826 1146 2883 ut
1169 2812 1286 2880 velitis
1310 2824 1345 2882 et
1369 2823 1408 2880 ut
1430 2809 1592 2903 perficia-

608 2926 671 3007 tis,
696 2937 737 2995 ut
759 2922 877 3014 aliqua
895 2920 926 2989 ei
949 2931 1047 3008 grata
1067 2915 1162 2986 fiant.
1214 2910 1284 2982 Hic
1300 2914 1444 2982 damnat
1466 2907 1591 2981 Phari-

607 3026 717 3096 aaicas
737 3023 944 3113 opiniones,
984 3040 1074 3112 qnae
1102 3016 1280 3104 fingebant
1309 3014 1421 3103 legem
1452 3012 1596 3101 impleri

607 3122 777 3199 burnonis
792 3123 960 3215 operibns
975 3134 1011 3191 et
1024 3117 1211 3209 disciplina
1229 3116 1289 3184 illa
1305 3116 1384 3187 tolli
1401 3128 1592 3205 peccatum.

606 3226 741 3300 Contra
764 3227 862 3297 enim
875 3224 1026 3293 affirmat
1040 3218 1156 3291 Deum
1172 3218 1346 3288 efficacem
1363 3239 1436 3287 esse
1451 3217 1490 3287 in
1508 3240 1593 3285 con-

606 3329 770 3399 versione
793 3342 828 3397 et
849 3326 1031 3413 deinceps,
1055 3334 1088 3393 et
1110 3316 1197 3391 baec
1217 3332 1360 3390 aeterna
1383 3320 1477 3387 bona
1502 3318 1594 3389 ellici

607 3457 633 3503 a
648 3428 745 3515 Deo,
778 3429 858 3500 tolli
883 3438 1062 3519 peccatum
1086 3440 1121 3495 et
1141 3434 1310 3506 mortem,
1337 3444 1410 3491 non
1434 3415 1592 3492 humana

608 3533 782 3624 sapientia
805 3542 840 3601 et
863 3527 1071 3619 disciplina,
1093 3528 1153 3596 sed
1179 3521 1254 3593 Deo
1263 3547 1337 3606 *nos
1354 3536 1593 3613 regenerante,

606 3628 885 3708 attractabant.
903 3630 1056 3713 dicitur,
1083 3640 1118 3699 et
1131 3628 1221 3698 sicut
1239 3625 1277 3693 in
1287 3620 1475 3716 Prophetis
1491 3648 1594 3724 prae·

605 3737 742 3808 dictum
763 3746 816 3806 est
836 3734 881 3802 de
899 3728 965 3801 bac
989 3731 1150 3799 miranda
1175 3728 1385 3798 liberatione
1402 3751 1420 3796 a
1440 3739 1595 3817 peccato,

604 3851 646 3910 ut
661 3838 703 3914 in
718 3833 796 3908 Io'e'l
816 3835 962 3906 dicitur:
989 3831 1172 3902 effundam
1187 3832 1231 3901 de
1248 3829 1377 3920 spiritu
1391 3853 1470 3898 meo
1488 3852 1594 3920 super

606 3962 749 4015 omnem
771 3961 933 4022 caruem,
969 3933 1077 4006 Item:
1113 3932 1294 4002 effundam
1315 3955 1420 4028 super
1444 3933 1592 4002 domum

605 4037 721 4113 David
746 4039 908 4131 spiritum
932 4036 1064 4128 gratiae
1087 4050 1122 4106 et
1146 4055 1302 4126 precum.

705 4202 753 4279 Et
774 4206 934 4300 sequitur
949 4204 1156 4276 consolatio.
1208 4201 1296 4272 Mox
1311 4201 1375 4271 ubi
1393 4200 1508 4292 coepit
1523 4195 1593 4271 Ec-

607 4307 713 4382 clesia
734 4308 855 4398 colligi
877 4306 1070 4379 certamina
1096 4304 1255 4394 ingentia
1276 4317 1483 4389 moventur,
1497 4327 1593 4373 cnm

605 4412 703 4482 idola
734 4414 969 4493 damnantur,
1015 4408 1217 4477 defensores
1245 4405 1424 4474 idolorum
1456 4405 1592 4474 saevire

604 4515 645 4582 in
667 4508 863 4583 Ecclesiam
889 4510 1087 4602 incipiunt,
1135 4531 1225 4601 quae
1253 4507 1336 4598 quia
1366 4519 1418 4576 est
1448 4507 1591 4595 exigua,

603 4617 737 4687 frustra
749 4615 890 4684 videtur
902 4635 939 4682 se
953 4635 1132 4705 opponere
1147 4608 1295 4680 summis
1309 4608 1479 4698 imperiis.
1506 4608 1591 4678 ldeo

603 4718 710 4788 multi
725 4717 971 4808 desperatione
992 4713 1207 4804 languelacti
1224 4710 1398 4782 abiiciunt
1414 4705 1500 4781 baec
1516 4734 1592 4782 cer·

604 4821 749 4893 tamina.
800 4816 871 4889 Sed
894 4815 1027 4887 Paulus
1050 4815 1328 4889 consolationem
1354 4813 1472 4897 addit,
1505 4814 1589 4899 imo,

603 4922 741 5013 inquit,
774 4943 848 4990 non
863 4921 994 4991 frustra
1010 4919 1187 5002 clamatis,
1212 4920 1273 4988 sed
1288 4912 1386 4988 Deos
1406 4915 1510 4986 vobis
1527 4918 1591 4985 ad-

1187 662 1316 744 PlllL.
1341 664 1461 743 MEL.
1489 660 1701 743 SCRIPTA
1723 658 2025 745 EXEGETICA.

2513 682 2590 757 tatt

1647 837 1724 911 vult
1740 835 1946 911 universum
1963 862 2074 929 genus
2088 834 2285 919 humanum
2302 846 2428 919 frustra
2440 850 2594 923 eondltnn

1643 963 1735 1019 esse,
1762 942 1822 1011 sed
1848 942 1926 1025 volt
1945 962 2086 1034 semper
2102 945 2255 1037 aliquam
2281 970 2354 1023 esse
2371 965 2592 1041 partemgene·
2643 936 2644 939 ¹

1644 1042 1693 1111 ris
1718 1037 1883 1128 humani,
1910 1068 1998 1140 quae
2021 1046 2086 1136 ipsi
2109 1062 2207 1144 grata
2229 1050 2352 1137 iaciat,
2377 1066 2411 1123 et
2426 1053 2477 1123 cui
2498 1068 2595 1143 postea

1644 1145 1682 1213 in
1699 1146 1798 1214 omni
1812 1146 2016 1220 aeternitate
2039 1171 2138 1219 snam
2161 1151 2358 1237 bonitatem
2377 1156 2598 1241 communicet,

1644 1268 1723 1315 curu
1747 1248 1880 1317 interea
1904 1250 2052 1323 maxima
2075 1275 2155 1341 pars
2175 1254 2314 1341 generis
2335 1250 2478 1329 humani
2500 1257 2600 1325 luren-

1644 1362 1697 1417 ter
1713 1362 1835 1423 contra
1851 1351 2069 1423 voluntatem
2084 1350 2149 1423 Dei
2168 1370 2258 1429 ruat.
2311 1356 2426 1450 Multi,
2440 1370 2517 1427 sunt
2530 1354 2600 1448 Epi-

1645 1452 1761 1519 curaei
1790 1451 1905 1541 palam
1929 1456 2175 1525 contumeliosi
2201 1471 2322 1529 contra
2348 1458 2481 1543 Deum,
2518 1461 2602 1529 multi

1645 1552 1798 1623 cultores
1829 1555 2007 1625 idolorum
2040 1557 2241 1631 fascinatis
2265 1561 2437 1646 diabolis,
2474 1561 2530 1652 qui
2550 1562 2602 1629 in·

1645 1654 1742 1721 mani
1763 1656 1860 1725 rabie
1877 1654 2072 1746 Evangelio
2094 1675 2312 1749 repugnant,
2338 1664 2443 1735 multi
2462 1663 2521 1732 alii
2543 1665 2602 1751 pol·

1646 1756 1712 1826 luti
1735 1756 1946 1829 lrbrdmrbus
1964 1772 1996 1831 et
2014 1761 2094 1831 aliis
2108 1765 2311 1837 sceleribus.
2364 1764 2406 1835 ln
2429 1777 2520 1834 tanta
2537 1789 2603 1833 con·

1645 1857 1784 1929 fusione
1810 1862 1946 1947 generis
1964 1855 2130 1948 humani,
2157 1879 2275 1935 tamen
2294 1866 2391 1937 Deus
2414 1880 2524 1937 servat
2542 1890 2603 1935 coe-

1646 1974 1721 2030 tum
1744 1962 1916 2055 aliquem,
1943 1962 2005 2055 qni
2030 1962 2146 2053 ipsum
2170 1991 2251 2035 vere
2274 1968 2447 2051 celebrat,
2474 1982 2507 2037 et
2531 1981 2604 2037 reeta

1646 2077 1680 2131 et
1704 2063 1869 2133 salutaria
1893 2065 1993 2145 facit,
2018 2078 2057 2133 ut
2074 2090 2276 2157 quanquam
2299 2072 2336 2139 in
2355 2066 2604 2161 regnoBabylo·

1645 2163 1725 2233 nico
1741 2166 1886 2253 plurimi
1903 2180 1985 2235 sunt
2002 2166 2178 2260 principes
2193 2183 2227 2239 et
2244 2173 2364 2260 populi
2383 2172 2497 2261 impii,
2513 2185 2605 2241 tamen

1645 2267 1695 2335 ibi
1714 2266 1846 2337 Daniel
1870 2281 1903 2337 et
1927 2264 2084 2339 Ecclesia
2107 2271 2273 2341 adiuncta
2296 2272 2457 2353 Danieli,
2483 2270 2604 2341 Derion

1645 2381 1679 2437 et
1693 2364 1827 2461 Cyrum
1847 2385 1881 2440 et
1906 2371 2035 2439 multos
2056 2372 2145 2441 alios
2161 2375 2289 2445 docent
2312 2377 2356 2445 de
2374 2398 2458 2445 vero
2475 2370 2560 2457 Deo,
2583 2388 2605 2443 et

1645 2470 1824 2542 celebrant
1841 2470 1955 2541 Deum
1972 2472 2191 2547 confessione
2208 2490 2242 2546 et
2256 2479 2336 2549 aliis
2355 2476 2525 2547 virtutum
2545 2474 2605 2541 olli-

1645 2570 1727 2655 ciis,
1772 2586 1805 2643 et
1832 2573 1942 2643 multa
1969 2574 2006 2642 in
2035 2586 2105 2646 tota
2135 2580 2391 2665 gubernatione
2415 2578 2512 2668 regni
2533 2574 2606 2647 Dens

1645 2686 1790 2762 propter
1804 2699 1864 2745 cos
1881 2676 2029 2766 mitigat.
2071 2676 2193 2771 ltaque
2208 2681 2298 2753 liunt
2311 2683 2432 2775 aliqua
2450 2695 2539 2771 grata
2552 2678 2607 2749 [leo

1645 2776 1683 2843 in
1707 2776 1770 2846 illo
1795 2776 1957 2868 imperio.

1744 2928 1841 3000 Haec
1861 2944 1912 3001 est
1934 2932 2051 3001 nativa
2075 2935 2283 3005 sententiam
2299 2937 2385 3010 dicti
2404 2936 2541 3009 Paulini
2556 2935 2606 3012 boc

1645 3034 1734 3103 loco.
1812 3034 1865 3103 Ac
1907 3038 2143 3105 removendae
2183 3052 2266 3111 sunt
2306 3037 2475 3113 horridae
2503 3058 2533 3113 et
2557 3045 2606 3113 lal-

1644 3159 1702 3206 sae
1726 3136 2051 3226 interpretationes,
2084 3162 2174 3231 quae
2220 3146 2475 3219 transformant
2498 3149 2606 3218 dictum

1645 3240 1683 3309 in
1701 3237 1855 3309 Stoicam
1879 3241 2106 3325 sententiam,
2132 3246 2232 3332 qnasi
2253 3248 2336 3314 velit
2358 3245 2510 3334 Paulus,
2534 3252 2605 3319 bour

1645 3354 1677 3411 et
1703 3342 1793 3409 mala
1821 3340 1896 3409 lieri
1919 3344 2123 3413 necessitate
2144 3345 2255 3416 fatali.
2306 3345 2405 3420 Haec
2428 3352 2606 3442 imaginatio

1644 3467 1719 3513 non
1735 3443 1898 3534 congruit
1914 3445 1957 3513 ad
1977 3441 2079 3516 Pauli
2097 3447 2250 3535 dictum,
2276 3452 2371 3543 quod
2400 3468 2451 3523 est
2473 3454 2607 3526 consola·

1644 3548 1695 3618 tio
1713 3545 1915 3616 dulcissima
1933 3545 1998 3631 iis,
2023 3549 2084 3640 qui
2107 3551 2221 3621 vocati
2243 3554 2287 3622 ad
2312 3555 2528 3645 agnitionem
2548 3553 2606 3638 Dei,

1644 3647 1746 3719 initia
1772 3644 1856 3718 fidei
1880 3659 1914 3717 et
1942 3648 2177 3722 invocationis
2207 3648 2359 3741 babent,
2402 3674 2438 3729 et
2462 3659 2605 3729 auxilium

1643 3763 1780 3842 petunt.
1833 3747 1901 3819 His
1916 3745 1984 3820 hoc
2000 3751 2079 3822 loco
2103 3755 2324 3845 promittitur
2341 3760 2525 3830 auxilium.
2568 3761 2605 3827 Ac

1645 3854 1737 3922 infra
1767 3852 1870 3943 plura
1900 3855 1945 3922 de
1975 3850 2230 3945 intempestivis
2264 3859 2607 3950 interpretationibus.

1643 3953 1748 4024 Nunc
1769 3968 1906 4025 tantum
1930 3950 2016 4024 haec
2032 3957 2142 4027 adieci
2159 3959 2336 4030 invitandi
2352 3963 2498 4036 lectoris
2518 3985 2606 4044 causa,

1643 4070 1685 4128 ut
1707 4058 1907 4128 consideret
1928 4058 2113 4150 praecipua
2138 4055 2322 4154 Epistulae
2347 4065 2497 4138 lumina.

1745 4203 1789 4276 ln
1813 4201 1919 4275 tertio
1941 4205 2052 4297 capite
2076 4223 2196 4282 monet
2221 4205 2438 4297 Ecclesiam,
2468 4240 2512 4286 nc
2531 4211 2606 4285 deci·

1642 4308 1762 4398 piatur
1797 4309 1843 4380 ab
1879 4308 2154 4400 impostoribus,
2209 4313 2272 4382 ubi
2308 4317 2429 4386 statim
2466 4317 2608 4389 intexitur

1642 4409 1791 4498 insignis
1841 4409 1939 4478 locus
1987 4409 2031 4478 de
2070 4410 2274 4483 discrimine
2321 4415 2485 4489 iusticias
2528 4417 2607 4506 Legis

1642 4527 1677 4583 et
1716 4509 1914 4602 Evangelii.
1985 4507 2072 4596 Hic,
2113 4527 2153 4583 ut
2185 4529 2305 4606 postea
2349 4521 2492 4612 copiose
2532 4521 2606 4588 dice·

1641 4637 1720 4686 mus
1750 4635 1889 4684 necesse
1910 4611 1986 4700 est',
2033 4613 2189 4704 primum
2232 4619 2490 4709 adpellationes
2523 4619 2606 4691 intel-

1640 4716 1722 4808 ligi,
1774 4716 1861 4810 quid
1894 4715 2056 4785 nominet
2088 4716 2264 4789 iusticiam
2290 4721 2396 4812 legis,
2445 4739 2479 4795 et
2503 4721 2606 4794 deinde

1641 4821 1727 4914 quid
1769 4815 1931 4888 nominet
1979 4817 2156 4889 iusticiam
2202 4820 2297 4896 fidei.
2368 4823 2445 4896 Nec
2491 4838 2604 4896 tantun

1640 4921 1801 4994 nominat
1839 4918 2016 4989 iusticiam
2049 4921 2136 5009 legis
2169 4924 2413 4997 obedientiam
2451 4927 2489 4996 in
2527 4946 2603 4995 cere·

604 5022 672 5094 erit
688 5036 723 5093 et
740 5044 916 5092 successus
932 5035 966 5092 et
981 5023 1095 5092 bonos
1111 5033 1257 5090 eventus
1273 5018 1383 5090 dabit.
1427 5015 1511 5088 Non
1526 5018 1588 5088 de·
1640 5025 1787 5108 moniis,
1820 5019 2009 5095 sedetiam
2030 5023 2270 5096 obedientiam
2293 5028 2333 5097 in
2356 5030 2523 5122 operibus
2545 5049 2603 5094 mo-

603 5125 694 5195 lebit
713 5121 906 5194 Ecclesiam
930 5123 1087 5214 potentia
1113 5123 1251 5196 mnndi.
1301 5119 1405 5192 Hanc
1426 5120 1589 5191 dulcissi-
1640 5125 1793 5211 ralibns,
1839 5135 1972 5217 quanta
1996 5123 2035 5192 in
2063 5119 2269 5198 bominibus
2289 5129 2329 5198 in
2351 5125 2420 5201 bac
2442 5131 2599 5200 miserest

602 5249 697 5296 mam
720 5225 998 5297 consolationem
1013 5224 1144 5296 Paulus
1161 5226 1199 5293 in
1217 5219 1395 5303 hocdicto
1411 5222 1589 5314 proponit,
1638 5227 1828 5319 depravata
1850 5237 1976 5295 natura
1993 5227 2163 5316 praestari
2178 5241 2302 5319 potest.
2343 5230 2449 5302 Hanc
2464 5229 2598 5301 mutilen

489 5410 491 5414 ¹
602 5351 693 5420 quae
716 5326 755 5395 in
781 5322 847 5397 bac
870 5341 966 5398 tauta
988 5327 1195 5396 infirmitate
1217 5340 1338 5397 nostra
1362 5326 1402 5394 iu
1425 5323 1588 5393 maximis
1640 5341 1674 5402 et
1705 5328 1930 5423 inquinatam
1964 5327 2139 5399 iusticiam
2163 5331 2348 5403 conferens
2374 5335 2419 5404 ad
2452 5329 2597 5404 iusticiam

601 5428 769 5520 periculis
783 5451 921 5519 semper
934 5430 1040 5499 nobis
1054 5431 1092 5498 in
1108 5443 1300 5519 conspeetu
1314 5429 1376 5499 sit:
1401 5451 1482 5498 cum
1491 5423 1588 5496 Deus
1639 5431 1722 5502 fidei
1737 5455 1799 5500 seu
1823 5425 2026 5519 Evangelii,
2047 5429 2134 5502 dicit
2156 5455 2232 5502 eam
2255 5457 2293 5503 se
2317 5435 2474 5506 iudicare
2495 5435 2596 5503 damna

600 5545 702 5602 vocet
717 5532 842 5600 uos‘ad
860 5525 1113 5617 Evangelium,
1142 5543 1176 5599 et
1191 5531 1292 5600 initia
1316 5529 1400 5599 fidei
1424 5531 1463 5597 in
1483 5528 1587 5598 nobis
1643 5547 1678 5604 et
1707 5526 1879 5626 σκύβαλα
1907 5530 2076 5622 prasina
2108 5532 2229 5608 attera,
2280 5532 2500 5608 Vocabulum
2528 5521 2595 5604 orti

599 5633 785 5716 accendat,
797 5655 870 5703 non
887 5634 1014 5702 frustra
1031 5627 1118 5701 haec
1135 5626 1296 5716 incboat,
1311 5634 1372 5702 sed
1388 5631 1466 5701 vult
1482 5630 1605 5700 etiam,
1636 5632 1738 5727 βαλα
1760 5635 1933 5724 significat
1954 5645 2126 5718 stercora,
2155 5635 2267 5726 ‘quasi
2291 5634 2379 5712 κυσὶ
2401 5628 2598 5732 βαλλόμενα,

600 5729 764 5803 inchoata
778 5733 947 5803 beneficia
962 5735 1136 5824 perficere.
1167 5731 1216 5804 Et
1229 5755 1331 5806 causa
1347 5734 1465 5802 finalis
1481 5731 1585 5801 addi·
1639 5736 1763 5822 idest,
1797 5736 1935 5807 obiecta
1954 5733 2113 5806 canibus.
2164 5735 2266 5808 Haec
2288 5741 2437 5830 insignis
2454 5751 2593 5810 extenua·

601 5847 678 5914 tur,
704 5849 744 5905 ut
767 5835 884 5927 aliqua
907 5848 1003 5926 grata
1018 5835 1094 5908 Deo
1115 5836 1220 5918 fiant,
1247 5836 1372 5922 idest,
1398 5831 1494 5906 Deus
1510 5857 1585 5904 noa
1636 5837 1689 5908 tio
1711 5859 1874 5928 magnam
1903 5835 2182 5913 consolationem
2214 5839 2283 5932 piis
2302 5853 2338 5913 et
2367 5854 2458 5914 reete
2482 5832 2591 5908 intelli·
