5825 6950
568 678 644 757 411
1167 668 1296 750 anth
1321 668 1439 749 ΜΠ».
1464 664 1677 750 SCRIPTA
1703 662 2004 785 Exssudttcu.
2027 704 2062 754 ,·,
2094 702 2113 751 ·;
2146 707 2167 770 .·
2207 724 2225 773 ‚⁴
2518 679 2572 763 tu

573 850 664 925 haec
684 848 838 925 stultitia
851 844 1051 921 communis
1069 857 1122 917 est
1141 844 1316 919 roasirms
1333 840 1428 935 parti
1448 834 1568 914 homi·-
1619 843 1695 929 nis,
1736 855 1777 917 ut
1800 841 1873 913 sint
1897 841 2016 929 firma,
2052 854 2086 913 et
2120 864 2196 920 non
2228 843 2409 935 pereuntia
2438 852 2572 936 praemis,
2628 896 2629 917 e

575 981 678 1030 num.
749 950 846 1023 Hinc
874 950 939 1020 illa
968 962 1069 1021 suot:
1103 944 1246 1017 Medica
1274 956 1415 1016 curate
1437 942 1569 1034 ipsum.
1619 942 1689 1017 Sed
1710 946 1926 1039 quoordine
1950 938 2110 1019 hathaec
2123 944 2350 1031 distributio,
2374 942 2573 1039 Euangeliou
2628 1000 2629 1033 3

576 1056 684 1130 ltem:
711 1053 835 1127 ἄλλων
856 1044 983 1147 ἰατρὸς
1002 1044 1114 1141 ἀυτὸς
1133 1046 1249 1121 ἕλκεσι
1270 1038 1404 1142 [ipisus.
1461 1044 1568 1119 ltem:
1618 1050 1740 1129 docet,
1768 1046 1865 1140 qnod
1880 1047 1990 1120 simul
2007 1044 2157 1117 adfirmat
2172 1068 2294 1119 omnes
2311 1040 2468 1121 homines
2482 1058 2573 1139 morti,

578 1156 655 1235 Odi
689 1158 901 1250 sapientem,
934 1152 998 1246 qui
1029 1152 1098 1221 sibi
1127 1174 1204 1221 oon
1232 1151 1336 1237 sapit.
1405 1144 1569 1220 Primum
1619 1164 1653 1221 et
1674 1150 1753 1221 aliis
1779 1148 2045 1221 calamitatibus·
2059 1148 2235 1221 subiectos
2262 1172 2355 1234 esse,
2379 1152 2457 1245 quia
2479 1180 2573 1231 omues
2628 1200 2629 1203 =

458 1344 462 1353 ν
577 1276 718 1332 nostras
739 1258 899 1329 miserias
923 1275 1171 1345 agnoscamus,
1198 1265 1232 1323 et
1255 1251 1451 1337 discamus,
1477 1274 1569 1346 quae
1619 1252 1900 1324 circumferimus
1922 1266 2113 1345 peccatum.
2163 1248 2269 1321 Nunc
2292 1251 2399 1343 igitur
2421 1258 2462 1323 ad
2484 1260 2574 1329 mino-

578 1362 739 1435 remedia
750 1360 849 1434 Deus
864 1358 967 1429 uobis
982 1354 1178 1426 tradiderit.
1619 1380 1693 1425 rem
1723 1346 2009 1445 respordendum
2033 1367 2105 1423 est:
2147 1348 2332 1438 Ieremias,
2364 1352 2526 1447 Baptista,
2551 1376 2576 1433 et

681 1462 755 1535 Neo
778 1462 946 1533 obscurae
969 1470 1052 1530 sunt
1068 1454 1288 1529 tristissimae
1313 1451 1501 1525 conciones
1526 1451 1570 1521 de
1619 1457 1752 1527 similes
1785 1469 1868 1526 sunt
1900 1455 2003 1539 iusti,
2042 1454 2174 1528 scilicet
2201 1456 2433 1549 imputatione
2463 1476 2575 1551 propter

580 1564 946 1659 poenisimpiorum,
977 1582 1127 1651 quarum
1151 1552 1212 1628 hic
1232 1558 1271 1628 fit
1294 1556 1447 1629 mentio:
1484 1567 1570 1625 tune
1619 1561 1732 1629 lilium
1756 1554 1824 1628 Dei
1846 1558 2104 1646 mediatorem,
2141 1560 2201 1629 sed
2233 1560 2392 1627 nondum
2418 1576 2493 1633 sunt
2514 1564 2575 1635 iusti

581 1671 703 1745 dicent
731 1665 940 1744 montibus,
971 1658 1097 1731 Cadite
1126 1683 1235 1753 super
1257 1682 1334 1733 nos.
1401 1656 1472 1727 Hic
1495 1679 1572 1726 non
1619 1678 1693 1739 tota
1709 1662 1877 1747 novitate,
1899 1660 1972 1731 imo
1990 1680 2115 1747 magua
2138 1674 2172 1729 et
2186 1660 2295 1733 tristis
2312 1660 2433 1749 caligo,
2451 1676 2482 1733 et
2496 1666 2574 1737 multi

581 1771 698 1844 solum
724 1768 1021 1859 lerosolymorum
1046 1762 1223 1834 excidium
1255 1762 1469 1854 cogitemus,
1508 1759 1570 1827 sed
1620 1764 1736 1834 morbi
1762 1756 1878 1833 adhuc
1899 1762 1937 1830 io
1969 1763 2136 1833 cordibus
2160 1761 2321 1833 omnium
2344 1778 2530 1837 sauctorum
2548 1768 2573 1837 in

581 1874 690 1945 etiam
713 1868 844 1939 similia
866 1865 1023 1954 exempla
1044 1864 1208 1936 omnium
1233 1878 1452 1955 temporum,
1480 1883 1569 1955 quae
1622 1864 1773 1938 haesita
1793 1862 1947 1937 haerent
2002 1862 2094 1934 Vere
2109 1879 2224 1935 autem
2242 1864 2405 1935 irascitur
2419 1864 2573 1959 Deuspec·

580 1974 773 2049 ostendunt
786 1992 889 2059 saepe
903 1967 1059 2037 accidere
1068 1962 1276 2037 hominibus
1288 1965 1445 2038 tristiora
1457 1975 1571 2033 morte
1621 1984 1716 2051 cato,
1740 1983 1774 2039 et
1791 1962 1883 2037 laone
1898 1966 1987 2037 iram
2004 1966 2190 2057 praecipue
2214 1968 2258 2037 ab
2273 1960 2430 2038 Ecclesia
2450 1970 2517 2041 vult
2535 1972 2574 2041 in.

579 2078 675 2167 ipsa,
700 2087 741 2143 ut
755 2072 960 2162 parentibus
978 2070 1090 2141 multo
1107 2069 1243 2140 tristius
1257 2082 1369 2138 morte
1387 2079 1436 2136 est
1452 2066 1571 2134 videre
1600 2072 1602 2077 ’
1622 2070 1745 2161 telligi.
1799 2070 1883 2141 ldeo
1910 2068 2037 2161 premit
2053 2062 2245 2139 Ecclesiam
2264 2070 2300 2137 iu
2321 2064 2385 2139 hac
2401 2071 2466 2141 vita
2482 2074 2573 2161 magis,

580 2203 682 2251 saeva
705 2174 877 2267 supplicia
907 2184 1095 2258 natorum,
1121 2170 1306 2263 ,expetitur
1332 2168 1442 2258 igitur
1462 2190 1571 2250 mors,
1621 2198 1727 2268 quam
1744 2171 1915 2265 reliquam
1932 2167 2117 2241 hominum
2137 2170 2267 2256 fecem,
2304 2176 2573 2261 posteaaccedont

580 2295 623 2354 ut
638 2278 808 2347 finiantur
824 2296 978 2367 poenae,
999 2287 1172 2367 quantum
1188 2272 1297 2364 igitur
1322 2270 1408 2340 mali
1424 2282 1475 2339 est
1490 2284 1570 2361 post
1622 2293 1655 2347 et
1672 2276 1762 2345 aliae
1780 2274 1898 2365 plures
1911 2295 2051 2355 causae,
2077 2272 2242 2344 videlicet
2259 2276 2356 2367 quod
2375 2273 2446 2344 vult
2459 2270 2512 2345 has
2532 2276 2573 2363 ip-

580 2377 675 2452 hauc
690 2380 818 2458 vitam,
844 2399 972 2446 eumne
990 2389 1104 2446 morte
1124 2376 1267 2471 quidem
1282 2371 1381 2443 finiri
1402 2370 1573 2464 potsunt?
1622 2401 1675 2447 sas
1693 2391 1894 2447 sanctorum
1920 2373 2129 2445 afflictiones
2149 2374 2352 2447 testimonia
2377 2399 2446 2447 esse
2466 2378 2504 2447 de
2521 2378 2572 2451 vita

580 2478 669 2554 haec
694 2493 815 2549 monet
840 2472 1005 2551 Christus
1033 2501 1108 2550 non
1139 2491 1280 2549 tautum
1304 2471 1367 2545 has
1392 2472 1571 2553 mulieres,
1622 2492 1779 2579 aeterna,
1836 2473 1929 2549 Com
1950 2476 2045 2547 enim
2068 2472 2164 2547 Deus
2188 2490 2341 2549 testetur
2358 2501 2395 2547 sa
2416 2481 2572 2571 approbare

580 2586 642 2657 sed
668 2597 782 2654 totum
806 2604 917 2671 gentas
943 2574 1153 2652 humanum.
1219 2579 1274 2649 Ac
1305 2576 1492 2668 praecipua
1519 2588 1572 2647 tot
1625 2581 1773 2653 Paulum
1791 2580 1830 2649 iu
1847 2574 2018 2663 haesita,
2043 2603 2124 2649 cum
2140 2602 2201 2671 per
2217 2603 2298 2649 eum
2315 2581 2486 2653 resuscitat
2499 2606 2570 2649 nor-

580 2685 860 2777 spectaculorum
883 2678 1111 2752 horribilium
1135 2682 1175 2751 in
1198 2674 1265 2751 hac
1287 2681 1361 2749 rita
1378 2699 1482 2748 causa
1507 2690 1570 2756 est,
1624 2697 1721 2769 tuos,
1746 2696 1913 2753 ettamen
1934 2679 2028 2760 sinat
2048 2704 2128 2749 cum
2156 2679 2306 2751 interlici
2332 2684 2378 2753 ab
2400 2682 2566 2777 inquinatis·

582 2788 665 2882 quia
681 2787 774 2859 [leus
789 2784 868 2855 vult
886 2783 1043 2873 conspici
1058 2783 1148 2853 iram
1170 2805 1270 2853 suam
1292 2783 1462 2851 adversus
1488 2803 1569 2871 pec·
1624 2786 1712 2855 simo
1742 2799 1915 2879 tyranno,
1949 2804 2089 2851 necesse
2121 2794 2173 2851 est
2206 2796 2325 2873 postea
2358 2799 2473 2853 restare
2493 2780 2567 2853 iudi·

582 2903 678 2973 cata,
703 2888 781 2957 vult
803 2910 871 2955 uos
885 2886 1168 2970 commonelieri,
1194 2899 1234 2955 ut
1251 2881 1413 2952 Psalmus
1428 2880 1490 2955 59.
1515 2880 1571 2949 iu·
1625 2888 1740 2976 cium,
1767 2886 1805 2957 iu
1831 2910 1903 2979 quo
1922 2880 2018 2955 Deus
2039 2884 2202 2955 ostendet
2224 2908 2260 2955 se
2282 2909 2357 2953 uon
2375 2886 2571 2958 oblitumesse
2628 2918 2629 2947 a

582 2992 684 3086 quit:
723 2987 874 3080 Propter
898 2986 1104 3081 iniquitates
1128 2985 1278 3078 corripis
1303 2980 1485 3075 homines,
1516 2982 1574 3051 ia·
1627 2987 1749 3073 Pauli,
1789 3000 1825 3059 et
1853 2986 2027 3058 anteferre
2051 2983 2201 3056 Paulum
2236 2988 2418 3057 teterrimo
2443 3002 2571 3081 tyranno.
2628 3030 2629 3067 ;

581 3109 746 3165 tueamur
772 3114 855 3179 ergo
885 3103 1023 3159 nostras
1047 3101 1082 3160 et
1105 3088 1238 3159 alienas
1264 3087 1500 3172 calamitates,
1535 3098 1576 3157 ut
1627 3088 1698 3161 Sed
1720 3087 1808 3163 haec
1834 3089 1996 3159 doctrina
2019 3088 2063 3157 de
2090 3088 2203 3157 causis
2225 3088 2311 3158 alibi
2330 3090 2495 3181 copiosius
2508 3086 2571 3156 reci·

582 3195 691 3269 timor
707 3191 776 3263 Dei
790 3195 828 3261 in
845 3190 951 3261 nobis
966 3190 1147 3262 excitetur.
1627 3206 1699 3263 tata
1724 3206 1795 3277 est,
1820 3215 1916 3262 nunc
1930 3190 1973 3260 ad
1990 3204 2123 3262 textum
2140 3190 2257 3264 redeo.
2310 3190 2468 3264 Christus
2481 3192 2571 3261 adna-

688 3294 731 3365 ln
747 3294 851 3365 tertio
867 3295 1026 3363 membro
1041 3293 1192 3364 dicitur:
1220 3290 1259 3364 si
1283 3288 1323 3359 in
1347 3288 1455 3359 viridi
1478 3287 1576 3379 liguo
1628 3309 1687 3365 net
1701 3294 1866 3365 mulieres
1882 3294 1926 3363 de
1944 3292 1995 3362 ira
2013 3290 2081 3371 Ilei
2102 3292 2270 3363 adversus
2290 3308 2427 3383 peccata
2448 3292 2573 3363 omniun

583 3394 653 3471 hoc
669 3398 827 3482 faciunt,
853 3394 891 3463 iu
905 3394 1006 3465 arido
1023 3396 1112 3488 qarid
1129 3394 1211 3465 fiet?
1244 3395 1281 3463 id
1304 3406 1376 3471 est,
1401 3389 1431 3459 si
1449 3392 1576 3461 viridis
1627 3392 1837 3483 hominurn,
1859 3419 1899 3465 ac
1920 3406 2066 3466 testatur
2089 3393 2194 3463 etiam
2218 3395 2354 3484 puniri.
2405 3393 2500 3486 Quod
2514 3415 2573 3459 vern
2624 3385 2629 3425 '³

585 3518 620 3572 et
648 3502 821 3572 foecunda
847 3499 955 3566 arbor
979 3500 1192 3589 extirpatur,
1226 3496 1314 3591 quid
1335 3495 1395 3566 fiet
1415 3493 1576 3566 dearida
1627 3501 1702 3590 ipse
1724 3499 1876 3590 patitur,
1906 3497 1987 3567 ideo
2010 3497 2068 3582 fit,
2101 3496 2185 3589 quia
2209 3497 2283 3588 ipse
2310 3511 2359 3568 est
2383 3499 2536 3568 mediator
2551 3507 2574 3562 et
2628 3501 2629 3510 ’

584 3619 620 3677 et
634 3601 774 3672 sterili?
812 3599 893 3689 Qua
923 3600 1035 3689 figura
1060 3599 1283 3690 significatur
1307 3593 1394 3666 haec
1419 3595 1575 3676 collatio,
1627 3601 1856 3686 intercessor,
1884 3599 1969 3693 quid
1993 3597 2032 3666 in
2054 3621 2128 3668 sese
2149 3599 2326 3674 derivavit
2348 3601 2434 3669 iram
2453 3599 2514 3670 Dei
2531 3597 2574 3666 ael·

586 3729 669 3775 curo
701 3704 860 3772 membra
891 3698 983 3788 Dei,
1027 3725 1117 3795 quae
1141 3703 1277 3772 inactus
1298 3695 1375 3770 Deo
1398 3697 1575 3790 placentes
1627 3726 1748 3773 versus
1762 3718 1882 3776 nostra
1897 3714 2055 3793 peecata,
2078 3700 2167 3772 sicut
2184 3697 2345 3794 Baptista
2360 3696 2484 3796 inquit:
2508 3695 2574 3772 Ecce
2620 3701 2629 3786 j*

583 3807 726 3886 ferunt,
749 3818 789 3876 ut
805 3801 919 3886 Abel,
951 3801 1137 3890 leremias‚
1167 3799 1346 3893 Baptista,
1378 3802 1576 3872 sustineant
1627 3827 1738 3896 agnus
1752 3801 1838 3890 Dei,
1864 3804 1925 3897 qui
1942 3802 2036 3873 tollit
2054 3815 2194 3893 peccata
2212 3805 2353 3879 muudi.

582 3929 729 3998 magnas
741 3906 967 3985 calamitates,
992 3905 1079 4000 quid
1096 3906 1154 3976 het
1168 3906 1213 3976 de
1229 3901 1374 3996 impiis?
1398 3898 1576 3992 Congruit
1729 3905 1886 3996 Quartus
1901 3905 1999 3974 loeus
2021 3918 2072 3975 est
2088 3903 2162 3996 ipsa
2177 3907 2379 3993 crucifixio,
2404 3904 2462 3978 ubi
2477 3905 2507 3974 in
2524 3901 2576 3994 pri·

582 4003 1042 4080 haecChristiconciocum
1057 4001 1574 4087 dietoSalomonis,Prov.1l.:
1626 4007 1694 4077 mis
1716 4007 1978 4080 observandum
2008 4019 2060 4076 est
2088 4005 2242 4092 dictum,
2283 4011 2378 4102 quod
2402 4010 2479 4078 citat
2501 4003 2573 4076 etil·
2628 4031 2629 4036 ¹

584 4110 625 4182 si
648 4110 760 4195 iustus
787 4110 940 4179 interra
964 4109 1107 4201 recipit,
1145 4121 1281 4202 quanto
1311 4105 1576 4196 magisimpius
1625 4110 1752 4180 lustrat
1767 4107 1897 4180 Paulus
1908 4105 1990 4184 Gal.
2004 4109 2060 4182 ih:
2087 4105 2300 4180 Maledictus
2316 4112 2432 4180 omnis
2446 4111 2499 4203 qui
2514 4129 2573 4198 pen·
2620 4105 2629 4197 f

585 4226 622 4284 et
644 4211 830 4303 peccator?
867 4211 926 4280 Ad
950 4235 1040 4304 quae
1066 4216 1099 4282 1.
1119 4208 1248 4282 Pecs
1276 4209 1459 4280 adduntur
1489 4203 1576 4280 haec
1625 4212 1871 4301 detinligao,
1895 4211 2173 4305 quaerorbaex
2198 4209 2574 4303 optaveramus
2628 4203 2629 4210 '

585 4316 709 4384 verba:
737 4309 913 4383 Iudicium
933 4337 953 4381 a
977 4315 1086 4384 domo
1100 4311 1168 4384 Dei
1183 4311 1319 4403 incipit.
1371 4305 1574 4380 Hicautem
1624 4327 1728 4399 sunt,
1770 4313 1833 4383 rabi
1864 4335 2023 4404 expresse
2048 4312 2211 4384 additum
2238 4327 2314 4386 est:
2356 4313 2573 4384 Maledictuse
2628 4337 2629 4341 ¹

583 4415 752 4486 reclamat
779 4410 932 4485 humana
955 4415 1066 4498 ratio,
1092 4414 1227 4485 offendi
1248 4437 1285 4482 se
1308 4407 1373 4482 hac
1394 4413 1472 4504 ipsa
1488 4435 1575 4484 cou-
1625 4413 1720 4501 Deo,
1744 4415 1807 4509 qui
1824 4417 1953 4506 pendet
1968 4415 2006 4483 in
2023 4413 2143 4504 ligno,
2166 4415 2217 4486 sic
2238 4416 2326 4490 alibi
2342 4417 2384 4488 de
2400 4413 2574 4508 poenisnon
2628 4435 2629 4444 ¹

580 4516 742 4600 fusione,
769 4518 864 4610 quod
882 4518 985 4586 bonis
1001 4518 1093 4586 male
1108 4519 1171 4599 sit,
1198 4530 1232 4586 et
1247 4514 1350 4584 malis
1367 4515 1476 4599 bene,
1501 4514 1574 4584 dis·
1602 4516 1787 4611 'loquitur
1814 4517 1998 4608 scriptura.
2059 4515 2155 4585 Nam
2183 4541 2319 4610 poenae
2343 4519 2436 4612 ipsae
2458 4513 2573 4585 nonta-
2624 4505 2629 4545 ³

464 4608 476 4620 ’
582 4632 710 4709 putant
726 4633 862 4689 mentes
878 4634 940 4687 aut
954 4642 1036 4688 casu
1053 4618 1183 4689 omnia
1204 4617 1311 4700 ferri,
1336 4640 1401 4685 nec
1425 4617 1498 4707 regi
1519 4637 1574 4684 res
1626 4619 1724 4690 ciunt
1746 4614 1909 4689 homines
1930 4640 2028 4702 reos,
2053 4616 2089 4685 id
2113 4631 2184 4700 est,
2217 4638 2363 4712 propter
2383 4640 2503 4712 poenas
2521 4633 2573 4682 noo
2620 4608 2629 4685 ,i

584 4716 759 4792 humanas
798 4721 1044 4812 providentia,
1083 4734 1144 4792 aut
1187 4717 1478 4810 gubernationem
1516 4719 1574 4786 in·
1625 4720 1789 4791 irascitur
1811 4717 1909 4790 Deus
1932 4712 2165 4805 hominihus,
2207 4719 2267 4790 sed
2292 4736 2434 4814 propter
2457 4727 2574 4810 peccata.
2628 4739 2629 4744 ¹

583 4823 711 4892 iustam
726 4844 821 4894 esse:
850 4819 941 4893 hanc
956 4823 1233 4914 disputationem
1255 4815 1482 4912 philosophia
1499 4843 1573 4889 non
1624 4821 1699 4894 Cur
1722 4823 1830 4911 igitur
1859 4823 1903 4891 de
1932 4816 1998 4890 hac
2028 4845 2140 4912 poena
2166 4835 2238 4892 tam
2261 4823 2425 4895 atrociter
2448 4817 2575 4912 loquitur
2622 4847 2623 4850 ¹

584 4925 668 4996 satis
684 4923 858 5014 explicare
872 4937 1005 5023 potest,
1032 4948 1121 5018 quae
1137 4948 1212 4994 non
1227 4923 1329 4991 novit
1342 4922 1476 5014 primos
1492 4923 1574 4992 lon·
1623 4923 1745 4995 Deus?
1785 4919 1959 4994 Existimo
1974 4935 2113 4994 tantum
2138 4939 2284 5015 propter
2311 4940 2454 4996 mortem
2470 4913 2574 4993 Christi
2621 4946 2623 4959 ·

583 5040 637 5096 tes
652 5020 890 5097 humanarum
917 5025 1160 5110 miseriarum,
1186 5026 1247 5095 sed
1270 5015 1316 5091 bi.
1330 5038 1575 5095 monstrantur
1624 5021 1693 5096 hor
1719 5023 1853 5096 dictum
1876 5047 1969 5108 esse,
1994 5037 2035 5095 ut
2049 5023 2269 5114 intelligatur
2291 5027 2331 5096 iu
2350 5023 2444 5097 hunc
2463 5019 2574 5094 deriva-
2623 5021 2629 5072 t

583 5127 624 5195 in
642 5127 803 5198 domrina
823 5125 1010 5201 Ecclesiae.
1062 5124 1154 5199 Cum
1172 5149 1254 5216 ergo
1276 5125 1327 5194 sic
1347 5139 1574 5215 argumenta·
1623 5141 1695 5200 tam
1728 5149 1803 5198 esse
1832 5125 2144 5213 maledictionem,
2183 5127 2241 5198 cui
2271 5151 2379 5218 genus
2407 5123 2572 5198 humanum
2623 5199 2624 5214 χ

583 5243 644 5299 tur
666 5230 775 5301 ratio:
808 5228 915 5300 Iustis
937 5232 1028 5298 benc
1052 5253 1126 5300 esse
1147 5230 1269 5312 debet,
1296 5226 1438 5297 iniustis
1461 5223 1572 5297 male:
1623 5228 1820 5300 subiectum
1843 5227 1928 5314 fuit,
1954 5228 1992 5298 id
2016 5241 2098 5311 est„
2112 5222 2210 5300 hamc
2230 5229 2434 5302 sustinuisse
2454 5243 2573 5318 poenam
2622 5237 2625 5326 Ἰ

584 5327 777 5419 Ieremias,
812 5328 991 5420 Baptista,
1029 5344 1113 5402 sunt
1134 5331 1242 5421 iusti,
1275 5352 1357 5420 ergo
1386 5330 1477 5398 hene
1499 5352 1573 5398 esse
1623 5331 1778 5400 debitam
1794 5329 1952 5400 iusticiae
1967 5325 2053 5420 Dei,
2081 5343 2116 5399 et
2135 5328 2182 5400 ita
2198 5355 2262 5422 pro
2280 5333 2381 5402 nobis
2397 5324 2573 5424 persolvisse
2622 5329 2629 5378 t

585 5432 635 5502 eis
659 5433 795 5504 debeat·
847 5430 916 5502 llic
936 5435 1126 5523 respondet
1148 5429 1325 5516 Ecclesia,
1351 5431 1507 5522 primum
1529 5432 1573 5502 de
1624 5425 1773 5526 λύτρον.
1847 5429 2034 5518 Caeterum
2067 5455 2173 5524 quam
2203 5433 2313 5507 tristis
2342 5429 2519 5532 appellatio
2542 5421 2574 5492 sit
2621 5383 2626 5551 l

583 5533 736 5618 maiore,
778 5533 958 5604 verissima
982 5548 1034 5605 est
1057 5535 1191 5619 maior,
1224 5549 1276 5605 est
1296 5533 1393 5602 enim
1414 5531 1471 5602 lex
1491 5529 1573 5620 Dei,
1627 5533 1699 5603 dici
1722 5531 1949 5602 maledictum
1969 5557 1987 5602 a
2007 5531 2105 5617 Deo,
2132 5533 2169 5604 id
2188 5559 2260 5604 non
2276 5547 2388 5628 potest
2408 5531 2514 5603 verbis
2529 5549 2573 5595 es·
2623 5566 2626 5635 ἦ

581 5648 622 5704 ut
642 5636 796 5726 primurn
819 5651 1229 5730 praecepturutestatur,
1251 5633 1452 5728 etquidem
1478 5637 1566 5704 adeo
1622 5634 1768 5726 plicari,
1793 5633 1854 5705 sed
1879 5635 2053 5704 diseamus
2076 5635 2132 5723 pia
2149 5638 2395 5722 meditatione,
2419 5657 2491 5706 cum
2508 5648 2571 5722 qne-
2624 5674 2626 5685 .

581 5759 664 5806 vera
686 5750 759 5821 est,
801 5752 843 5810 ut
862 5737 959 5811 Deus
990 5763 1065 5808 non
1093 5752 1233 5811 tantum
1267 5736 1433 5828 perituris
1463 5735 1570 5806 honis
1622 5737 1713 5808 relas
1728 5737 1765 5805 in
1782 5733 1930 5806 Psalmis
1949 5749 1984 5808 et
2006 5735 2093 5806 alibi
2109 5737 2270 5829 legimus.
2321 5735 2404 5811 ltem
2428 5759 2501 5806 cum
2520 5719 2570 5818 inti
2627 5789 2628 5830 ,

579 5852 784 5932 compenset
798 5840 991 5926 iusticiam,
1019 5865 1082 5912 seu
1097 5838 1354 5923 obedientiam,
1378 5839 1438 5910 sed
1456 5851 1573 5910 aeter·
1601 5837 1744 5932 ¹aliquo
1775 5839 1882 5909 modo
1912 5853 2032 5912 nostra
2057 5853 2201 5930 peecata
2224 5840 2408 5934 aspicimus
2432 5860 2470 5908 ac
2487 5851 2570 5924 erpt-
