5825 6950
573 648 670 727 1123
765 699 770 718 ,
1177 632 1305 711 ΡΗΙΙι.
1329 631 1448 713 Mun
1475 630 1687 710 SCRIPTA
1713 628 2016 712 menalca,
2272 623 2281 645 '¹
2358 638 2395 648 ”
2488 649 2564 727 1124

679 818 866 895 Caeterum
887 828 972 888 uota
994 815 1039 887 sit
1053 812 1214 885 doctrina
1230 812 1452 897 eommunis,
1478 832 1569 904 qnae
1717 803 1809 878 Curn
1826 820 1944 877 autem
1958 804 2074 878 Lucas
2087 823 2123 881 et
2140 806 2272 879 Paulus
2285 806 2416 884 abunt:
2445 814 2506 890 llic
2526 838 2567 897 eu

581 938 722 1024 peccata
742 924 813 994 sint
830 920 868 990 in
884 918 1016 991 sanetis,
1030 918 1070 987 in
1087 912 1155 986 bac
1170 915 1263 1001 vita,
1287 936 1379 1007 qnae
1394 936 1472 985 nnn
1487 914 1571 985 siut.
1623 908 1734 991 calix,
1759 931 1895 979 novum
1919 908 2209 997 Testamentum,
2236 908 2444 1005 μηωνυμία
2462 934 2520 1003 0⁸1,
2539 940 2570 1001 ω

582 1028 666 1103 Nou
687 1027 738 1097 sic
755 1022 976 1111 intelligatur
997 1020 1170 1111 dignitas,
1193 1018 1291 1111 quod
1310 1016 1414 1087 nnlla
1434 1016 1508 1087 sint
1531 1014 1572 1084 in
1621 1015 1651 1091 si
1668 1012 1800 1081 dicam:
1826 1009 1952 1081 Fasces
1966 1025 2050 1083 sunt
2064 1013 2252 1104 imperium
2269 1010 2475 1092 Romanum.
2508 1021 2569 1095 Hae

583 1129 689 1203 nobis
711 1140 869 1221 peccata,
896 1124 955 1193 sed
976 1124 1073 1216 quod
1094 1132 1257 1215 oporteat
1279 1119 1411 1213 deponi
1433 1129 1573 1212 peccata
1622 1113 1726 1188 brevi
1747 1114 2061 1185 admonitionede
2086 1112 2233 1209 Syntaxi
2254 1108 2322 1186 ho'c
2344 1116 2419 1188 loco
2445 1128 2586 1208 mareau,
2624 1111 2625 1146 ¹

585 1245 710 1305 contra
731 1225 996 1299 conscientiam.
1624 1218 1748 1290 aimus.
2046 1294 2052 1299 1

689 1330 828 1421 Quarto
851 1350 964 1421 poena
989 1322 1243 1400 consideretur.
1301 1322 1495 1393 lllanifeste
1513 1317 1575 1389 hic
1730 1313 1870 1385 Deinde
1886 1314 1988 1383 valde
2004 1317 2200 1387 necessaria
2215 1328 2265 1387 εει
2274 1317 2512 1409 consideratio,
2527 1351 2574 1397 cnr

590 1434 679 1509 dicit
700 1432 855 1515 Paulus,
888 1428 1019 1499 multos
1039 1442 1239 1515 aegrotare,
1263 1440 1298 1497 et
1319 1427 1451 1496 multos
1475 1447 1574 1492 mor·
1626 1416 1686 1491 hic
1700 1442 1858 1509 expresse
1874 1419 1963 1487 facta
1988 1421 2035 1487 sit
2058 1420 2192 1490 mentio
2213 1420 2301 1488 novi
2316 1419 2533 1517 Testamenti,
2550 1445 2576 1499 et

590 1554 673 1613 tuos
685 1558 760 1607 esse
778 1543 924 1625 propter
938 1532 1088 1599 abusum
1104 1554 1242 1601 coenae.
1295 1524 1390 1618 Ergo
1407 1526 1572 1597 etiamin
1627 1524 1772 1616 quidem
1795 1521 1835 1588 in
1861 1545 1901 1590 ea
1930 1522 2155 1607 narratione,
2202 1521 2267 1590 ubi
2298 1521 2336 1592 fit
2362 1526 2577 1615 mentiolsau·

593 1640 725 1714 sanctis
756 1636 906 1728 punitur
933 1632 1164 1721 negligentia,
1213 1630 1326 1699 multo
1353 1628 1464 1717 magis
1493 1649 1576 1695 vero
1627 1623 1760 1715 guinis.

594 1742 792 1836 punientur
813 1735 1055 1826 praesentibus
1079 1746 1114 1801 et
1135 1733 1285 1803 aeternis
1308 1732 1429 1821 poenis
1453 1749 1578 1797 omnes
1730 1722 1998 1793 'l'es‘tameutum
2021 1737 2074 1793 est
2096 1724 2283 1815 promissio
2304 1726 2474 1801 morituri.
2516 1728 2578 1802 ldec

540 1841 545 1858 ⁶
595 1845 673 1933 illi,
697 1841 758 1937 qrri
775 1862 922 1910 coenam
938 1836 1083 1907 Domini
1102 1848 1283 1903 verterunt
1300 1833 1337 1900 in
1357 1826 1578 1901 horrendum
1629 1839 1797 1915 usurpata
1813 1837 1865 1893 est
1887 1819 1974 1895 haee
1997 1850 2063 1895 vox
2078 1828 2123 1895 de
2140 1826 2374 1916 promissione
2387 1828 2449 1897 blii
2462 1830 2521 1899 Dei
2534 1834 2579 1901 do-

596 1947 732 2019 cultum
750 1942 948 2024 idolorum,
970 1950 999 2006 et
1022 1936 1084 2029 qui
1102 1950 1266 2029 quaestus
1280 1956 1383 2002 causa
1401 1932 1581 2000 tinxerunt
1632 1928 1752 1998 nantis
1784 1949 1847 1994 sua
1881 1926 2068 2007 beneficia,
2109 1942 2150 1998 ut
2181 1928 2435 2017 significaretur
2464 1946 2580 2002 ventur,

598 2044 830 2121 sacrificium,
856 2064 923 2139 pro
937 2038 1029 2108 vivis
1045 2051 1079 2106 et
1096 2036 1255 2107 mortuis.
1306 2030 1445 2103 Horum
1470 2033 1581 2099 maxi·
1633 2053 1750 2112 mors,
1777 2029 1866 2096 sient
1880 2030 1922 2097 ad
1941 2026 2099 2097 Ebraeos
2116 2029 2286 2118 scriptum
2304 2045 2367 2102 est.
2416 2032 2532 2103 Addita
2544 2048 2580 2103 est

599 2144 923 2222 morumscelerum
937 2136 1389 2229 magnitudoconspicietur
1402 2128 1583 2225 posthanc
1635 2132 1744 2220 igitur
1759 2124 1845 2197 haee
1861 2129 2031 2217 particula
2046 2130 2176 2201 diserte
2195 2125 2280 2200 huie
2295 2133 2496 2225 narrationi,
2517 2158 2581 2227 quae
2623 2195 2625 2200 .

600 2252 724 2324 vitam.
773 2242 821 2317 Et
844 2244 894 2314 ibi
915 2262 1160 2331 agnoscemus,
1194 2232 1279 2305 haec
1300 2236 1428 2305 scelera
1452 2228 1584 2304 multa-
1635 2237 1680 2303 de
1705 2232 1890 2301 fundendo
1913 2233 2087 2319 sanguine
2115 2233 2288 2325 loquitur.
2342 2229 2389 2303 Ει
2416 2236 2581 2323 opponendi

601 2376 683 2427 rum
698 2348 936 2421 calamitatum
958 2344 996 2411 in
1011 2336 1078 2408 hac
1093 2339 1164 2407 vita
1180 2362 1301 2407 causas
1316 2338 1436 2408 fuisse.
1489 2331 1585 2406 Ora·
1636 2347 1720 2405 sunt
1744 2332 1819 2427 typi
1840 2333 2023 2423 sanguinis
2046 2332 2271 2405 victimarum
2299 2335 2339 2403 in
2363 2336 2470 2404 veteri
2489 2334 2581 2405 Testa·
2624 2361 2625 2372 ¹

603 2474 687 2527 mus
706 2463 822 2523 autem
845 2442 1051 2516 ardentibus
1072 2439 1261 2529 gemitibus
1283 2440 1395 2509 fllium
1420 2436 1511 2518 Dei,
1544 2448 1586 2507 ut
1638 2448 1781 2519 mento,
1813 2434 1876 2527 qni
1898 2458 2023 2505 omnes
2042 2436 2189 2508 fuerunt
2218 2436 2322 2528 signa
2347 2430 2453 2507 huius
2478 2437 2580 2507 futura

604 2556 678 2651 ipae
693 2548 750 2623 his
767 2548 903 2639 magnis
922 2543 1130 2614 vulneribus
1146 2536 1325 2611 Ecclesiae
1341 2543 1537 2614 medeatur.
1639 2536 1776 2607 mortis.
2388 2570 2392 2574 ,

1729 2635 1816 2707 ‘lam
1834 2650 1870 2709 et
1891 2633 2078 2709 antithesis
2101 2639 2360 2710 consideranda
2378 2653 2431 2710 εει
2443 2640 2577 2711 reterisct

1260 2806 1269 2824 ,
1409 2806 1419 2825 ‚
1639 2738 1727 2809 novi
1753 2737 1984 2809 Testamenti.
2034 2738 2146 2811 Vetus
2169 2737 2438 2812 Testamentum
2465 2755 2510 2812 est
2528 2765 2580 2831 prc-

705 2814 749 2889 ln
770 2828 868 2886 mm
884 2824 952 2881 ²⁸¹²
978 2806 1086 2897 ΟΜ
1102 2830 1167 2899 1³¹⁰
1185 2808 1287 2878 v⁰b¹⁸
1305 2808 1493 2897 fungum·
1545 2801 1589 2874 1¹¹
1640 2841 1762 2910 missio
1793 2840 1956 2932 politiae,
2007 2864 2086 2911 cum
2110 2841 2329 2933 obligatione
2352 2844 2395 2913 ad
2418 2844 2582 2911 servandam

605 2918 811 3039 ‘ullamne
835 2902 929 3031 aliid
951 2909 1085 2981 Lucam
1109 2910 1370 3028 ³⁰⁸ip¹uf⁰.⁰⁸l²
1396 2906 1505 2998 0⁰⁰¹}
1524 2929 1589 2999 pm
1640 2943 1752 3032 legem
1778 2940 2007 3037 perMoyseu
2030 2944 2217 3029 traditam,
2242 2968 2335 3037 quae
2352 2942 2582 3038 politiacourti·
2621 2965 2624 2974 ·

606 3022 710 3096 νοω*
730 3020 857 3100 dmur’
882 3015 919 3082 ιὰ
937 3027 1006 3094 ω’
1031 3013 1127 3103 qu⁰d
1149 3023 1201 3082 ω
1216 3024 1358 3081 ”mma
1375 3035 1439 3101 ΡΜ
1463 3032 1590 3100 3⁸³⁶oe
1641 3058 1718 3114 tuta
1749 3057 1819 3131 εει,
1865 3059 1906 3115 ιιι
1930 3047 1968 3112 in
1995 3069 2034 3114 ea
2065 3060 2338 3117 conservaretur
2368 3045 2537 3138 promissio
2555 3043 2583 3111 de

608 3120 778 3211 flumem·
819 3113 917 3187 ’Ῑάθο
938 3125 971 3183 ⁰²
995 3108 1056 3181 hle
1079 3113 1147 3183 ³¹3³
1168 3114 1467 3202 lnl‘fl'fflanlur’
1491 3113 1591 3180 stan·
1641 3144 1791 3231 Messia,
1813 3159 1848 3216 et
1862 3146 1914 3215 ibi
1930 3144 2080 3217 Messias
2096 3142 2345 3231 exhiberetur,
2363 3160 2501 3240 propter
2513 3165 2583 3239 quen

609 3228 800 3347 bllufssm
832 3219 1017 3335 lafmmr·
1068 3212 1109 3332 ld
1134 3210 1466 3334 ”⁰⁰‚reprffhendffi
1504 3210 1590 3327 ,sed
1643 3261 1677 3319 et
1693 3249 1898 3338 semperibi
1912 3247 2031 3341 aliqua
2047 3250 2239 3319 electorum
2257 3246 2419 3320 Ecclesia
2435 3249 2505 3319 fuit.
2624 3291 2625 3300 κ

611 3324 808 3417 umplrcrus
831 3321 972 3387 videtur
994 3317 1202 3385 fractionem
1220 3316 1489 3404 intelligendam
1518 3336 1592 3384 esse
1743 3348 1814 3419 Sed
1836 3374 1972 3419 novum
1993 3350 2259 3422 mmmmm
2276 3366 2329 3422 e„
2351 3349 2526 3444 promisti,
2543 3348 2587 3415 ho,

612 3422 922 3542 distributionem,
946 3418 1036 3489 ³5⁶⁰!
1053 3414 1181 3488 Ehffel
1200 3418 1452 3511 l⁰q⁰⁰b³¹¹²¹¹⁸
1478 3414 1592 3486 ΓΜ·
1643 3474 1773 3520 norum
1789 3466 2033 3537 aeternornm,
2050 3452 2268 3524 remissionis
2283 3468 2516 3546 peccatorum,
2533 3446 2589 3538 Spl-

613 3538 982 3620 8⁸⁰⁸¹²1¹0¹¹¹¹P³¹¹⁰¹¹¹
1001 3534 1111 3592 mum·
1164 3514 1462 3590 E¹b⁰⁰velb¹¹m
1477 3516 1591 3589 P³U¹⁰
1644 3555 1734 3623 ritus
1767 3554 1902 3639 sancti,
1942 3554 2101 3624 iusticias
2134 3570 2169 3625 et
2201 3556 2295 3626 vitae
2330 3571 2501 3638 aeternae,
2526 3569 2590 3643 quat

612 3633 652 3700 in
685 3640 837 3744 mentem
866 3624 964 3694 venit
994 3635 1137 3739 propter
1159 3645 1294 3690 morem
1316 3611 1591 3706 dislributionis,
1645 3670 1788 3746 propter
1806 3654 1976 3726 Messinm
1994 3652 2369 3746 Gratimbibemm,
2393 3679 2465 3728 non
2483 3665 2591 3746 proptu

614 3743 820 3826 praesertim
839 3749 918 3796 cum
936 3725 1021 3794 velrt
1038 3747 1110 3793 esse
1127 3746 1272 3793 coenam
1292 3745 1531 3794 communem.
1644 3759 1771 3848 legem.
2583 3750 2590 3766 .

1753 3855 1919 3930 Affirmat
1932 3859 2040 3948 igitur
2046 3857 2314 3946 Dominus‚iam
2327 3857 2417 3932 hace
2427 3862 2513 3930 bona
2523 3847 2594 3924 erbi-

1651 3960 1738 4045 beri,
1747 3956 2039 4032 ethunccalicem
2050 3957 2403 4035 huius-exhibitionis
2411 3963 2527 4053 pignus
2535 3975 2593 4024 ctat·

1651 4059 1911 4152 Magna‘igitur
1931 4065 2127 4134 consolatio
2142 4066 2331 4137 universae
2352 4063 2520 4136 Ecclesiae
2538 4077 2595 4147 pro·

1652 4165 1809 4255 Ρθῡῖῑΰῐ.
1859 4160 2030 4236 Exhibito
2053 4162 2122 4236 hoc
2145 4167 2269 4248 calice,
2302 4168 2395 4238 scias
2416 4179 2505 4236 certo
2524 4151 2596 4227 erhi-

718 4268 816 4341 Haec
830 4265 987 4336 namatio
1002 4266 1096 4356 apud
1112 4262 1245 4333 Lucam
1261 4261 1386 4332 iisdem
1403 4265 1521 4335 verbis
1536 4288 1600 4356 po-
1652 4267 1730 4336 beri
1754 4266 1849 4335 bona
1874 4280 2033 4352 aeterna,
2076 4283 2221 4360 propter
2240 4269 2450 4359 sanguinem
2473 4262 2530 4332 figi
2551 4254 2597 4328 nst

619 4376 685 4449 sita
712 4385 775 4446 est.
826 4369 896 4440 Sed
919 4368 1037 4440 addita
1062 4378 1144 4435 sunt
1165 4359 1252 4436 haec
1279 4367 1403 4435 verba:
1438 4364 1513 4455 Qui
1535 4391 1599 4458 pro
1651 4368 1802 4438 effusum
1826 4367 1864 4435 in
1885 4369 1995 4458 ipsius
2015 4385 2142 4439 morte.
2192 4369 2264 4440 Nec
2285 4393 2378 4461 opus
2392 4368 2497 4439 ullius
2509 4356 2596 4432 honi·

619 4476 723 4548 vobis
743 4471 950 4543 effunditur.
1008 4466 1173 4560 Syutaxis
1196 4468 1289 4556 apud
1312 4463 1537 4537 Matthaeum
1566 4481 1599 4537 et
1653 4469 1709 4538 uis
1729 4465 1884 4539 meretur
1908 4470 1968 4539 illa
1993 4483 2132 4541 aeterna
2151 4471 2244 4540 bona
2264 4472 2379 4563 legata
2400 4482 2534 4560 propter
2551 4455 2596 4526 filil

619 4579 783 4650 Marcum
801 4573 868 4642 alia
888 4585 949 4641 est.
1002 4568 1071 4638 llic
1089 4583 1138 4638 est
1153 4568 1295 4657 sanguis
1312 4592 1410 4639 meus
1426 4570 1513 4638 novi
1528 4569 1599 4638 Te·
1653 4584 1815 4644 mortem.
1868 4569 1952 4640 Non
1982 4573 2091 4660 igitur
2115 4567 2174 4641 hic
2204 4573 2296 4643 ritus
2323 4571 2525 4644 sacrificium
2549 4571 2597 4638 etl·

619 4675 803 4751 stamenti:
834 4697 899 4742 nce
914 4672 1090 4742 subtiliter
1103 4672 1302 4762 quaerenda
1320 4682 1370 4740 est
1387 4671 1599 4744 differentia.
1653 4675 1750 4765 qnod
1775 4685 1952 4743 mereatur
1970 4674 2113 4744 facienti
2136 4687 2170 4742 et
2192 4675 2273 4744 aliis
2302 4671 2393 4746 haec
2419 4675 2523 4752 bona,
2554 4659 2596 4732 ted

620 4779 757 4853 Eodem
774 4777 879 4846 modo
895 4789 1044 4867 utraque
1057 4772 1162 4841 lectio
1180 4771 1410 4861 intelligenda
1427 4788 1496 4843 est:
1530 4770 1601 4843 Hie
1652 4787 1800 4844 testatur
1820 4797 1860 4843 ea
1884 4768 2061 4860 exhiberi,
2104 4789 2139 4846 et
2168 4776 2237 4846 lide
2268 4801 2308 4846 ea
2338 4774 2449 4864 accipi
2472 4774 2596 4860 oportet,

620 4897 671 4954 est
685 4881 775 4952 calix
796 4878 881 4947 nori
897 4873 1136 4959 Testamenti,
1161 4873 1286 4954 idest,
1311 4875 1401 4944 ritus
1417 4887 1451 4944 et
1473 4875 1601 4966 pignus
1652 4898 1743 4968 quae
1765 4875 1894 4946 nititur
1914 4877 2025 4967 ipsius
2045 4877 2110 4946 filii
2127 4875 2196 4947 Dei
2218 4879 2411 4963 sacrificio,
2449 4895 2518 4943 non
2539 4863 2597 4936 ullis

621 5007 682 5054 seu
696 4980 851 5072 sigillum
866 4977 952 5048 novi
963 4975 1191 5046 Testamenti.
1229 4971 1320 5044 Nam
1331 4972 1599 5048 Testamentum
1652 4978 1782 5049 nostris
1805 4977 1952 5049 meritis.

621 5081 866 5177 principaliter
887 5092 920 5150 et
939 5077 1083 5171 proprie
1106 5075 1277 5166 significat
1307 5077 1419 5166 ipsam
1446 5068 1607 5171 promis?
1753 5077 1851 5148 Haec
1872 5076 2086 5171 amplissima
2114 5081 2274 5168 doctrina
2300 5073 2541 5169 comprehensa
2561 5075 2595 5134 etl

622 5188 757 5257 sionem
781 5179 998 5253 remissionis
1020 5192 1263 5271 peccatorum,
1295 5176 1450 5269 Spiritus
1474 5181 1597 5266 saneti,
1651 5181 1689 5250 in
1716 5176 1783 5251 hac
1806 5180 2044 5272 appellatione
2065 5183 2153 5252 novi
2179 5181 2420 5264 Testamenti,
2443 5198 2538 5271 quam
2556 5163 2595 5235 bic

621 5287 799 5366 iustitiae,
825 5297 859 5356 et
880 5283 971 5354 vitae
990 5296 1163 5353 aeternae.
1215 5278 1358 5350 Deinde
1380 5275 1467 5352 haec
1489 5283 1599 5352 bene·
1649 5285 1824 5371 integram
1853 5283 2040 5373 complecti
2065 5307 2139 5353 non
2160 5307 2366 5376 possumus:
2389 5265 2594 5353 mntnmlbrt·

618 5391 697 5462 licia
716 5399 799 5459 sunt
812 5409 870 5456 res
883 5387 1035 5455 donatae
1048 5377 1116 5451 hoe
1129 5379 1377 5464 Testamento,
1401 5381 1441 5450 id
1456 5396 1518 5469 est,
1532 5379 1598 5453 bac
1650 5383 1742 5453 viter
1758 5386 1953 5465 admoneo,
1979 5378 2086 5454 huius
2104 5387 2289 5456 doctrinae
2308 5385 2426 5456 fontes
2446 5375 2593 5470 nquit&
2622 5410 2623 5437 t

618 5488 872 5566 Promissione.
921 5482 970 5556 Ει
996 5485 1167 5554 accedunt
1207 5482 1343 5550 externi
1383 5483 1494 5570 ritus,
1535 5486 1596 5575 qui
1649 5485 1714 5555 dos
1733 5508 1825 5568 esse,
1851 5487 1991 5576 quoties
2006 5486 2052 5554 de
2067 5511 2176 5557 coena
2191 5486 2340 5558 Domini
2359 5477 2593 5573 cogitarant

619 5608 704 5665 snut
726 5587 833 5661 buius
851 5585 1100 5680 promissionis
1129 5583 1227 5672 sigua
1253 5595 1288 5651 ει
1319 5581 1484 5672 pignora:
1525 5583 1595 5655 Ba·
1648 5587 1787 5679 quoties
1808 5587 1852 5655 ad
1880 5609 1956 5656 cam
1977 5587 2187 5662 accedimus.

615 5697 766 5782 ptismus
780 5705 815 5762 et
832 5688 951 5761 Coena
960 5683 1119 5756 Domini.
1172 5681 1259 5752 ldeo
1274 5679 1476 5758 Matthaeus
1490 5689 1595 5760 dixit:
1667 5745 1671 5754 .
1748 5687 1938 5759 Manifesta
1980 5689 2146 5760 refutatio
2181 5703 2233 5762 est
2265 5683 2537 5762 sacrificulorum
2557 5677 2589 5786 fl

612 5794 683 5867 Hic
704 5808 757 5864 est
771 5791 913 5881 sanguis
935 5808 1035 5860 meus
1055 5783 1140 5858 novi
1162 5781 1391 5861 Testamenti.
1647 5785 1975 5883 Anabaptistarum.
2025 5787 2120 5862 Cum
2149 5792 2195 5863 sit
2222 5792 2315 5864 ritus
2338 5809 2450 5862 novae
2468 5789 2588 5875 prom*

653 2686 759 2761 Nune
774 2682 882 2753 verba
900 2676 1173 2750 consideremus.

611 3907 794 4005 Totirord
809 3905 986 4002 ποτήριον
1004 3901 1026 4001 ἡ
1044 3900 1153 4000 καινὴ
1178 3900 1344 4002 διαθήκη
1365 3901 1476 3980 ἐστὶν.
1526 3903 1601 3976 Ηίε

615 4026 667 4091 est
689 4009 829 4095 Colias,
855 4009 923 4108 qui
937 4017 988 4079 est
1010 4031 1142 4126 novum
1158 4001 1433 4079 Testamentum
1456 4005 1497 4077 in
1522 4030 1601 4078 meo

995 4131 1189 4202 sanguine.
