5825 6950
1166 713 1288 789 PHlL.
1316 710 1432 788 MEL.
1460 711 1673 788 sculpta
1698 710 2000 790 EXEGETICA.
2103 758 2107 767 ·
2562 709 2617 786 44

562 738 617 812 lb

566 915 693 995 idest,
716 900 892 976 iudicium
908 921 949 967 ac
962 912 1107 964 sensum
1125 891 1198 960 irae
1214 887 1280 958 Dei
1295 888 1465 958 adversus
1479 909 1581 979 pec-·
1613 892 1692 962 foro
1723 890 1904 962 dicuntur.
1974 883 2071 957 Haec
2093 886 2300 976 imaginatio
2326 888 2435 958 nimis
2460 889 2618 978 prolana

567 1027 706 1091 catum,
738 1007 777 1076 in
807 1028 880 1098 qtto
909 998 973 1070 alii
997 1007 1273 1072 convertuntur,
1308 1003 1342 1062 ct
1362 990 1433 1060 fide
1454 990 1560 1060 erecti
1614 1007 1676 1068 aar,
1727 991 1797 1065 sad
1823 991 2006 1062 sciendum
2032 1002 2084 1058 ρει
2107 1013 2163 1058 m
2184 1013 2345 1078 magnas,
2372 1005 2405 1062 a
2426 993 2469 1060 ad
2495 991 2616 1062 vitam

568 1119 771 1194 salvantur,
803 1107 866 1177 alii
891 1101 1146 1196 opprimuntur
1170 1109 1311 1163 aeterna
1335 1107 1461 1169 morte.
1515 1089 1562 1162 Et
1614 1112 1792 1168 aeternam
1817 1095 2035 1186 pertinentes
2058 1093 2095 1160 in
2112 1087 2268 1162 Eechsia
2292 1094 2378 1182 geri.
2429 1091 2619 1165 Deasvo-

569 1219 657 1291 ΜΕ
680 1217 988 1304 smnilst‘woem
1007 1215 1187 1272 mimam
1206 1197 1472 1279 minissfflffl'fl,
1500 1198 1558 1265 sed
1615 1200 1681 1270 luit
1711 1223 1775 1290 per
1801 1195 1947 1267 loannis
1969 1196 2176 1265 concionem
2202 1211 2399 1265 monstrare
2423 1196 2619 1282 Messinm,

570 1339 690 1397 '⁸¹⁰⁸‘
717 1316 808 1388 Μ
831 1307 990 1402 P⁰¹⁰¹¹¹ii
1013 1301 1183 1386 M⁰⁵⁵i²¹⁰2
1216 1300 1278 1394 ‘1¹¹5
1305 1301 1365 1370 ‘¹²¹
1386 1297 1560 1390 Spiritum
1614 1305 1713 1374 etde
1736 1325 1777 1371 eo
1801 1298 2002 1371 testimonia
2028 1301 2187 1381 tradere,
2213 1299 2326 1368 voluit
2343 1313 2376 1368 et
2392 1323 2516 1370 rtrrsus
2533 1301 2619 1369 col-

570 1437 752 1504 sanctum,
787 1437 861 1485 non
889 1412 981 1483 liunt
1011 1406 1169 1500 potentia
1201 1416 1418 1474 caeterorum
1452 1401 1561 1473 mini.
1614 1405 1721 1495 ligere
1742 1403 1899 1495 aliq-uam
1925 1397 2138 1483 Ecclesiam,
2166 1399 2470 1475 revocabamus
2495 1403 2527 1471 ei
2548 1405 2617 1471 vi-

571 1543 741 1601 strorum.
799 1517 873 1588 Nus
903 1537 987 1584 vero
1012 1507 1139 1582 caeteri
1161 1505 1317 1574 ministri
1343 1505 1561 1595 baptizamus
1613 1523 1684 1577 tam
1709 1521 1886 1583 aeternam
1911 1503 2096 1594 impertiri.
2165 1501 2261 1574 Haec
2282 1504 2477 1595 plurimum
2502 1506 2620 1576 dille.

570 1654 662 1725 aqua
691 1627 739 1696 ad
768 1616 1040 1715 poenitentiam,
1079 1612 1116 1680 id
1148 1621 1219 1691 est,
1252 1631 1372 1678 snmus
1404 1606 1560 1676 ministri
1614 1625 1699 1680 mat
1719 1633 1738 1678 a
1759 1609 1965 1678 forensibus
1985 1606 2218 1686 testimoniis,
2244 1621 2277 1676 at
2296 1603 2415 1677 dabis
2433 1608 2616 1680 mirandis

572 1732 669 1804 vocis
693 1722 902 1818 Evangelii,
935 1731 967 1788 et
994 1711 1212 1788 sacramenti
1236 1734 1297 1782 seu
1321 1710 1431 1803 signi,
1466 1709 1559 1804 quod
1614 1713 1779 1804 operibus
1800 1707 1867 1780 Dei
1892 1711 1931 1778 in
1947 1703 2103 1778 Ecclesia
2128 1710 2233 1798 longe
2255 1709 2357 1778 aliter
2378 1712 2615 1782 ,capiendum

572 1849 625 1906 est
643 1828 905 1906 testimonium,
933 1845 1002 1912 quo
1019 1815 1116 1888 Deus
1134 1807 1562 1904 significathvnchuma-
1610 1830 1683 1901 εει,
1716 1839 1821 1907 quam
1852 1815 1896 1882 de
1926 1811 2085 1900 negociis
2113 1811 2284 1902 profanis.
2344 1809 2426 1880 Dixi
2451 1815 2615 1887 breviter

450 1978 454 1987 ·
572 1962 655 2008 nam
678 1945 841 2002 naturam
865 1948 928 2017 per
947 1919 1181 2008 Evarrgelinm
1204 1915 1314 2005 mergi
1337 1917 1375 1984 in
1400 1929 1561 2005 mortem,
1613 1921 1658 1988 de
1679 1917 1888 2012 quaestione
1912 1914 2114 1996 communi,
2141 1916 2185 1984 de
2201 1937 2272 2004 qua
2288 1913 2326 1982 in
2342 1911 2377 1986 4.
2398 1916 2490 1986 libro
2508 1917 2615 1988 laura-

571 2065 613 2110 ac
633 2034 850 2128 agnitionem
872 2025 1021 2120 peccati,
1054 2035 1090 2092 et
1110 2019 1227 2102 ablui,
1259 2045 1299 2087 ac
1320 2019 1446 2087 donari
1472 2041 1561 2087 nova
1614 2021 1762 2109 gabardi
1792 2020 1963 2112 quaedam
1995 2015 2149 2086 absunle
2177 2017 2368 2102 dicuntur,
2402 2019 2447 2088 de
2477 2021 2614 2112 quita„

570 2141 711 2212 iusticia
735 2150 771 2204 et
793 2133 879 2202 vita.
931 2126 1034 2200 Unus
1056 2139 1107 2193 est
1124 2121 1272 2192 Messias
1289 2123 1392 2191 dator
1407 2120 1562 2210 Spiritus
1613 2149 1688 2194 non
1713 2122 1857 2192 difficile
1880 2121 2130 2199 vst'iudicare,
2163 2119 2375 2207 intelligenti
2400 2122 2474 2190 vim
2497 2127 2614 2194 mini-

571 2243 703 2326 sancti‚
743 2231 966 2307 accendentis
997 2229 1114 2317 ignem
1147 2226 1186 2293 in
1219 2225 1387 2322 cordibus
1418 2223 1561 2308 nostris,
1615 2227 1711 2297 starii
1735 2221 1942 2314 Evangelii,
1967 2225 2026 2290 sed
2056 2243 2183 2312 pergo,
2211 2223 2307 2314 quod
2331 2223 2367 2292 in
2393 2237 2490 2294 textu
2513 2229 2611 2298 dici·-

570 2349 705 2428 idest,
739 2333 957 2410 ostendentis
979 2331 1068 2404 iram
1092 2327 1159 2401 Dei
1179 2330 1347 2397 adversus
1370 2339 1563 2416 peccatum,
1617 2346 1692 2401 tur:
1721 2326 1914 2426 Qniprior
1937 2339 2078 2395 maest.
2133 2323 2353 2414 interpretor
2375 2341 2413 2396 ut
2436 2335 2611 2420 saprade

571 2475 610 2520 ac
634 2467 757 2533 rarrsus
780 2443 817 2509 in
842 2436 1084 2508 consolatione
1103 2429 1276 2501 incoantis
1291 2451 1419 2500 novam
1435 2443 1469 2498 et
1483 2452 1562 2521 per·
1618 2433 1829 2525 praestantia
1853 2428 2048 2500 vocationis
2073 2440 2106 2497 et
2133 2427 2308 2516 potentia,
2342 2429 2443 2518 prior
2464 2457 2520 2500 me
2544 2451 2610 2520 est,

573 2567 715 2647 petuam
739 2543 914 2614 iusticiam
940 2537 1124 2608 acvitam.
1188 2532 1256 2604 seu
1282 2527 1368 2600 haec
1390 2531 1479 2601 liunt
1502 2555 1565 2624 per
1617 2537 1653 2606 id
1671 2548 1741 2613 est,
1767 2534 1948 2605 antecellit
1963 2553 2019 2598 me
2036 2530 2220 2600 vocatione
2237 2542 2271 2599 et
2286 2534 2454 2618 potentia.
2489 2535 2605 2606 ‘Mes-

571 2677 694 2723 v⁰⁰²¹¹¹
729 2661 927 2724 externam,
970 2663 1059 2734 quae
1097 2649 1202 2707 tonat
1235 2659 1296 2725 per
1325 2634 1563 2704 ministerium
1618 2640 1683 2708 sias
1712 2639 1869 2729 primum
1899 2647 2044 2704 vocatus
2072 2645 2142 2714 est,
2175 2647 2210 2701 et
2238 2634 2412 2704 antecellit
2434 2639 2602 2708 ominibus

572 2754 739 2832 loannis,
771 2745 1044 2836 ᾹΡΟΞΙΟῙΟΝΠῙ,
1076 2739 1292 2808 thmnitlffl
1319 2750 1411 2806 recle
1433 2739 1564 2814 docen-
1618 2739 1794 2833 potentia,
1836 2741 1922 2830 quia
1951 2737 2026 2827 ipse
2056 2748 2107 2805 est
2136 2737 2332 2819 redemtor,
2366 2737 2535 2822 salvatur,
2571 2757 2608 2813 et

572 2859 662 2930 tium
685 2855 724 2922 in
740 2849 909 2922 Ecclesia.
963 2841 1012 2915 Ut
1033 2843 1126 2912 enim
1147 2840 1297 2910 loannes
1320 2863 1418 2908 suam
1443 2859 1563 2931 perso·
1617 2846 1719 2914 dator
1736 2841 1892 2934 Spiritus
1907 2839 2037 2922 sancti,
2065 2849 2099 2907 et
2117 2861 2229 2906 novae
2245 2861 2284 2906 ac
2299 2853 2485 2930 perpetuae
2501 2842 2610 2912 iusti-

571 2947 1043 3030 namdiscernitablessia,
1071 2941 1563 3018 sicabnnoMessiadiscer-
1618 2948 1761 3017 elaeae
1793 2946 1897 3014 vitae.
1956 2940 2063 3028 Qarod
2095 2940 2256 3009 additur:
2289 2938 2402 3010 Cuius
2432 2965 2504 3012 non
2529 2967 2609 3014 sum

570 3064 629 3134 nit
656 3082 780 3131 omnes
806 3055 989 3124 ministros
1012 3049 1107 3118 vocis
1131 3045 1369 3136 evangelicae,
1408 3041 1564 3139 Aposto-
1618 3051 1748 3140 dignus
1762 3048 1898 3118 salvere
1913 3047 2030 3114 larum
2047 3043 2292 3125 calceamenti,
2319 3043 2429 3131 ligura
2445 3059 2513 3126 est,
2540 3073 2610 3140 qna

570 3155 1153 3235 10139ῑθθῑθῑθῧῐθῑῐθᾶοῑθῦῑθὸ·
1622 3151 1770 3221 loannes
1801 3149 1975 3240 significat
2005 3170 2042 3215 se
2071 3169 2142 3214 non
2177 3167 2250 3215 csse
2275 3147 2443 3235 dignum,
2477 3151 2539 3240 qni
2563 3152 2609 3222 ,it

1618 3254 1714 3325 illius
1746 3254 1924 3336 minister3
1959 3263 1994 3320 et
2022 3248 2150 3318 usitate
2179 3249 2304 3338 pedes,
2338 3247 2464 3340 calcei,
2498 3252 2609 3341 signi.

1617 3358 1723 3444 ficant
1754 3357 1926 3443 nuncios,
1976 3346 2044 3421 hoc
2077 3365 2146 3434 est,
2188 3346 2375 3436 Evangelii
2405 3376 2612 3444 praecones.

1618 3459 1800 3549 Significat
1820 3458 1928 3548 igitur
1945 3481 1980 3525 se
1997 3478 2070 3524 non
2089 3465 2162 3523 esse
2178 3454 2325 3542 dignum
2342 3450 2409 3524 lroc
2427 3468 2528 3529 tento
2543 3461 2615 3529 mi.

674 3312 745 3384 Hic
767 3307 890 3404 quaeri
913 3306 1021 3388 solet,
1057 3303 1145 3395 quid
1170 3300 1308 3372 intersit
1333 3301 1425 3369 inter
1448 3298 1565 3388 bapti-

573 3443 689 3492 smum
722 3412 866 3485 loannis
898 3424 933 3481 et
961 3406 1240 3497 Apostolorum,
1275 3419 1309 3476 ει
1340 3404 1563 3495 sequentium

571 3510 1027 3600 ministrorumEvangelii.
1079 3507 1160 3579 Non
1176 3522 1229 3577 est
1243 3504 1401 3575 difficilis
1417 3529 1565 3594 respun-

573 3630 628 3697 sio
651 3624 758 3694 uobis
779 3599 1245 3705 intelligentitas‘otfictum
1270 3607 1426 3679 loannis.
1495 3605 1565 3676 Ve-

536 3740 539 3749 '
575 3750 657 3801 rum
681 3740 752 3803 est,
778 3719 1048 3791 discernendam
1073 3736 1146 3782 esse
1170 3732 1358 3802 personam
1376 3708 1565 3779 Messiaaa

573 3828 768 3910 ministris,
792 3838 831 3895 ut
854 3823 924 3891 iam
945 3820 1166 3897 dictumest,
1193 3828 1311 3884 tamen
1328 3813 1564 3883 ministerium

575 3932 722 4005 loannis
745 3942 779 3998 et
801 3922 1025 4019 sequentium
1048 3922 1236 3989 doctorum
1254 3915 1336 3985 novi
1355 3915 1566 3999 testamenti,

575 4032 870 4127 significationem
887 4039 922 4095 et
938 4025 1101 4093 effectum
1117 4021 1269 4089 errardem
1288 4012 1406 4087 habet.
1461 4016 1566 4087 loan-

572 4162 638 4209 nes
666 4136 763 4205 eninr
797 4144 848 4200 est
877 4130 1039 4197 iocuator
1069 4122 1344 4215 praedicationis
1368 4120 1564 4211 Evangelii.

576 4240 654 4313 Sub
675 4237 817 4306 initium
842 4232 927 4301 novi
954 4226 1154 4301 testamenti
1172 4224 1291 4295 audita
1309 4248 1393 4291 voce
1410 4220 1566 4307 loannis,

576 4351 764 4413 senserunt
786 4334 886 4405 electi
905 4332 995 4403 iram
1014 4329 1081 4401 Dei
1104 4328 1271 4397 adversus
1296 4341 1475 4415 peccatum
1486 4378 1498 4411 ‚
1526 4350 1566 4395 ac

575 4452 812 4537 expaverunt,
838 4449 874 4507 et
893 4456 1014 4505 rursus
1037 4431 1217 4501 credentes
1239 4430 1318 4499 voci
1342 4429 1567 4513 monstranti,

576 4553 787 4635 aeceperunt
818 4536 1061 4607 remissionem
1092 4546 1334 4623 peccatorum,
1367 4538 1402 4603 et
1428 4532 1564 4605 incoata

577 4664 630 4719 εει
650 4649 689 4717 in
708 4647 759 4713 eis
780 4664 874 4711 nova
890 4652 926 4709 ει
940 4649 1107 4729 perpetua
1124 4633 1274 4707 iusticia.
1324 4630 1461 4703 Eadem
1478 4634 1568 4704 fiunt

577 4754 615 4821 in
638 4748 810 4819 concione
826 4740 1103 4834 Apostolorum,
1130 4751 1166 4810 et
1188 4737 1431 4827 sequentium,
1454 4760 1566 4830 usque

576 4856 621 4926 ad
646 4855 751 4921 finem
775 4845 915 4916 muudi.
966 4840 1052 4910 ldeo
1075 4842 1113 4909 in
1132 4838 1227 4910 Luca
1243 4839 1392 4909 dicitur:
1419 4837 1568 4909 Praedi-

576 4977 661 5027 cans
684 4952 898 5042 baptismum
918 4943 1137 5035 poenitentia
1158 4942 1202 5010 ad
1227 4941 1468 5011 remissionem
1485 4966 1567 5034 pec-

576 5070 756 5137 catorum,
790 5047 892 5143 quasi
918 5047 1029 5116 dicat:
1064 5042 1209 5115 loannis
1237 5045 1361 5113 concio
1393 5068 1469 5114 non
1493 5057 1568 5115 erat

575 5159 693 5231 inanis
723 5155 879 5231 sonitus,
914 5148 974 5218 sed
999 5146 1096 5216 Deus
1127 5145 1240 5220 voluit
1269 5170 1341 5214 esse
1365 5146 1484 5215 efficax
1507 5172 1568 5238 per

576 5284 699 5333 vocem
718 5254 878 5337 loannis,
903 5274 1009 5346 quem
1026 5250 1140 5317 voluit
1156 5271 1229 5317 esse
1246 5260 1366 5319 testem
1382 5247 1566 5321 deMessia

578 5379 662 5435 nato
677 5374 711 5431 et
726 5361 941 5461 incoatorem
959 5350 1232 5445 praedicationis
1248 5346 1446 5440 Evangelii.

679 5512 794 5585 Paulo
814 5508 918 5578 aliter
939 5504 1159 5597 scripserunt
1172 5504 1218 5573 de
1234 5504 1441 5574 discrimine
1459 5506 1567 5575 mini-

577 5620 676 5692 sterii
693 5613 840 5686 loannis
856 5626 890 5679 et
904 5607 1158 5698 Apostolorum
1169 5604 1427 5695 Langobardos
1443 5624 1477 5679 et
1493 5612 1568 5679 eins

1619 3562 1766 3632 nisterin
1782 3558 1986 3650 Evangelii,
2017 3559 2111 3651 qarod
2128 3558 2191 3625 etsi
2210 3570 2366 3647 spretum
2383 3560 2483 3628 estin
2503 3588 2616 3633 natan-

1620 3670 1684 3745 do,
1720 3678 1837 3733 tamen
1864 3666 1977 3752 reipsa
1999 3661 2099 3729 nulla
2122 3660 2257 3730 lunctiu
2283 3661 2397 3730 maior
2420 3677 2481 3733 est.
2537 3663 2618 3738 Nec

1619 3767 1823 3837 dubitemus
1845 3766 1961 3835 Deum
1986 3766 2105 3832 adesse
2129 3758 2211 3832 huic
2235 3757 2430 3845 faramunt,
2463 3790 2619 3863 eamque

1619 3869 1831 3940 mirabiliter
1865 3870 2085 3957 gubernare,
2127 3878 2161 3933 et
2198 3866 2365 3933 adversus
2402 3868 2538 3936 diaboli
2584 3890 2621 3945 et

1619 3974 1744 4042 mundi
1765 3972 1846 4041 odia
1865 3970 1968 4041 tueri.
2018 3966 2135 4037 Multa
2154 3960 2220 4035 boc
2239 3966 2317 4036 loco
2334 3969 2488 4039 breviter
2503 3969 2622 4045 loon.

1619 4078 1740 4143 narde
1758 4074 2002 4163 magnitudine
2017 4069 2206 4139 ministerii
2225 4070 2416 4157 significat,
2442 4096 2533 4165 quae
2551 4080 2621 4169 pio

1619 4179 1742 4247 lectori
1776 4177 1961 4265 cogitanda
1994 4187 2088 4243 siant.
2140 4170 2229 4241 Nam
2262 4172 2404 4245 recitate
2426 4178 2547 4247 omnia
2579 4182 2621 4253 in

1620 4280 1865 4363 enarratione,
1891 4278 1998 4345 nimis
2012 4278 2157 4363 longum
2175 4288 2275 4345 osset.
2377 4279 2379 4289 ’

1725 4380 1764 4451 lo
1786 4382 1856 4449 fine
1882 4380 1948 4449 loci
1972 4380 2106 4447 mentio
2129 4377 2185 4461 lit,
2211 4377 2275 4445 ubi
2297 4372 2382 4447 baec
2405 4382 2623 4467 gravissima

1619 4484 1813 4575 disputatio
1847 4508 1927 4552 cum
1958 4481 2080 4566 legatis
2113 4475 2231 4549 habita
2266 4495 2329 4553 est.
2392 4478 2489 4553 Haec
2520 4488 2622 4560 lacta

1619 4603 1721 4671 sunt,
1754 4585 1889 4679 iuquit,
1923 4582 1960 4652 in
1985 4580 2206 4665 Bethabara,
2239 4606 2313 4651 non
2338 4584 2497 4674 displicet
2525 4615 2623 4661 con-

1620 4693 1752 4762 iectura
1775 4712 1921 4777 eorum,
1948 4687 2008 4779 qui
2035 4698 2161 4776 putant
2183 4684 2369 4774 legendum
2391 4686 2625 4765 esseBetba.

1619 4795 1724 4872 raba,
1750 4792 1786 4861 id
1808 4806 1879 4875 est,
1902 4792 2030 4859 dumus
2052 4787 2202 4871 deserti,
2229 4790 2323 4880 quod
2345 4790 2487 4861 videtur
2502 4793 2626 4868 scrisse

1621 4919 1750 4965 nomen
1777 4893 1926 4963 alicuius
1957 4890 2025 4959 vici
2050 4890 2087 4959 iu
2111 4892 2269 4974 deserto,
2302 4904 2336 4959 et
2359 4892 2454 4963 idem
2477 4920 2625 4973 numen

1620 4997 1690 5069 loci
1712 5012 1764 5069 est
1786 4998 1824 5065 in
1842 4990 1991 5065 historia
2010 4990 2134 5062 iosuae
2151 5016 2225 5083 cap.
2246 4988 2304 5065 15.
2347 4993 2531 5083 Significat
2549 5028 2626 5075 au.

1621 5116 1691 5172 tem
1718 5100 1824 5193 quale
1840 5096 1985 5167 loannis
2004 5096 2226 5164 domicilium
2243 5098 2370 5180 suerit,
2395 5112 2429 5168 et
2443 5102 2629 5180 admonet

1620 5200 1813 5274 Ecclesiam
1836 5215 1869 5269 et
1886 5201 1963 5291 pius
1977 5200 2139 5267 ductores
2157 5191 2286 5268 babere
2304 5194 2457 5293 hospitia
2472 5208 2630 5295 qrtalia.

1621 5330 1760 5399 cunque
1782 5304 1820 5373 in
1844 5304 1998 5383 deserto,
2024 5309 2057 5369 et
2081 5301 2214 5393 perpeti
2243 5302 2366 5385 exilia,
2390 5328 2464 5373 nun
2490 5320 2629 5385 tenere

1621 5409 1733 5498 regias
1756 5408 1853 5477 sedes
1878 5418 1935 5472 aut
1963 5426 2057 5494 opes.
2111 5400 2183 5491 Qui
2207 5403 2362 5475 retinent
2386 5408 2534 5479 alteram
2565 5417 2627 5487 le.

1621 5511 1794 5590 ctionem,
1819 5502 2040 5589 Bethabara,
2067 5504 2192 5575 dicunt
2214 5506 2405 5593 significari
2421 5514 2630 5591 transitum

1623 5638 1684 5684 seu
1710 5613 1914 5691 traiectum,
1940 5604 2009 5678 boc
2025 5608 2120 5678 enim
2135 5622 2239 5678 sonat
2254 5612 2465 5683 vocabulum
2481 5614 2634 5711 Abora,

578 5728 809 5813 interpretes,
834 5714 895 5783 sed
920 5709 1096 5781 sententia
1118 5732 1225 5801 quarn
1242 5710 1467 5781 recitavimus
1486 5737 1567 5782 vera
1624 5718 1719 5809 quod
1746 5714 1895 5783 loannes
1925 5711 1987 5781 tali
2017 5712 2095 5782 locu
2112 5712 2167 5779 ‘ad
2200 5709 2385 5783 lordanem
2415 5716 2634 5809 baptizarit,

578 5839 641 5897 est.
693 5818 765 5890 Nec
788 5814 1054 5903 imaginandum
1078 5826 1147 5890 εει,
1176 5808 1321 5882 loannis
1343 5838 1466 5881 vocem
1490 5830 1568 5884 tan.
1622 5818 1685 5888 nbi
1707 5842 1788 5888 cum
1810 5836 1883 5884 esse
1906 5814 2092 5900 traiectus,
2119 5814 2280 5907 quotidie
2305 5818 2495 5889 convenire
2518 5829 2633 5902 soliti

575 5941 653 5997 tum
674 5922 783 5995 luisse
807 5915 1052 5989 testimonium
1075 5909 1366 5998 humamanam,
1394 5918 1513 6007 qualia
1530 5918 1568 5987 in
1622 5922 1694 5994 sint
1709 5920 1832 6005 multi,
1858 5918 1918 6011 qui
1938 5940 2001 6009 per
2016 5918 2146 5987 flumen
2166 5912 2345 5989 transvehi
2364 5920 2511 6010 vellent,
2538 5944 2617 6004 erc,
