5825 6950
345 685 428 760 538
670 685 771 760 xttt.
796 687 856 796 J·
888 679 1256 763 commutata
1283 683 1336 761 lli
1361 681 1519 760 Ertst’.
1546 683 1695 765 PAULI
1721 687 1789 768 AD
1815 696 2083 787 ttotttttos
2315 725 2390 806 634

340 861 456 930 „hm
494 858 664 956 pleraque
696 857 918 958 corporatis,
958 857 1004 929 ad
1036 859 1343 933 conservationem
1401 855 1556 930 discerni
1573 878 1732 954 peccata,
1757 890 1804 940 ne
1827 873 1907 966 quis
1931 891 2029 968 putet
2049 885 2223 963 adulteria
2241 899 2392 971 etsimi-

341 961 546 1043 Ecclesiae‚
572 963 687 1034 etalii
710 963 792 1033 aliis
811 960 1021 1032 muneribus
1039 959 1275 1046 omatisuot.
1302 978 1343 1037 ot
1399 961 1597 1055 lisiiagitia
1614 989 1694 1037 cnm
1710 971 1780 1042 fide
1792 977 1939 1048 existere
1955 982 2067 1074 posse.¹
2120 987 2386 1074 Dixiaotemin

340 1063 425 1134 Deo
449 1063 565 1136 visum
585 1065 664 1141 seit,
729 1062 882 1137 Paulum
905 1065 1079 1158 tantisper
1099 1082 1217 1140 servat
1238 1068 1342 1138 ineo.
1397 1065 1486 1136 locis
1509 1072 1784 1161 communibus,
1826 1079 2009 1174 aliquanto
2038 1092 2212 1181 prolixius
2245 1103 2291 1171 de
2314 1108 2388 1176 dis-

339 1168 500 1252 iomem‚
531 1168 617 1238 dum
644 1167 721 1239 vult
744 1187 824 1238 cusu
846 1167 959 1257 longi
976 1168 1194 1256 ministerio,
1227 1183 1262 1242 et
1283 1170 1342 1240 in.
1393 1169 1548 1240 erimine
1579 1176 1713 1264 peccati
1741 1181 1902 1252 mortalis
1925 1199 1960 1257 et
1983 1192 2144 1270 venialis.
2218 1199 2303 1276 Ideo
2326 1202 2385 1280 hic

341 1283 444 1342 terea
461 1283 561 1340 curat
575 1271 608 1340 ei
625 1265 784 1362 hospicia
800 1283 835 1342 et
857 1283 993 1341 caetera
1024 1271 1119 1343 vitae
1142 1276 1338 1348 commoda.
1392 1273 1517 1362 paucis
1540 1273 1740 1348 admonebo
1763 1280 1941 1362 lectorem.
1993 1288 2085 1364 Cum
2110 1298 2180 1370 fide
2204 1302 2382 1382 iustificati

337 1371 404 1444 sic
420 1386 453 1443 gg
469 1369 603 1443 paulu.
620 1375 665 1444 ad
684 1370 890 1446 Corinthios
912 1374 957 1442 de
977 1372 1178 1466 pestilentia
1199 1375 1336 1462 scribit,
1391 1395 1534 1460 sumus,
1561 1377 1661 1472 sequi
1677 1382 1780 1451 debet
1797 1383 1834 1453 in
1856 1389 1989 1461 renatis
2005 1394 2144 1470 iusticia
2165 1403 2280 1478 bonae
2296 1433 2382 1482 ron-

336 1475 506 1565 castigari
528 1497 589 1546 eos
613 1497 654 1546 ea
675 1498 790 1568 poena
814 1487 961 1568 propter
982 1475 1072 1546 vitia·
1097 1497 1175 1546 sua:
1208 1475 1236 1546 si
1255 1500 1338 1568 age·
1390 1475 1571 1548 scientiae.
1623 1477 1729 1551 Hunc
1752 1489 1901 1574 gradum
1924 1509 2043 1583 aperte
2067 1513 2101 1571 et
2124 1526 2226 1599 saepe
2247 1515 2381 1584 eonsti-

336 1591 422 1648 rent
440 1577 698 1669 poenitentiam
718 1600 852 1671 poenas
874 1592 1068 1649 cessaturas
1089 1601 1176 1650 esac.
1236 1577 1339 1653 Sicut
1389 1579 1459 1648 tuit
1481 1581 1644 1652 doctrina
1660 1579 1812 1674 Christi,
1844 1605 1886 1663 ut
1912 1595 1944 1667 l.
1964 1595 2124 1675 Timotb.
2143 1606 2194 1680 1.:
2229 1610 2379 1690 Summa

333 1699 372 1750 es
388 1673 584 1751 Zacharias
597 1680 736 1775 iuquit:
763 1676 1026 1752 convertimini
1040 1682 1085 1750 ad
1110 1703 1185 1765 me,
1212 1693 1247 1752 et
1272 1705 1336 1772 ego
1388 1682 1547 1752 mandati
1564 1697 1631 1769 est,
1656 1686 1800 1760 dilectio
1823 1713 1864 1763 ex
1881 1698 1988 1768 corde
2002 1723 2115 1792 puro,
2144 1724 2179 1782 et
2195 1717 2378 1788 conscien-
2518 1725 2521 1735 '

334 1796 529 1853 convertar
544 1783 590 1852 ad
606 1807 687 1871 vos,
713 1782 839 1868 idest,
863 1782 1034 1872 mitigabo
1055 1781 1273 1854 calamitates
1295 1807 1336 1856 sc
1372 1783 1435 1852 -tia
1453 1785 1568 1870 bona,
1595 1799 1629 1856 et
1645 1787 1712 1860 fide
1729 1815 1802 1862 nou
1818 1794 1911 1870 ficta.
1970 1796 2018 1875 Et
2034 1828 2157 1880 rursus
2173 1818 2296 1887 eodem
2317 1845 2378 1890 ca·

334 1907 490 1978 poenas,
511 1886 541 1954 si
559 1885 668 1976 agetis
681 1884 953 1978 poeniteutiam.
1010 1883 1236 1957 Necdeuuo
1253 1897 1335 1958 tan·
1384 1884 1475 1975 pit'c:
1515 1883 1654 1960 Milites
1677 1891 1808 1963 bonam
1831 1898 2016 1987 militiam,
2049 1902 2184 1986 babens
2210 1913 2317 1990 fidem
2341 1937 2375 1996 et
2405 1909 2442 1949 ‘¹

334 2005 414 2059 enm
440 2009 549 2077 opere
574 1988 755 2082 loquitur,
789 1987 849 2057 sed
874 1989 919 2056 de
942 2009 1025 2058 vera
1043 1987 1276 2060 conversione
1298 2003 1334 2062 et
1386 1987 1519 2057 bonam
1537 1991 1799 2071 conscientiam.
1850 1994 1899 2071 Et
1918 2005 1943 2073 2
1963 2005 2126 2086 Corinth.
2147 2017 2196 2087 l.:
2228 2018 2375 2094 Gloria·

334 2089 527 2163 fructibus.
578 2085 634 2160 Es
658 2085 715 2159 bis
741 2089 827 2159 satis
845 2087 996 2178 intelligi
1020 2102 1157 2182 potest,
1182 2102 1218 2161 et
1240 2115 1332 2185 quo·
1381 2089 1434 2159 tio
1449 2104 1571 2163 nostra
1589 2087 1676 2165 baec
1692 2112 1764 2183 est,
1790 2102 2035 2177 testimoninm
2049 2118 2284 2194 conscientiae
2303 2147 2371 2198 no·

333 2195 447 2262 modo
469 2190 608 2283 placeat
629 2193 769 2264 incocta
791 2191 1015 2278 obedientis,
1041 2206 1182 2286 atquae
1202 2186 1331 2266 babeat
1381 2203 1488 2267 strae.
1538 2193 1584 2266 Et
1603 2195 1635 2266 1.
1653 2195 1751 2272 ioan.
1771 2201 1826 2276 8.:
1864 2203 1904 2276 st
1928 2229 2166 2288 cornustrum
2184 2245 2261 2295 non
2284 2249 2373 2297 con·

334 2294 507 2388 praemia.
575 2291 780 2365 Accendere
800 2305 920 2366 autem
942 2291 1101 2364 studium
1131 2294 1223 2366 bene
1245 2319 1330 2389 ope-
1380 2289 1526 2366 damnat
1549 2319 1634 2380 noa,
1660 2301 1825 2374 fiduciam
1848 2300 2020 2382 habemus
2046 2318 2089 2387 ad
2106 2313 2242 2406 Deum,
2269 2328 2372 2403 docet

338 2395 440 2468 mgr
467 2395 579 2466 mute·
601 2397 751 2482 debent,
781 2397 989 2485 mandatum
1009 2390 1099 2488 Dei,
1124 2397 1210 2468 item
1231 2401 1327 2492 quod
1380 2396 1477 2464 enim
1494 2419 1569 2468 non
1590 2423 1692 2492 posse
1709 2403 1875 2478 invocare
1891 2407 2006 2483 Deum
2021 2415 2123 2507 istos,
2152 2423 2214 2518 qui
2237 2421 2371 2504 babent

342 2497 421 2570 fidas
452 2498 675 2588 extinguitur
694 2499 821 2569 amissa
845 2497 1075 2583 obedientia,
1115 2499 1203 2572 item
1229 2504 1326 2594 quod
1378 2499 1600 2590 propositum
1618 2505 1776 2576 violandi
1791 2512 2030 2586 mandataDei
2047 2535 2168 2596 contra
2185 2515 2369 2603 conscien-

338 2599 785 2692 pcaesentibusetaeternis
801 2599 927 2694 poeuis
942 2599 1205 2692 puniuntur,et
1219 2603 1328 2674 amis·
1377 2600 1477 2672 tiam.
1533 2599 1582 2676 Et
1596 2609 1632 2678 2.
1652 2605 1747 2680 Petri
1773 2609 1824 2681 las
1856 2609 1945 2685 Cum
1973 2621 2202 2699 modestiaet
2226 2631 2369 2724 timore,

333 2705 384 2774 sio
401 2703 510 2789 fidei,
536 2717 573 2774 et
593 2713 729 2775 caetera
747 2701 889 2775 delicta.
938 2700 1028 2773 item
1044 2726 1146 2796 saepe
1158 2705 1324 2778 caecitate
1376 2703 1630 2776 conscientiam
1648 2703 1818 2782 habentes
1832 2714 1976 2794 bonam.
2028 2720 2113 2798 ldeo
2137 2743 2171 2802 et
2193 2735 2236 2803 ad
2254 2731 2367 2808 Gala·

330 2821 364 2878 et
379 2804 534 2898 peccatis
548 2805 676 2876 delicta
691 2806 902 2898 puniuntur.
952 2802 1095 2878 Rursus
1111 2831 1186 2878 uon
1206 2808 1324 2878 solunt
1375 2815 1429 2876 tas
1442 2801 1479 2876 6.
1497 2807 1645 2879 dicitur:
1672 2809 1862 2886 Manifesta
1877 2835 1961 2890 sunt
1978 2845 2084 2914 opera
2100 2829 2235 2916 carnis,
2262 2839 2367 2910 adul-

329 2907 521 2999 pmmiwio
543 2905 673 2980 invite,
693 2909 737 2978 ad
764 2908 1001 2993 eredendum,
1028 2921 1063 2980 gg
1086 2910 1133 2979 „d
1159 2909 1321 2980 reginen.
1374 2905 1535 2990 terium,
1576 2913 1769 3006 scortatio,
1817 2917 2058 3012 impudicitia,
2102 2932 2269 3010 idolatria
2300 2955 2366 3014 etc.

278 3007 279 3014 ’
327 3013 410 3080 dam
426 3009 554 3095 tidem,
579 3009 764 3081 sedetiam
788 3012 997 3082 mandatum
1013 3009 1094 3086 Dei.
1144 3008 1323 3104 Praecipit
1373 3005 1449 3098 Qui
1471 3011 1555 3081 talia
1578 3013 1735 3107 faciunt,
1762 3039 1910 3108 regnum
1925 3019 1993 3096 Dei
2018 3051 2091 3100 non
2117 3037 2364 3126 possidebunt.

329 3110 426 3183 anim
450 3127 491 3184 nt
513 3114 701 3182 credamus
721 3112 808 3184 otio.
869 3110 1001 3184 lnvitet
1022 3113 1067 3182 ad
1091 3117 1322 3184 exercendam
1374 3107 1461 3181 ldeo
1483 3113 1579 3195 euim
1610 3130 1712 3188 vocat
1739 3121 1944 3207 manifesta,
1986 3131 2069 3223 quia
2092 3136 2180 3208 iacta
2207 3141 2363 3232 damnat,

328 3216 435 3286 Μαι,
454 3213 492 3282 g„
508 3213 813 3306 bonisoperibus,
838 3213 934 3309 quod
952 3213 1031 3284 siue
1053 3215 1229 3285 exercitiis
1245 3239 1322 3288 uon
1372 3235 1464 3306 quae
1506 3215 1656 3286 scientes
1695 3235 1817 3294 contra
1860 3230 2112 3304 conscientiam
2155 3241 2363 3320 admittunt.

326 3316 569 3407 mnitfides,
593 3330 634 3388 ut
647 3315 804 3389 ostendit
816 3315 1015 3386 similitudo
1028 3318 1072 3386 de
1087 3316 1233 3390 talento.
1271 3316 1321 3390 Et
1372 3312 1494 3403 Quare
1516 3329 1550 3387 et
1571 3315 1703 3426 lfaulus
1725 3319 1833 3400 Rom.
1854 3327 1891 3402 8.
1928 3331 2097 3408 disceruit
2122 3355 2278 3430 peccata:
2320 3347 2362 3420 Si

327 3419 529 3491 mmm
543 3415 781 3511 Memfim„
807 3416 961 3490 Dggoego
976 3431 1134 3489 merem„
1150 3440 1320 3508 augmen.
1370 3419 1565 3489 secundum
1582 3426 1723 3493 carnein
1741 3425 1918 3512 vixeritis,
1938 3436 2154 3512 moriemini.
2195 3441 2235 3518 Si
2251 3449 2361 3521 actio·

324 3538 401 3593 tum
415 3521 630 3607 dilectionis,
647 3544 725 3593 non
739 3522 835 3592 enim
849 3519 1320 3615 loquiturdeimputationa,
1371 3542 1434 3589 ues
1449 3520 1569 3592 carnis
1584 3526 1842 3601 mortificabitis
1859 3532 2005 3623 spiritu,
2028 3542 2164 3620 vivetis.
2213 3547 2360 3623 Suntin

324 3624 579 3697 gaddedonia.
615 3622 721 3695 Dona
735 3636 899 3695 crescunt
912 3646 999 3708 usu,
1017 3637 1052 3693 et
1066 3636 1248 3695 merentur
1260 3624 1318 3695 io-
1370 3623 1501 3693 sanctis
1523 3624 1679 3697 actiones
1700 3631 1837 3717 caruis,
1877 3636 2007 3726 idest,
2041 3644 2159 3717 vitiosi
2194 3650 2359 3725 affectus:

324 3738 518 3797 crementa.
549 3724 679 3799 lnvitet
694 3738 729 3797 et
743 3726 951 3815 magnitudo
967 3723 1319 3813 misericordiaallei,
1371 3718 1429 3793 bis
1442 3746 1523 3796 curo
1540 3744 1739 3817 repugnant
1752 3733 1901 3824 spiritu,
1927 3738 2049 3827 idest,
2077 3770 2150 3817 non
2167 3744 2360 3844 hypocrisi,

324 3822 731 3923 quoghmcmiearam,
750 3828 961 3913 mendicam,
978 3838 1101 3897 ettam
1118 3826 1216 3925 varie
1231 3852 1317 3899 con·
1368 3827 1430 3896 sed
1449 3848 1531 3895 curn
1556 3852 1641 3898 vero
1666 3831 1796 3904 timore
1809 3834 1876 3907 Dei
1904 3853 1938 3910 et
1962 3864 2043 3914 vera
2066 3846 2135 3917 lide
2152 3859 2359 3927 co'o‘rcentur

323 3930 535 4003 „minatam
556 3930 818 4009 obedientiam,
843 3942 961 4001 umen
986 3930 1178 4021 approbat,
1203 3943 1237 4000 et
1255 3953 1318 4023 per
1368 3926 1487 3999 vitiosi
1503 3926 1667 4016 affectus,
1692 3952 1840 4008 manent
1862 3943 1974 4013 sancti
1996 3946 2181 4038 ingratia,
2201 3944 2358 4030 retinent

321 4056 402 4103 eam
417 4053 456 4103 se
471 4028 714 4103 bonoresibci
729 4030 875 4104 iudicat.
910 4029 1066 4103 lnviteut
1080 4043 1116 4102 et
1130 4032 1317 4123 sliaprac·
1367 4026 1543 4129 Spffilum
1567 4046 1726 4104 fficium
1751 4050 1785 4108 ⁰¹
1808 4039 1923 4114 fidffm·
1996 4044 2121 4144 N⁸q¹¹⁰
2140 4050 2236 4143 ,hm
2265 4058 2357 4133 fiunt

320 4134 396 4205 mis
409 4134 605 4205 nscmsris
620 4134 715 4207 vitae
730 4148 766 4206 et
777 4128 971 4219 Ecclesiae,
984 4146 1020 4205 et
1035 4155 1101 4203 suo
1116 4134 1196 4205 loco
1208 4157 1315 4224 expe-
1366 4133 1447 4203 sine
1470 4154 1598 4220 magno
1620 4138 1814 4209 certamine
1843 4142 2045 4220 inanimis.
2122 4152 2249 4228 Variae
2272 4165 2356 4234 snn't

318 4238 444 4317 tenda,
459 4260 550 4333 qnae
562 4236 645 4307 odet
659 4236 833 4318 exercitiis
841 4236 1020 4329 proposita
1030 4249 1126 4315 sunt,
1142 4235 1316 4321 utvictns,
1366 4233 1494 4305 muudi
1509 4234 1706 4323 illecebrae,
1721 4240 1918 4315 turbulenti
1936 4248 2087 4341 impetus
2100 4270 2183 4329 sunt
2198 4260 2355 4333 incarne

318 4337 761 4431 931‚b0nieuceaasusin
774 4338 1034 4423 vocationibus,
1058 4339 1098 4407 iu
1112 4338 1251 4423 studiis,
1273 4339 1314 4407 in
1365 4352 1499 4410 nostra.
1554 4333 1603 4409 Et
1623 4340 1789 4413 diabolus
1810 4344 1967 4419 intentus
1996 4368 2047 4424 est
2073 4356 2111 4426 in
2142 4363 2352 4450 occasiones,

317 4440 585 4531 gubernatione
597 4436 1092 4532 EcclesiacetReipublicae,
1116 4439 1313 4511 liberorum
1365 4460 1429 4531 per
1444 4459 1532 4531 quaa
1546 4438 1728 4531 impellere
1741 4444 1880 4518 animos
1895 4452 2017 4541 possit.
2068 4455 2152 4529 ideo
2168 4462 2351 4549 vigilantia

316 4542 456 4635 Pietas,
486 4531 620 4627 virtut,
648 4557 687 4617 et
704 4540 865 4615 felicitas.
925 4539 1024 4613 Haec
1045 4556 1130 4615 suot
1155 4542 1313 4631 iugentia
1366 4540 1471 4609 nobis
1493 4563 1582 4630 opus
1605 4555 1675 4629 est,
1700 4557 1736 4616 et
1757 4546 1827 4617 fide
1842 4571 1882 4619 ac
1896 4552 2131 4633 invocatione.
2182 4560 2272 4631 Nam
2297 4566 2352 4635 vi-

316 4645 504 4737 peaemis,
544 4647 606 4716 sed
626 4656 724 4717 tauta
744 4658 798 4715 est
819 4644 949 4713 muudi
972 4643 1137 4727 caecitas,
1175 4656 1314 4715 utnon
1363 4641 1475 4713 ctoria
1499 4666 1545 4709 ea
1571 4637 1723 4731 Christi,
1767 4646 1807 4718 iu
1830 4652 1935 4722 nobis
1957 4656 2132 4730 vincentis
2157 4663 2351 4743 diabolsnn.

314 4747 441 4819 „gum
457 4748 626 4818 mandato
640 4742 721 4838 Ilei,
740 4759 776 4819 et
789 4745 971 4817 mentione
985 4758 1210 4817 aeternarum
1227 4769 1313 4839 poe·
1364 4744 1436 4817 Sed
1459 4755 1577 4813 tamen
1600 4748 1764 4817 accedere
1784 4766 1905 4823 nostra
1936 4756 2124 4850 disciplina
2149 4765 2274 4853 debet,
2314 4780 2350 4841 et

315 4872 454 4919 mmm
474 4872 516 4919 ae
535 4863 699 4922 aeternae
719 4848 844 4920 salutis
871 4848 999 4919 ieviter
1024 4846 1217 4933 afliciatur,
1251 4849 1312 4919 sed
1365 4846 1435 4917 lide
1452 4846 1646 4935 petendum
1669 4860 1721 4920 est
1745 4852 1937 4942 auxilinm,
1963 4858 2052 4932 sicut
2067 4859 2194 4935 Petrus
2214 4867 2349 4962 inquit:

316 4951 430 5023 “cm
442 4974 517 5022 m„
531 4952 617 5025 „gia
631 4949 806 5043 intelligat
819 4962 994 5045 quantum
1006 4972 1096 5043 opus
1116 4949 1165 5021 sit
1184 4970 1312 5042 corpo·
1367 4946 1537 5037 Vigilate,
1566 4948 1649 5042 quia
1669 4952 1834 5024 diabolus
1850 4968 2019 5050 tanquam
2041 4962 2096 5034 leo
2114 4968 2258 5057 rugiens
2279 4973 2349 5043 cir-

316 5054 462 5125 rsiibus
490 5053 700 5141 beneficiis,
739 5066 776 5125 et
802 5067 976 5148 quantum
997 5052 1130 5125 referat
1148 5051 1199 5121 eia
1219 5063 1312 5122 recte
1364 5050 1493 5137 euenit,
1516 5072 1689 5145 quaereus
1704 5078 1809 5161 quem
1826 5056 1981 5131 devoret.
2016 5060 2064 5135 Et
2083 5068 2128 5135 de
2144 5070 2346 5164 disciplina:

316 5156 390 5229 mi·
434 5150 592 5229 omnm
607 5150 847 5247 imarum
867 5166 1014 5247 mm„
1029 5149 1228 5225 Dominum
1242 5176 1312 5223 no·
1363 5150 1508 5238 Castigo
1541 5175 1670 5245 corpus
1694 5178 1830 5243 meum,
1863 5173 1898 5229 et
1922 5162 1961 5232 in
1985 5169 2188 5241 servitutem
2213 5174 2347 5263 redigo.

318 5270 439 5329 ,mm
460 5256 575 5329 {egum
587 5254 793 5345 christum,
815 5258 879 5352 qui
892 5256 1096 5346 interpellat
1118 5278 1184 5347 pro
1196 5256 1312 5342 nobis,
1363 5253 1492 5323 Timor
1514 5252 1581 5325 Dei
1605 5270 1776 5349 repugnet
1800 5261 1918 5351 pravis
1940 5267 2192 5356 cupiditatibus
2213 5288 2246 5344 et
2269 5276 2349 5346 ille·

318 5372 360 5429 ng
391 5382 459 5433 nos
480 5361 653 5433 metiret
672 5362 717 5430 ad
751 5382 872 5430 veram
896 5358 1081 5453 pietatem,
1114 5358 1253 5429 «odiat
1276 5372 1311 5429 et
1362 5356 1495 5426 cebris:
1534 5352 1641 5428 Fides
1665 5372 1758 5449 petat
1784 5363 1957 5433 auxilium
1990 5380 2024 5439 et
2049 5375 2347 5448 condonationem

319 5462 498 5550 ‘uma
514 5484 581 5533 no,
600 5464 685 5534 dm
699 5460 840 5553 spffim
861 5475 995 5536 mm·
1045 5458 1148 5533 spem
1170 5459 1311 5550 postici.
1362 5456 1600 5543 infirmitatis,
1625 5458 1769 5552 colligat
1790 5480 2015 5553 argumenta,
2046 5496 2135 5565 quae
2156 5480 2349 5548 ostendunt

320 5563 879 5653 m02130021umm8piritum
894 5576 1054 5633 sanctum
1070 5561 1284 5653 petentibus.
1361 5558 1644 5649 magnitudinem
1679 5576 1713 5633 et
1746 5586 1878 5655 poenas
1912 5571 2064 5659 peceati,
2094 5590 2280 5668 perpetuas
2313 5591 2349 5650 ct

422 5666 478 5739 De
491 5680 615 5761 quma
630 5667 847 5761 quaestione.
896 5662 951 5736 De
964 5662 1171 5734 discrimine
1186 5684 1311 5756 pecca·
1363 5674 1575 5754 praesentes.
1641 5660 1691 5737 Ut
1718 5662 1845 5759 loseph
1870 5670 2064 5745 cottetratos
2087 5676 2260 5748 illecebris
2283 5682 2348 5749 do·

320 5780 453 5840 cmm,
504 5766 598 5839 Nam
611 5791 692 5840 eum
708 5766 863 5840 dicimus
884 5765 1056 5859 reliquias
1075 5764 1209 5858 peceati
1232 5788 1310 5835 ma·
1362 5764 1502 5849 minae,
1527 5784 1603 5834 non
1623 5766 1703 5837 sine
1715 5768 1908 5839 certamine
1931 5775 2060 5845 restitit
2081 5790 2115 5846 et
2135 5779 2249 5849 furori
2268 5804 2349 5851 mo-

320 5892 405 5943 aere
421 5870 631 5956 incenatis,
655 5885 691 5944 et
707 5868 816 5943 simul
837 5890 914 5942 esse
935 5866 1063 5961 oden,
1095 5878 1336 5963 uecesseest¹
1367 5865 1484 5953 lieris,
1515 5876 1552 5938 et
1571 5866 1886 6045 insid⁸ii⁴stdiabolb
1955 5872 2058 5949 Vidit
2078 5878 2260 5953 diabolum
2281 5877 2349 5955 hoc
2449 5882 2453 5891 '
