5825 6950
305 671 390 753 425
732 672 814 755 xlt.
864 670 1166 753 nonantulo
1192 674 1244 753 IN
1268 673 1453 757 EVANG.
1481 671 1693 760 loannis.
1745 682 1849 765 CAP.
1877 684 1957 761 XX.
2278 701 2352 777 426

308 850 407 934 sint,
433 865 588 943 quorum
612 846 780 938 cogitatio
803 850 849 921 ad
873 850 1037 920 alendam
1051 848 1179 935 iidem,
1203 851 1307 921 etad
1359 848 1464 921 Tunc
1478 844 1714 928 contrectabis
1728 879 1803 944 me,
1833 882 1913 931 cum
1931 866 2121 935 ascendero
2136 870 2179 938 ad
2196 885 2345 962 patrem,

310 951 483 1023 exercitia
501 950 586 1019 lidei
607 950 705 1021 utilis
725 964 791 1023 eat.
859 948 943 1022 Non
969 951 1127 1023 recitabo
1150 952 1308 1043 singulas
1358 951 1532 1040 videlicet,
1548 982 1627 1027 cum
1645 972 1697 1044 te,
1715 973 1748 1030 et
1764 960 1937 1054 reliquam
1952 960 2149 1039 Ecclesiam
2164 976 2344 1047 adduxero

311 1052 569 1137 ostensiones,
609 1054 746 1142 stagaria
776 1053 971 1147 colloquia,
1012 1054 1073 1123 ard
1099 1056 1306 1124 obscuriora
1354 1056 1398 1123 ad
1416 1071 1568 1146 patrem.
1618 1060 1730 1131 Aliud
1748 1084 1914 1153 regnum,
1941 1066 2010 1137 alia
2025 1070 2096 1140 vita
2114 1086 2221 1145 restat
2241 1078 2342 1149 vobis

309 1158 404 1227 dicta
434 1178 480 1223 ex
505 1154 704 1247 praecipuis
729 1178 924 1246 excerpam.
998 1151 1120 1227 Prima
1150 1155 1305 1229 ostensio
1352 1157 1492 1244 danda,
1530 1154 1568 1230 in
1603 1186 1672 1257 qua
1696 1164 1864 1234 fruemini
1891 1168 2001 1256 patris
2021 1178 2276 1248 consuetudine
2309 1192 2344 1251 et

311 1260 404 1327 iacta
430 1269 486 1326 est
508 1255 736 1341 mulieribus,
768 1257 851 1350 quia
870 1269 911 1328 ut
935 1278 998 1348 per
1026 1278 1087 1327 eas
1109 1280 1206 1329 mors
1226 1260 1303 1349 pri·
1351 1280 1447 1341 mea,
1489 1275 1524 1333 et
1545 1266 1591 1333 ad
1615 1258 1707 1336 hanc
1729 1258 1937 1340 sententiam
1964 1273 2141 1365 quadrant
2166 1302 2258 1372 quae
2285 1304 2341 1353 se-

310 1382 411 1429 rnum
441 1357 599 1449 pervasit
621 1358 658 1426 in
681 1380 793 1447 genna
815 1353 1031 1443 humanum,
1062 1358 1111 1429 ita
1138 1354 1302 1432 Christus
1349 1375 1523 1453 qunntur.

310 1459 424 1531 voluit
450 1459 503 1529 eis
530 1458 685 1550 primum
713 1462 899 1531 ostendere
919 1459 1178 1533 restitutionem
1207 1463 1301 1533 vitae

317 1576 493 1646 aeternae,
518 1574 555 1633 et
576 1560 862 1651 languidioribus
877 1563 975 1652 prius
990 1585 1094 1654 opem
1111 1563 1181 1635 fert
1192 1560 1301 1636 Chri·
1372 1518 1542 1597 Α’πωᾰο
1557 1521 1613 1597 “d
1621 1538 1765 1626 pamm
1781 1554 1921 1621 'mum’
1937 1543 1968 1607 ⁶¹
1983 1548 2127 1635 Pali-‘m
2143 1550 2311 1614 misum·

321 1680 412 1748 stus,
438 1676 480 1734 nt
501 1663 654 1734 aciamus
670 1686 751 1733 enm
774 1657 925 1736 humilia
945 1664 1191 1737 etimbccillia
1214 1689 1298 1737 vere
1354 1690 1360 1705 ¹
1449 1658 1563 1749 Quasi
1585 1660 1699 1749 dicat,
1732 1666 1832 1737 aliud
1855 1692 2023 1761 regnum,
2057 1676 2162 1747 aliam
2186 1702 2337 1751 consue-

320 1766 480 1855 diligere,
521 1764 617 1835 iuxta
647 1764 755 1838 illud:
792 1762 978 1836 Calamum
1003 1779 1204 1861 quassatum
1226 1792 1300 1839 non
1348 1761 1537 1850 ludinem,
1584 1768 1888 1841 conversationem
1940 1785 1975 1845 et
2023 1782 2335 1853 contrectationem

318 1868 519 1957 confringes,
579 1862 701 1955 Quare
724 1866 978 1938 autemdicit?
1010 1866 1064 1939 Ne
1086 1890 1144 1939 me
1167 1882 1300 1961 tangar,
1349 1878 1539 1955 expectato.
1592 1864 1719 1955 Qualia
1742 1886 1859 1943 autem
1882 1868 1948 1945 hac
1970 1877 2042 1947 sint
2063 1883 2334 1965 consolationes,

313 1970 390 2064 qut,
405 1970 573 2039 nondum
590 1968 733 2039 ascendi
749 1970 794 2039 ,d
808 1982 944 2061 patrem
960 1991 1099 2051 meum,
1123 1992 1208 2041 eme
1228 1974 1299 2041 mi.
1348 1966 1556 2037 discendum
1583 1982 1634 2038 est
1652 1971 1690 2039 iu
1715 1973 1865 2043 assiduis
1889 1978 2062 2049 exercitiis
2085 1981 2168 2051 fidei
2189 1996 2223 2053 et
2245 1985 2335 2075 spei,

310 2073 420 2143 randa
436 2071 555 2143 oratio
570 2084 634 2144 est.
684 2069 756 2142 Sed
772 2066 858 2143 baec
871 2072 1101 2144 videturesse
1122 2072 1297 2146 sententia
1348 2068 1526 2159 promittit
1542 2084 1718 2142 aeternam
1735 2080 2026 2149 consuetudinem
2045 2106 2124 2153 cum
2141 2080 2334 2169 Deo,hanc

305 2170 503 2267 praecepti:
529 2164 821 2262 Reprehenditur
831 2172 981 2258 mulier,
1008 2175 1105 2267 qarod
1121 2174 1299 2247 desiderio
1347 2170 1544 2252 intuentes,
1577 2196 1616 2241 ac
1639 2190 1837 2266 sperantes,
1860 2177 2003 2249 interim
2026 2185 2259 2257 sustineamus
2279 2188 2334 2256 la-

308 2274 469 2347 hnmano
495 2274 626 2365 expetit
653 2274 875 2366 complexum
901 2269 1054 2361 Christi,
1088 2287 1123 2348 ct
1144 2278 1300 2348 somniat
1346 2272 1450 2342 bores
1475 2286 1509 2343 et
1534 2296 1740 2363 aerumnas,
1780 2293 1815 2350 et
1837 2280 1944 2351 simul
1966 2282 2117 2357 sciamus
2142 2310 2239 2358 nunc
2261 2311 2331 2359 no-

312 2402 389 2449 eom
412 2375 603 2461 revixisse,
641 2388 682 2447 ut
701 2398 825 2447 rursus
847 2376 942 2449 inter
960 2375 1093 2449 amicos
1110 2378 1226 2464 vivat,
1256 2393 1298 2452 na
1346 2371 1483 2443 bissum
1505 2396 1579 2445 esse
1594 2374 1763 2448 Moesiam
1780 2394 1961 2469 nostrum,
1986 2398 2022 2455 et
2035 2386 2103 2457 tide
2119 2390 2333 2479 amplecten-

316 2494 430 2564 antea,
459 2489 496 2549 et
521 2476 718 2569 praesentia
748 2476 882 2548 visibili
908 2500 947 2548 se
977 2477 1171 2566 exhilaret,
1200 2504 1296 2551 non·
1346 2476 1452 2560 dum,
1477 2477 1615 2547 etiamsi
1640 2504 1705 2550 nec
1726 2481 1824 2551 cerni
1845 2486 2006 2575 corporis
2029 2489 2161 2576 oculis,
2189 2505 2333 2563 contre-

317 2584 399 2651 dum
411 2580 471 2651 scit
484 2579 556 2648 lide
570 2578 805 2669 praesentiam
819 2579 1013 2652 invisibilis
1029 2576 1163 2655 Christi
1186 2583 1294 2655 dein·
1345 2579 1433 2647 clari
1448 2578 1615 2651 manibus
1628 2595 1762 2674 potest,
1787 2584 1887 2658 aden
1903 2599 2039 2678 tamen,
2065 2606 2105 2665 ut
2118 2615 2184 2664 nos
2202 2593 2332 2683 guber·

311 2706 388 2775 ceps
406 2683 670 2781 agnoscemam
688 2704 774 2753 esse.
1344 2693 1405 2751 net
1428 2692 1467 2751 et
1486 2681 1594 2760 iuvet.

379 2844 566 2926 Nondum
583 2849 680 2923 eorm
696 2845 850 2925 ascendi
861 2844 1072 2954 adpolrrm
1087 2876 1217 2931 meum.
1585 2826 1588 2837 ’
1610 2848 1714 2927 Sicut
1736 2850 1842 2931 misit
1871 2879 1926 2929 me
1945 2870 2067 2957 poter.

402 2988 506 3065 Duae
529 3005 614 3065 sunt
636 2990 962 3082 interpretationes,
995 3015 1085 3086 qnae
1110 3006 1294 3087 utcunque
1444 2988 1563 3062 Multa
1581 2992 1783 3065 testimonia
1805 2998 2073 3069 resurrectionis
2094 3014 2286 3072 narrantur
2309 3025 2331 3075 a
2357 3042 2361 3051 ·

311 3095 487 3167 declarant
512 3088 606 3163 hanc
630 3092 903 3166 connexionem.
954 3092 1092 3167 Usitata
1113 3090 1201 3165 haee
1224 3107 1292 3164 est:
1345 3092 1579 3184 scriptoribus
1604 3089 1774 3167 historiae
1807 3100 2046 3185 evangelicae,
2086 3126 2177 3194 qnae
2203 3105 2330 3173 memi-

314 3192 487 3268 thibeo
500 3194 811 3267 contrectationem
821 3196 1053 3287 corporalem,
1069 3196 1153 3289 quia
1169 3218 1293 3267 ascen·
1343 3194 1436 3263 nisae
1451 3192 1540 3265 utile
1555 3208 1618 3280 est,
1631 3197 1691 3263 sed
1702 3218 1798 3267 nunc
1811 3198 1965 3269 breviter
1978 3196 2066 3272 haec
2081 3226 2170 3295 quac
2186 3218 2269 3276 sunt
2285 3206 2325 3275 in

316 3302 387 3368 darn
408 3300 453 3369 ad
472 3312 632 3389 patrem,
655 3319 722 3367 nec
735 3296 907 3367 fruemini
927 3297 1094 3388 deinceps
1115 3294 1182 3368 hac
1205 3297 1292 3367 viai·
1344 3296 1549 3367 narratione
1573 3294 1735 3381 loannis,
1768 3321 1985 3387 percurram.
2035 3302 2156 3375 Primo
2184 3328 2330 3398 vespere

310 3400 372 3471 bili
395 3398 672 3481 consuetudine,
709 3398 770 3470 cni
794 3420 858 3469 vos
879 3400 1031 3469 multum
1053 3393 1292 3469 homanorum
1344 3397 1419 3469 eius
1433 3397 1524 3478 diei,
1551 3420 1623 3492 quo
1636 3414 1875 3474 resurrexerat
1888 3397 2071 3490 Christus,
2097 3408 2195 3479 venit
2211 3410 2254 3480 ad
2273 3422 2328 3480 to·

306 3505 494 3574 affectuum
511 3501 711 3573 miscuistis.
759 3499 1006 3572 Lambantot
1028 3523 1106 3572 mea
1126 3525 1292 3595 praeseu-
1344 3514 1419 3571 tum
1436 3514 1575 3570 coetum
1592 3499 1865 3593 Apostolorum,
1888 3507 1951 3598 qui
1973 3530 2044 3576 una
2066 3522 2168 3581 erant
2189 3508 2329 3582 leroso-

305 3607 374 3690 tia,
403 3620 446 3676 ut
468 3604 571 3698 pueri
592 3603 750 3674 dulcium
774 3617 962 3694 parentum
984 3619 1198 3696 conspectu,
1229 3601 1293 3696 qui
1343 3602 1478 3696 lymae,
1504 3615 1537 3672 et
1561 3627 1641 3672 cum
1664 3604 1847 3676 salutasset
1871 3629 1950 3693 eos,
1978 3622 2012 3680 et
2037 3634 2161 3680 manus
2178 3627 2211 3682 et
2235 3613 2327 3684 latus

307 3707 470 3781 sciebatis
503 3729 568 3776 vos
598 3728 676 3775 meo
706 3703 905 3799 patrocinio
933 3705 1083 3778 tutiores
1105 3727 1199 3791 esse,
1229 3705 1291 3776 aed
1343 3703 1563 3790 ostendisset,
1582 3705 1620 3773 in
1639 3708 1761 3790 eodem
1779 3707 1959 3802 colloquio
1974 3709 2100 3802 incipit
2117 3715 2165 3782 eis
2183 3715 2327 3786 concio·

304 3833 400 3880 nnnc
421 3810 519 3879 dabo
541 3807 644 3878 vobis
658 3805 834 3898 Spiritum
858 3821 1039 3893 sanctum,
1065 3833 1145 3878 cnm
1170 3831 1292 3880 ascen-
1343 3805 1420 3876 nari
1437 3807 1482 3875 da
1496 3807 1656 3898 ipsorum
1671 3807 1888 3895 ministerio,
1914 3813 2038 3883 dateis
2053 3811 2225 3904 Spiritum
2243 3840 2327 3888 san-

304 3917 389 3983 ctem
405 3913 452 3982 ad
469 3923 624 4000 patrem,
642 3921 684 3979 nt
698 3931 757 3980 me
775 3908 847 3979 alio
862 3909 973 3980 modo
997 3909 1293 4004 complectamini,
1342 3921 1456 3993 ctum,
1482 3921 1517 3978 et
1539 3909 1640 3978 addit
1656 3910 1861 3979 mandatum
1878 3915 1923 3980 de
1939 3915 2143 3986 remissione
2165 3932 2327 4007 peccato·

305 4039 363 4084 ern
380 4035 547 4106 praesens
567 4013 662 4082 inter
684 4031 769 4096 vos,
801 4011 864 4082 aed
886 4011 957 4082 lide
979 4035 1038 4082 me
1058 4013 1224 4098 cernetis,
1256 4023 1292 4082 et
1342 4033 1441 4095 rum,
1468 4008 1589 4094 idest,
1610 4030 1784 4080 summam
1799 4006 1980 4103 Evangilii
1998 4017 2047 4085 eis
2064 4020 2217 4108 exponit.
2272 4017 2325 4092 De

306 4117 371 4186 ide
394 4113 700 4204 complectemini,
729 4135 805 4184 non
826 4111 1010 4184 attentans
1033 4113 1231 4204 puerilibus
1252 4126 1293 4184 ut
1342 4108 1399 4181 hia
1418 4111 1536 4182 tribus
1551 4113 1719 4182 membris
1733 4113 1859 4184 ordine
1877 4139 1989 4214 pauca
2004 4117 2153 4190 dicenda
2171 4134 2264 4193 sunt.

303 4233 417 4292 antea.
470 4215 569 4286 llaec
584 4215 711 4286 usitata
727 4213 971 4306 interpretatio
991 4215 1075 4306 iacit
1097 4211 1291 4290 antithesin
1443 4211 1605 4284 Primum
1621 4213 1772 4284 sciamus
1788 4211 1846 4285 hic
1862 4219 2064 4290 confirmari
2086 4222 2326 4294 ministerium

300 4315 819 4408 contrectationiscorporalis,
842 4339 934 4409 quae
951 4317 1057 4388 tiebat
1078 4318 1118 4386 in
1141 4341 1292 4390 consue-
1339 4313 1543 4404 Evangelii,
1578 4327 1612 4384 et
1634 4315 1795 4406 promitti
1817 4317 2005 4389 efficaciam
2028 4317 2096 4390 Dei
2117 4345 2181 4413 per
2202 4348 2325 4394 vocem

301 4423 429 4492 tudine
444 4419 588 4508 ‚visibttt
596 4471 608 4505 ,
644 4431 681 4490 et
699 4418 783 4488 lidei
805 4417 1073 4509 complectentis
1094 4414 1291 4503 Christum,
1340 4416 1502 4488 omnium
1541 4419 1744 4488 docentium
1783 4413 2017 4512 Evangelium
2058 4424 2322 4515 incorruptum:

298 4527 383 4620 quia
398 4523 472 4593 iam
486 4545 561 4592 non
574 4521 733 4591 cernitur
746 4519 861 4592 oculis
874 4521 1042 4614 corporis
1340 4518 1443 4591 Sicut
1459 4518 1555 4592 misit
1569 4541 1627 4586 me
1644 4531 1762 4608 pater,
1788 4533 1823 4591 ct
1843 4521 1909 4593 luit
1978 4546 1997 4592 r
2017 4546 2073 4593 me
2095 4527 2235 4610 efficax,
2260 4552 2325 4598 vo·

403 4623 533 4696 Altera
558 4645 643 4694 vero
664 4621 928 4715 interpretatio,
963 4635 1004 4696 ut
1025 4617 1115 4692 mihi
1137 4621 1291 4709 videtur,
1340 4621 1432 4693 ravit
1469 4633 1504 4691 rt
1539 4620 1681 4710 collegit
1710 4639 1889 4694 aeternam
1922 4547 2133 4694 dictoriam:
2183 4628 2230 4697 ita
2258 4651 2322 4718 ego

296 4726 500 4818 simplicior
539 4737 608 4812 eat,
646 4747 738 4819 quae
779 4722 862 4794 iacit
901 4719 1097 4797 antithesin
1139 4727 1290 4796 duarum
1341 4725 1443 4794 mitto
1457 4746 1538 4808 vna,
1563 4744 1624 4791 aro
1640 4745 1703 4813 per
1717 4725 1933 4805 rosciliona,
1960 4727 2094 4796 vocabo
2111 4729 2324 4820 etcolligam

294 4827 643 4909 contrectationum,
668 4849 731 4897 seu
752 4824 948 4898 visibilium
970 4827 1292 4900 conversationum.
1340 4834 1521 4898 aeternam
1558 4821 1761 4898 Ecclesiam.
1813 4821 1910 4896 Haec
1949 4828 2123 4898 sententia
2163 4833 2325 4920 congruit

291 4927 406 5004 Nunc
435 4928 570 5021 inquit:
619 4923 798 4999 Prohibeo
824 4929 1166 5015 contrectationem,
1205 4930 1291 5024 quia
1339 4949 1419 4998 cnm
1436 4926 1501 4998 illo
1516 4923 1717 5014 dictosQui
1732 4947 1795 4996 vos
1811 4927 1922 5009 audit,
1937 4951 1992 4996 rne
2005 4931 2114 5004 audit.
2139 4929 2241 5002 Hanc
2255 4935 2323 5004 do-

290 5035 408 5108 stulta
429 5031 586 5104 somnias
610 5028 922 5115 moecenatem,
946 5030 1062 5125 qualis
1084 5044 1187 5103 antea
1211 5031 1292 5116 luit,
1340 5028 1491 5101 ctrinam
1513 5041 1548 5098 et
1567 5027 1846 5098 consolationem
1871 5043 2071 5116 teneamus,
2097 5057 2137 5104 ac
2158 5058 2239 5104 vere
2255 5049 2326 5107 ata-

291 5159 393 5230 quae
411 5136 576 5204 nondum
591 5145 667 5202 erat
684 5130 755 5203 vita
771 5144 932 5216 aeterna,
955 5135 1018 5204 sed
1034 5131 1104 5203 alia
1120 5133 1189 5206 erit
1203 5156 1290 5203 con-
1340 5143 1481 5202 tuamua
1496 5125 1612 5198 Deum
1636 5129 1809 5200 eilicacem
1831 5151 1906 5200 esse
1927 5155 2125 5222 pervocem
2139 5131 2325 5225 Evangelii

291 5239 478 5318 suetudo,
504 5248 773 5328 propterquam
792 5231 920 5304 misam
933 5257 1033 5320 sum,
1058 5247 1095 5306 et
1116 5257 1213 5306 nunc
1232 5257 1291 5304 re-
1339 5244 1374 5303 et
1392 5231 1485 5300 velle
1498 5243 1539 5302 nt
1560 5229 1858 5320 promissionibus
1872 5227 2059 5322 Evangelii
2077 5259 2143 5306 nos
2164 5250 2324 5308 susente-

296 5339 393 5425 vixi,
418 5335 553 5408 scilicet
567 5336 639 5408 vita
652 5348 795 5406 aeterna
809 5337 903 5426 apud
919 5349 1074 5428 patrem,
1099 5336 1151 5408 ibi
1174 5357 1234 5406 me
1256 5349 1290 5405 et
1337 5354 1426 5419 mna,
1440 5331 1543 5426 qnasi
1559 5332 1634 5424 ipse
1648 5355 1714 5402 nos
1727 5355 1789 5404 sua
1804 5357 1889 5404 voce
1902 5337 1946 5404 de
1959 5336 2061 5406 coelo
2076 5337 2326 5432 alloqueretur.

295 5455 442 5532 patrem
476 5459 599 5509 cernes
630 5437 744 5509 oculis
775 5459 920 5518 coram,
966 5451 1002 5510 et
1036 5437 1290 5530 complecteris.
1337 5433 1435 5506 llaec
1448 5433 1647 5504 consolatio
1661 5433 1985 5525 sarpehcnteanda
2002 5451 2035 5508 et
2052 5439 2239 5528 cogitanda
2256 5455 2318 5515 est.

298 5541 403 5614 lttod
424 5539 538 5632 igitur
559 5554 698 5628 tempus
719 5557 833 5610 novae
853 5541 1142 5612 matrectationia
1163 5541 1290 5632 cogita,
1438 5535 1582 5606 Deinde
1597 5535 1691 5604 idern
1708 5537 1843 5606 dictum
1859 5538 2027 5618 affirmat,
2042 5533 2234 5630 Apostolos
2248 5565 2323 5612 non

300 5665 399 5714 nnnc
426 5665 495 5713 nos
522 5641 674 5732 pueriles
697 5641 899 5732 complexus
922 5655 960 5712 et
981 5642 1129 5714 affectus
1152 5641 1290 5726 omitte,
1339 5637 1451 5722 mitti,
1483 5651 1523 5708 ut
1547 5636 1692 5726 imperia
1723 5637 1832 5708 armis
1854 5653 2035 5730 occupent.
2087 5637 2134 5711 Et
2154 5641 2324 5714 discernit

309 5741 787 5816 irridetnremeoncinea
800 5741 990 5813 connexio:
1015 5739 1070 5814 Ne
1085 5757 1209 5836 tangas
1220 5765 1290 5828 me,
1338 5738 1574 5810 ministerium
1605 5733 1793 5829 Evangelii
1831 5740 1878 5809 ab
1917 5741 2086 5832 imperiis.
2149 5741 2324 5835 anreaae

312 5847 386 5932 nia
410 5845 577 5920 nondum
602 5843 748 5919 urendi
773 5845 820 5917 ad
847 5856 1011 5940 patrem
1035 5845 1151 5944 guasi
1179 5845 1288 5920 dicat:
1338 5840 1592 5915 eoindicitur:
1618 5837 2035 5936 Sicutmiaitmepater,
2051 5856 2190 5919 constat
2202 5857 2323 5920 autern
