5825 6950
339 684 411 759 abl·
587 681 691 762 lllll.
723 684 758 763 b.
783 680 1086 763 nuauuarto
1109 681 1266 763 urlsu.
1290 680 1441 762 PAULI
1468 677 1539 759 AD
1561 677 1824 761 ROMANOS.
1882 679 1989 761 cle.
2015 680 2083 761 IX:
2295 688 2375 769 982

342 854 531 931 Ecclesiam
556 859 701 931 electam
727 860 773 931 ab
795 859 864 931 alia
889 860 1141 945 multitudine,
1172 884 1263 957 quae
1283 862 1330 933 ti·
1484 854 1629 931 Phrasis
1652 861 1690 929 in
1723 857 1853 944 verbo,
1879 854 1983 933 Tulit
2009 883 2091 931 vasa
2117 860 2214 949 irae,
2266 863 2373 935 etiam

343 962 452 1032 tulum
478 956 585 1035 babet
608 976 642 1035 et
664 962 799 1047 iactitat
823 963 1114 1055 propagationem
1139 965 1328 1049 carnalem,
1384 960 1521 1033 Graeca
1551 963 1807 1034 consuetudine
1846 962 2017 1053 significat
2050 962 2149 1035 idern
2190 968 2287 1060 quod
2316 980 2373 1038 to-

342 1088 398 1133 sen
415 1064 637 1140 ordinariam
660 1065 916 1139 successionem
935 1066 973 1134 in
991 1079 1132 1137 esterna
1152 1069 1328 1159 guberna·
1380 1066 1520 1137 lecavit.

341 1171 460 1237 tione:
500 1166 600 1239 Scias
621 1168 731 1257 igitur
754 1162 846 1237 banc
864 1190 937 1239 esse
954 1163 1060 1239 huius
1076 1170 1328 1259 disputationis
1479 1164 1558 1237 Hac
1582 1166 1807 1239 enarratione
1830 1166 1941 1239 simus
1965 1167 2140 1254 contenti,
2186 1182 2222 1240 et
2245 1193 2369 1240 remo·

340 1290 525 1345 sommam.
578 1267 667 1341 Vult
678 1268 813 1341 Paulus
830 1270 985 1341 discerni
998 1294 1118 1343 veram
1133 1266 1328 1351 Ecclesiam
1377 1269 1423 1341 tis
1445 1269 1565 1341 stoicis
1589 1270 1788 1357 furoribus,
1818 1268 1971 1341 sciamus
2000 1293 2139 1341 causam
2161 1265 2366 1344 reiectionis

340 1370 488 1450 asalsa,
533 1384 639 1465 atque
662 1372 711 1443 ita
733 1373 777 1443 de
800 1372 925 1443 effectu
949 1370 1132 1445 electionis
1154 1374 1327 1466 loquitur.
1377 1385 1558 1463 peccatum
1574 1396 1648 1443 esse
1664 1374 1702 1441 in
1719 1370 1850 1464 impiis.
1901 1370 2042 1441 Deinde
2058 1371 2210 1443 sciamus
2227 1374 2369 1446 miseri·

340 1470 420 1543 ldeo
445 1473 580 1572 inquit:
615 1473 698 1547 Non
723 1497 847 1545 omnes
872 1474 935 1569 qui
958 1488 1102 1547 sunteas
1126 1470 1258 1561 lsraiil,
1290 1478 1326 1548 id
1377 1474 1535 1545 cordiam
1556 1472 1624 1545 Dei
1653 1490 1798 1566 propter
1820 1470 1934 1545 filium
1958 1498 2098 1545 cansam
2126 1498 2200 1546 esse
2222 1475 2367 1549 electio-

339 1588 403 1655 est‚
431 1598 507 1644 non
531 1598 655 1647 omnes
677 1577 863 1668 propagati
883 1578 929 1647 ab
949 1574 1058 1648 lsrae'l
1074 1580 1328 1671 propagatione
1376 1576 1453 1660 nis,
1480 1575 1571 1649 sicut
1587 1574 1646 1648 hie
1661 1577 1808 1658 dicitur:
1835 1572 1918 1646 Non
1934 1589 1987 1647 est
2005 1576 2176 1661 volentis,
2204 1601 2267 1648 nec
2284 1603 2367 1649 cur·

336 1677 490 1763 carnali,
527 1694 588 1751 aut
612 1692 799 1770 regnantes
824 1680 862 1749 in
894 1681 1115 1751 successione
1143 1680 1326 1752 ordinaria
1375 1678 1504 1766 rentis,
1542 1682 1605 1751 sed
1631 1676 1699 1749 Dei
1731 1679 1942 1751 miserentis.
2012 1676 2119 1765 ltem,
2158 1674 2364 1772 Ephes.1.:

334 1796 415 1851 sunt
442 1804 526 1849 vera
548 1778 725 1857 Ecclesia:
760 1782 843 1874 quia
868 1777 1025 1854 Ecclesia
1047 1805 1121 1852 non
1146 1784 1327 1874 colligitur
1375 1779 1508 1853 Sumus
1530 1783 1650 1854 dilecti
1673 1784 1711 1852 in
1734 1784 1830 1866 filio,
1862 1794 1896 1849 et
1910 1778 2023 1871 gratia
2041 1782 2119 1853 ideo
2144 1783 2249 1853 nobis
2272 1798 2366 1854 certa

332 1883 591 1974 propagatione
616 1884 754 1957 ‚carnali
783 1897 845 1955 aut
874 1886 1095 1955 successione
1119 1882 1325 1979 Episcopo·
1375 1897 1445 1966 cst,
1470 1882 1554 1977 quia
1571 1886 1681 1973 gratis
1697 1899 1843 1977 propter
1861 1884 1974 1953 filium
1991 1883 2202 1975 recipimur,
2228 1884 2289 1955 sed
2311 1898 2365 1956 ta·

332 2006 431 2068 rum,
457 1986 519 2055 sed
542 1987 728 2056 vocatione
749 2009 812 2079 per
832 1984 1087 2075 Evangelinm,
1122 2000 1155 2059 et
1180 2011 1326 2078 regene-
1374 2010 1456 2055 men
1481 1988 1607 2057 audire
1629 2011 1695 2060 nos
1707 1984 1944 2079 Evangelium
1963 1999 2103 2079 oportet
2119 1997 2153 2056 et
2167 2009 2241 2056 non
2257 2010 2364 2078 repu-

338 2088 493 2169 ratione,
520 2090 558 2159 in
580 2112 651 2182 qua
672 2090 766 2161 lilius
791 2088 857 2159 Dei
882 2086 1037 2160 vivificat
1060 2092 1166 2159 corda
1183 2088 1321 2183 Spiritu
1374 2110 1505 2177 gnare,
1530 2112 1570 2158 ac
1588 2088 1782 2161 assentiens
1805 2083 1960 2159 trahitur
1977 2088 2121 2172 volens,
2145 2088 2235 2159 sicut
2254 2102 2289 2159 et
2304 2081 2365 2159 hic

336 2201 473 2275 sancto,
499 2186 679 2262 utlohan.
696 2194 729 2264 1.
756 2190 905 2261 dicitur:
941 2184 1015 2279 Qui
1031 2216 1105 2265 non
1122 2216 1163 2263 ex
1180 2192 1324 2283 sangui·
1374 2214 1519 2284 quoque
1535 2192 1730 2285 requiritur
1747 2192 1913 2262 voluntas
1927 2184 2007 2284 (sed
2025 2189 2190 2261 meritum
2206 2188 2365 2287 tollitur)

335 2292 456 2376 nibus,
483 2314 659 2385 nequeas
681 2293 865 2365 voluntate
887 2292 1023 2379 carnis,
1055 2318 1172 2393 neque
1195 2318 1236 2366 ex
1262 2320 1323 2367 vo·
1373 2316 1454 2363 curn
1470 2293 1538 2365 ait:
1564 2292 1647 2365 Non
1665 2309 1718 2366 est
1733 2294 1895 2368 volentis.
1947 2288 1994 2363 Et
2010 2315 2116 2384 supra
2135 2291 2270 2365 dictum
2291 2305 2360 2364 est:

277 2486 279 2497 Ι
334 2394 470 2465 lentate
485 2394 575 2476 viri,
599 2396 662 2466 scd
677 2420 719 2466 ex
733 2389 811 2465 Deo
832 2394 907 2468 nati
924 2410 1017 2467 sunt.
1374 2391 1505 2466 Trahit
1519 2395 1634 2481 Deus,
1657 2400 1719 2468 sed
1741 2396 1918 2467 volentem
1934 2390 2056 2473 trabit.
2106 2392 2152 2469 Et
2167 2418 2304 2487 semper
2324 2394 2364 2464 in

431 2542 600 2641 opponi,
625 2561 742 2622 ,utem
766 2546 900 2619 paulus
921 2570 1110 2619 commune
1134 2574 1324 2643 agmen·
1372 2512 1563 2589 conspectu
1586 2492 1721 2569 sithoc
1747 2498 1935 2569 immotum
1957 2511 1991 2567 et
2013 2496 2363 2579 immutabileman·

338 2662 408 2719 qum
432 2650 594 2720 talioni,
1372 2601 1494 2672 datum
1510 2596 1599 2687 Ilei,
1624 2603 1720 2695 quod
1742 2600 1932 2693 praecipit,
1958 2613 1997 2671 ut
2023 2599 2209 2670 audiamus
2231 2598 2362 2669 filium:

1370 2696 1456 2773 huie
1476 2705 1646 2775 mandato
1664 2706 1967 2794 obtemperemus,
1991 2716 2027 2775 et
2044 2702 2196 2775 sciamus
2212 2701 2362 2795 gratiam

433 2803 476 2877 Si
501 2827 603 2895 pares
623 2818 707 2877 sunt
730 2804 834 2877 lacob
849 2821 884 2877 et
902 2803 1015 2879 Esau:
1049 2830 1115 2877 cnr
1132 2830 1206 2879 non
1224 2819 1321 2878 uter·
1371 2806 1563 2879 exuberare
1581 2830 1688 2901 supra
1710 2806 1894 2879 delictum.

332 2931 399 2999 que
424 2907 590 2999 eligitur,
630 2908 713 3002 quia
746 2908 887 2980 iusticia
917 2913 978 2982 dat
1006 2910 1168 3005 aequalia
1192 2934 1322 3005 aequa-

329 3010 452 3081 libus?
987 3076 990 3083 a
1509 3024 1572 3099 Tu
1594 3026 1739 3127 quies,
1764 3026 1834 3127 qui
1855 3021 1987 3120 litigas
2011 3046 2091 3095 cum
2115 3019 2229 3093 Deo?

433 3158 641 3254 R0³P⁰¹¹d⁰l
671 3160 823 3235 piminii
862 3161 953 3235 Cum
977 3164 1128 3234 ⁸⁰¹Vil¹¹i
1149 3163 1322 3252 debitum,
1473 3176 1668 3275 Abrumpit
1682 3181 1946 3275 quaestionem,
1962 3190 1995 3247 et
2011 3198 2215 3270 quanquam
2234 3174 2363 3245 fatetur

330 3264 469 3334 iusticia
488 3268 549 3334 dat
564 3265 723 3359 aequalia
742 3267 966 3360 aequalibus,
992 3268 1053 3337 sed
1072 3266 1108 3337 in
1126 3269 1321 3340 donatione
1372 3284 1504 3356 munos
1527 3286 1674 3355 reiectos
1698 3305 1791 3369 esse,
1824 3298 1943 3352 samen
1964 3304 2038 3348 non
2060 3274 2127 3347 boc
2150 3277 2254 3361 dicit,
2287 3301 2362 3346 non

329 3384 359 3435 et
381 3366 535 3457 gratuita
559 3368 801 3440 misericordia
817 3393 891 3438 non
908 3384 960 3443 est
977 3370 1149 3454 iniustus,
1177 3370 1321 3463 quidet
1372 3412 1444 3458 2550
1477 3412 1617 3458 causam
1649 3386 1859 3457 „stationes
1883 3384 1922 3452 in
1949 3381 2044 3474 ipsis.
2096 3378 2212 3450 Simul
2244 3392 2362 3449 autem

329 3470 440 3540 alicui
465 3469 978 3557 ⁰⁰ssd²bil¹1mbe¹¹0fi⁰31¹ms
1019 3472 1218 3544 alleri-¹¹⁰¹!
1244 3477 1322 3561 (¹³¹,
1372 3493 1473 3562 iubet
1500 3511 1567 3561 nos
1597 3491 1723 3562 audire
1751 3485 2007 3577 Evangelinm,
2049 3495 2083 3553 et
2116 3483 2361 3573 obtemperare

329 3573 425 3642 sicut
450 3572 551 3642 docet
578 3586 612 3642 et
636 3574 804 3664 parabola
828 3577 872 3643 de
898 3576 1083 3646 conductis
1105 3577 1145 3644 in
1167 3577 1321 3652 vineam.
1369 3591 1447 3664 Deo
1470 3595 1631 3678 vocanti,
1656 3606 1693 3664 er
1715 3615 1789 3662 non
1813 3591 1951 3680 frangi,
1987 3599 2048 3658 aut
2069 3585 2218 3654 deficere
2243 3608 2262 3652 a
2284 3584 2360 3656 Deo

327 3671 411 3743 Non
429 3687 482 3743 est
496 3673 648 3744 iniustus
664 3671 761 3746 Deus
775 3677 906 3767 eligens
920 3673 1271 3762 Nabuchodonosor,
1288 3694 1321 3751 et
1371 3711 1517 3790 propre,
1539 3697 1739 3788 exemplum
1765 3691 2026 3775 multitudinis,
2067 3690 2126 3757 ,ed
2151 3708 2253 3777 ,gere
2279 3707 2361 3776 gea.

327 3799 403 3846 non
429 3775 563 3865 eligens
584 3771 849 3863 Sennacherib,
878 3799 959 3849 cum
983 3791 1134 3874 uterque
1156 3782 1203 3852 sit
1224 3781 1320 3852 indi·
1371 3800 1863 3894 213,‚q00d0mn03v003r,
1916 3787 2046 3862 Trahit
2070 3803 2188 3860 autem
2212 3787 2362 3858 audien.

327 3901 434 3970 gnus.
500 3875 603 3948 Hanc
637 3881 905 3966 responsionem
936 3881 1123 3953 confirmat
1150 3885 1245 3956 dicto
1277 3887 1322 3956 de
1370 3917 1423 3974 res
1445 3895 1700 3993 Evangelium,
1735 3914 1769 3969 et
1794 3921 1868 3966 non
1892 3905 2150 3986 repugnantes,
2182 3891 2274 3961 sicut
2295 3914 2361 3982 po·

328 3979 594 4050 ffllffliffl‘dlffi
623 3977 799 4052 Mlsseffflr
820 3983 920 4054 ‘⁰3⁰³
943 3985 1124 4056 mistim
1373 4018 1444 4076 stea
1462 4006 1507 4073 de
1529 4003 1690 4072 omnium
1712 3999 1897 4071 vocatione
1913 4013 1946 4068 et
1962 3997 2158 4068 multorum
2175 4008 2362 4064 contuma-

1373 4108 1425 4176 cia
1448 4127 1610 4197 crpresse
1631 4103 1815 4196 loquitur:
1859 4099 1954 4170 Tota
1977 4099 2035 4168 die
2060 4095 2213 4185 expandi
2234 4116 2361 4164 manns

1371 4231 1466 4278 meas
1490 4211 1533 4276 ad
1556 4208 1728 4299 populum
1750 4215 2016 4286 contumacem,
2055 4215 2088 4270 et
2113 4197 2360 4268 contradicen-

1373 4325 1455 4384 tem.
1507 4307 1578 4379 Hic
1604 4308 1768 4379 nominat
1794 4328 1935 4376 causam
1960 4301 2233 4393 repmbationis.
2289 4296 2356 4366 Ne·

1372 4435 1554 4506 quaquam
1584 4409 1694 4502 igitur
1727 4411 1778 4480 sic
1811 4407 2042 4495 intelligenda
2074 4415 2126 4472 est
2160 4399 2359 4470 similitudo

433 4131 558 4204 Postea
573 4133 646 4219 ait,
667 4157 772 4226 quem
793 4135 871 4208 vult
891 4137 1053 4208 indurat:
1081 4136 1143 4208 ubi
1167 4150 1251 4206 nota
1276 4137 1321 4208 sit

329 4233 472 4308 Ebraea
488 4231 645 4327 phrasis,
679 4237 717 4305 in
749 4261 817 4331 qua
842 4241 950 4310 verba
973 4239 1087 4309 activa
1109 4261 1213 4328 saepe
1239 4262 1320 4329 per·

330 4338 539 4410 missionem
554 4338 769 4429 significant:
797 4340 963 4425 indurat,
990 4341 1120 4426 idest,
1146 4342 1231 4410 sinit
1247 4363 1321 4410 esse

330 4443 482 4525 durum,
508 4463 573 4510 uec
590 4443 764 4512 convertit
781 4466 872 4516 eum.
926 4440 980 4512 Ac
992 4467 1219 4536 nequaquam
1236 4443 1320 4514 inde

330 4543 618 4614 ratiocinandum
643 4557 711 4627 ese,
738 4540 853 4616 Deum
877 4546 969 4614 ,0110
983 4559 1018 4616 ,q
1033 4546 1173 4616 eflam,
1197 4569 1320 4636 pecc„
1370 4519 1415 4584 de
1438 4514 1514 4634 luto
1538 4529 1571 4583 et
1594 4513 1721 4632 fignlq,
1762 4511 1861 4628 quasi
1884 4504 1952 4578 boc
1982 4507 2096 4590 dicat,
2134 4498 2229 4571 nibil
2259 4523 2360 4624 agere

330 4661 383 4730 ta,
427 4658 490 4714 aut
512 4667 635 4734 eogere
664 4645 864 4716 voluntale,
887 4647 935 4730 „dt
956 4649 1194 4737 mnndum,
1236 4648 1319 4740 quq,
1369 4617 1517 4708 impres:
1561 4615 1762 4733 lirmrssrme
1795 4634 1891 4680 emm
1916 4609 2069 4727 tenenda
2093 4617 2143 4675 est
2174 4615 2360 4722 sententia,

329 4750 466 4818 dictum
493 4759 561 4816 est:
598 4745 678 4816 Non
704 4745 801 4818 Dan,
823 4749 948 4818 vola„
970 4749 1185 4839 impugnem
1209 4760 1247 4818 ,u
1270 4771 1320 4824 „0
1370 4719 1466 4814 quod
1484 4714 1582 4788 Deus
1602 4739 1676 4786 non
1700 4730 1746 4788 sst
1769 4734 1872 4785 causa
1898 4719 2049 4803 peccatr,
2074 4709 2134 4778 sed
2159 4705 2359 4774 similitudo

329 4849 555 4922 Removenrli
581 4864 665 4920 runs
686 4865 720 4922 ιι
745 4849 855 4922 stoici
878 4853 1016 4922 sum„
1034 4853 1081 4921 (ιο
1104 4851 1321 4926 memque·
1370 4823 1432 4892 illa
1448 4833 1594 4938 eatenus
1610 4820 1773 4906 congruit
1781 4869 1796 4913 ,
1822 4814 1917 4932 quod
1944 4835 1986 4881 ex
2003 4835 2073 4880 nna
2092 4831 2201 4878 massa
2219 4803 2359 4896 generis

329 4949 471 5024 Pharao
497 4951 621 5023 rolens
640 4952 741 5022 ardet
768 4951 821 5022 ira
836 4965 871 5021 et
888 4953 1100 5044 cupiditate,
1126 4966 1159 5024 et
1182 4955 1320 5025 obtem·
1369 4919 1520 4994 h'¹¹¹¹³¹¹¹
1539 4920 1640 4993 ΒΜ*
1659 4933 1694 4992 ‘¹
1717 4930 1890 4994 ⁰⁰⁰V²s¹¹²
1906 4914 2056 5001 ‘nullm-a
2082 4924 2117 4983 ⁶¹
2136 4922 2361 4987 ‘mmmm‘

329 5067 429 5144 perat
453 5053 608 5128 diabolis
637 5075 717 5124 eum
747 5053 1000 5126 incitantibus:
1033 5069 1155 5148 estque
1179 5056 1217 5124 in
1242 5055 1319 5146 ipso
1369 5037 1497 5098 '‘¹¹⁰¹‘'

330 5153 519 5226 l‘baraone
551 5177 653 5226 censa
687 5153 899 5231 reiectionis.
957 5154 1052 5228 Sinit
1083 5171 1200 5230 autem
1222 5152 1320 5228 Deus

330 5259 413 5330 talia
435 5257 531 5341 lieri,
558 5258 642 5349 quia
667 5257 743 5327 vult
762 5258 917 5351 conspici
941 5259 1131 5330 discrimen
1157 5261 1194 5330 in
1219 5261 1320 5330 omni

330 5359 539 5433 aeternitate
562 5360 657 5430 inter
677 5359 854 5432 iusticiam
875 5374 909 5432 et
925 5361 1162 5442 iniustitiam,
1188 5376 1222 5432 et
1244 5364 1321 5440 vult
1473 5361 1669 5456 Postquam
1697 5356 1791 5430 banc
1812 5356 2055 5426 dulcissimam
2081 5349 2362 5422 consolationem

330 5463 429 5532 cerni
449 5456 659 5532 horribilem
679 5461 768 5531 iram
787 5486 886 5534 snam
905 5464 1073 5533 adversus
1087 5462 1226 5552 impios,
1241 5465 1324 5534 ideo
1372 5464 1542 5550 tradidit,
1576 5467 1671 5559 quod
1696 5483 1835 5552 semper
1856 5459 1976 5552 aliqua
2001 5457 2048 5528 sit
2069 5452 2227 5524 Ecclesia
2253 5451 2363 5518 electa

331 5566 416 5634 sinit
438 5562 512 5639 labi
529 5577 564 5634 et
580 5563 697 5634 lusere
711 5563 854 5656 aliquos
867 5564 1010 5652 angelos
1026 5557 1257 5650 ethomines,
1282 5579 1323 5636 ut
1374 5581 1522 5660 propter
1541 5567 1674 5656 lilium,
1709 5564 1801 5633 sicut
1822 5559 1951 5632 Psalm.
1971 5557 2033 5632 tu.
2058 5557 2204 5628 dicitur:
2231 5549 2292 5620 'l'n
2313 5570 2364 5668 es,

333 5668 370 5738 in
402 5688 521 5757 poena
545 5665 787 5756 conspiciatur
824 5665 864 5734 in
891 5660 958 5734 hac
988 5665 1079 5752 vita,
1118 5677 1152 5734 et
1181 5667 1221 5734 in
1249 5679 1324 5738 tots
1375 5669 1435 5762 qui
1469 5681 1644 5742 sustentas
1673 5663 1927 5736 haereditatem
1959 5683 2076 5730 meam
2106 5651 2207 5730 mibi·
2252 5645 2366 5726 bddtl

1494 5205 1657 5281 Verbum
1680 5227 1940 5280 consummans
1962 5210 1994 5272 et
2017 5195 2252 5272 abbrevians.

332 5772 560 5861 aeternitate,
593 5768 786 5843 discrimen
809 5767 903 5840 inter
924 5766 1100 5838 iusticiam
1122 5779 1158 5838 et
1178 5767 1324 5844 iniusti·
1374 5793 1474 5842 nune
1497 5770 1698 5841 testimonia
1717 5770 1761 5836 de
1775 5763 2015 5835 destructione
2039 5757 2188 5850 politiae
2201 5751 2365 5823 iudaicae

334 5871 437 5942 dm·
1145 5879 1147 5886 '
1376 5885 1412 5946 et
1429 5865 1947 6050 dccooglqctionesssclesiaeea
1965 5859 2106 5938 ludaeis
2125 5873 2161 5934 et
2177 5852 2369 5952 Gentibus.
