5825 6950
722 695 805 771 xtl.
858 692 1159 772 ENARRATlO
1186 693 1238 768 IN
1262 693 1443 770 EVANG.
1473 689 1691 772 loatttus.
1742 695 1845 775 CAP.
1873 697 1937 772 Xl.

541 877 723 954 Lazarus
740 881 906 954 mortuus
920 892 993 970 est,
1018 892 1080 960 ete.

412 1035 500 1109 Non
522 1042 642 1111 solum
668 1039 886 1112 resuscitatio
908 1040 1040 1109 factum
1064 1051 1117 1110 est
1139 1059 1307 1130 superans

323 1144 405 1212 circs
431 1157 638 1228 creaturae,
670 1147 729 1214 sed
757 1145 864 1214 ctiam
885 1138 971 1212 hacc
992 1141 1121 1212 notitia
1148 1154 1306 1226 eventus,

320 1247 371 1336 qni
386 1245 517 1336 procul
532 1246 725 1327 acciderat,
758 1259 898 1337 superat
921 1239 1108 1315 hominurn
1132 1258 1306 1316 naturam.

321 1351 402 1420 Sunt
419 1349 534 1438 igitur
549 1351 615 1418 uni
630 1350 801 1419 miraculo
818 1349 929 1418 multa
946 1348 1146 1428 coniuncta,
1173 1360 1207 1417 et
1223 1342 1308 1414 haec

321 1451 428 1520 omnia
447 1451 701 1544 principaliter
716 1454 811 1523 edita
826 1465 930 1535 sunt,
955 1464 995 1523 ut
1011 1464 1183 1521 testentur
1193 1449 1305 1520 Derim

327 1579 388 1623 sese
415 1555 630 1646 patefecisse
660 1555 780 1646 generi
812 1548 991 1638 humane,
1027 1568 1061 1624 et
1082 1553 1306 1622 confirmasse

328 1657 696 1728 doctriuamtraditam
713 1657 753 1726 in
769 1655 927 1728 Ecclesia
943 1678 1017 1730 sua.
1070 1650 1307 1748 ldeoqueEc·
1361 1692 1370 1707 ·

328 1760 413 1830 elesia
454 1751 569 1835 habet
600 1760 745 1853 propria
783 1762 955 1852 quaedam
984 1759 1172 1842 miracula,
1218 1779 1308 1850 quae

327 1865 409 1932 nulla
424 1877 592 1934 creatura
609 1877 723 1954 potest
738 1862 889 1947 imitari,
915 1874 956 1932 ut
975 1862 1060 1931 certi
1082 1861 1194 1929 simus
1213 1853 1306 1933 haue

323 1965 520 2036 doctrinam
550 1967 717 2058 scriptam
747 1989 810 2056 per
831 1958 1028 2058 Prophetas
1051 1978 1085 2034 ct
1107 1960 1309 2052 Apostolos,

319 2069 377 2138 Dei
395 2093 523 2138 vocem
549 2083 585 2139 et
605 2068 817 2139 senteutiam
842 2090 925 2142 esse.
976 2065 1193 2136 Habuerunt
1215 2060 1308 2134 Eth-

319 2172 384 2240 nici
397 2171 594 2256 miracula,
628 2185 669 2242 ut
686 2167 849 2262 Aruspex
870 2170 1036 2241 dissecuit
1058 2183 1172 2239 cotem
1197 2191 1308 2236 nova-

322 2275 412 2354 cula,
445 2274 617 2344 vaticinia
647 2274 828 2345 interdum
852 2296 953 2342 veros
984 2273 1097 2340 exitus
1126 2271 1308 2362 praedixe-

326 2391 420 2456 runt,
444 2379 509 2448 sed
524 2371 614 2447 haec
628 2378 732 2466 longe
750 2376 918 2446 inferiora
940 2391 1024 2446 sunt
1038 2373 1215 2444 Ecclesiae
1238 2373 1307 2441 rni-

333 2481 462 2560 raculis‚
488 2479 761 2550 resuscitatione
775 2494 996 2550 mortuorum
1019 2478 1159 2563 crebra,
1193 2490 1227 2546 et
1251 2498 1307 2544 re-

337 2595 442 2652 vocato
461 2606 573 2654 cursu
595 2581 710 2668 Solis,
742 2597 782 2653 ut
804 2583 843 2651 in
862 2578 1010 2652 historia
1027 2577 1150 2650 losuae
1170 2593 1205 2650 et
1220 2575 1308 2648 Eze-

331 2681 433 2769 chiae,
455 2699 495 2756 et
509 2699 682 2776 conceptu
698 2686 796 2754 anili.
848 2683 952 2754 Talia
973 2707 1047 2752 nou
1064 2697 1211 2776 possunt
1227 2683 1308 2750 imi-

332 2788 389 2858 tari
411 2801 615 2878 creaturae,
655 2811 720 2858 nec
747 2789 877 2859 frustra
899 2775 1087 2881 ’proposita
1109 2801 1193 2856 sunt
1223 2779 1309 2854 baec

326 2891 540 2974 testimonia,
572 2890 649 2962 vult
670 2915 710 2960 ea
734 2888 831 2961 Deus
862 2891 1019 2982 conspici
1052 2902 1086 2960 et
1119 2889 1307 2980 cogitaria
1360 2927 1736 3025 liriaprofimbanqur‚

325 2994 438 3078 nobis,
461 3006 503 3063 ut
520 2993 732 3064 confirment
746 2994 849 3063 fidem
866 2994 904 3062 in
928 2993 1051 3072 uobis,
1079 2994 1311 3086 quemadmo-

325 3097 400 3164 dum
418 3091 487 3166 hoc
500 3096 579 3188 ipso
604 3097 681 3165 loco
705 3096 823 3191 inquit
837 3092 1015 3168 Christus:
1050 3091 1199 3166 Gaudeo
1223 3118 1308 3186 pro·

324 3213 393 3290 pter
405 3224 484 3283 vos,
509 3212 549 3269 ut
568 3199 730 3272 credatis.
783 3194 891 3269 Item:
919 3197 1069 3289 Propter
1084 3199 1224 3268 turbam
1240 3197 1309 3265 cir-

325 3315 552 3372 cumstantem
576 3299 661 3370 baec
683 3301 777 3380 disi,
810 3314 851 3372 ut
874 3303 1039 3384 credant,
1074 3303 1171 3393 quod
1192 3314 1232 3368 tu
1254 3322 1311 3367 me

325 3405 472 3489 miseris,
496 3405 535 3475 id
551 3417 627 3490 est,
652 3418 687 3476 te
703 3405 854 3488 invoco,
879 3416 919 3472 ut
935 3415 1070 3472 constet
1085 3402 1311 3472 invocatione

325 3508 474 3577 nominis
488 3504 556 3577 Dei
570 3500 658 3579 baec
674 3509 844 3577 miracula
861 3507 954 3591 lieri,
981 3530 1090 3600 eaque
1107 3505 1310 3581 testimonia

326 3633 413 3695 esse,
444 3611 543 3705 quod
565 3604 626 3679 hic
649 3613 820 3680 invocans
836 3608 913 3681 Deo
942 3609 1096 3703 placeat,
1127 3610 1173 3682 sit
1196 3608 1310 3680 aDeo

325 3714 464 3793 missus,
490 3713 536 3783 sit
553 3736 659 3783 verax
674 3715 818 3799 doctor,
844 3728 908 3786 etc.

369 3894 452 3969 Scio
468 3892 573 3997 quod
585 3908 746 3995 resurget
772 3898 811 3970 ιἰι
829 3879 1104 3987 resurrectione,
1131 3897 1171 3971 in
1190 3898 1313 3971 noeis-

419 4000 514 4073 simo
530 3996 600 4076 die.

2161 723 2163 736 ¹
2270 692 2349 772 254

1357 863 1469 952 sisse,
1493 869 1651 942 suturam
1682 891 1755 940 esse
1784 869 2077 940 resurrectionem
2110 883 2347 952 mortuorum,
2391 861 2395 872 ’

1357 984 1391 1040 ιι
1415 973 1576 1042 futurum
1599 973 1784 1046 iudicium.
1836 971 1925 1042 Nam
1943 967 2142 1072 Prophetae
2164 973 2349 1042 manifeste

1356 1076 1402 1142 de
1436 1074 1693 1145 resurrectione
1728 1075 2005 1161 concionantur,
2048 1091 2088 1146 ut
2118 1074 2245 1147 Esaiae
2267 1075 2348 1146 36.:

1358 1174 1491 1247 Vivent
1526 1179 1676 1258 mortni,
1723 1179 1897 1248 interfecti
1930 1181 2001 1248 'mei
2038 1193 2233 1270 resurgent.
2301 1175 2349 1246 Et
2396 1198 2400 1207 ·

1358 1275 1439 1353 Era.
1455 1274 1537 1352 25.:
1570 1279 1617 1350 Et
1637 1303 1734 1350 mors
1757 1282 1985 1352 devorabitur
2007 1282 2168 1353 omniun.
2220 1275 2347 1350 Erech.

1358 1379 1436 1456 s⁷.:
1463 1380 1555 1452 Eece
1569 1405 1632 1472 ego
1650 1384 1803 1476 aperiam
1817 1386 1973 1455 tumulos
1989 1399 2135 1461 vestros.
2186 1383 2348 1456 Danielis

1362 1487 1436 1559 ta:
1462 1483 1510 1556 Et
1523 1485 1625 1580 multi
1641 1489 1686 1556 cle
1702 1483 1758 1556 his
1773 1487 1833 1580 qni
1858 1489 2041 1558 dormiunt
2066 1489 2104 1556 in
2130 1501 2245 1558 terrae
2266 1485 2348 1575 pul-

1360 1612 1459 1673 vere,
1493 1589 1732 1678 evigilabunt,
1770 1589 1831 1658 alii
1855 1590 1892 1658 in
1918 1591 2026 1660 vitam
2050 1605 2251 1671 aeternam,
2285 1587 2349 1656 alii

1359 1717 1398 1760 ιιι
1412 1692 1667 1784 opprobrium,
1693 1707 1733 1762 ut
1754 1694 1898 1762 videant
1922 1717 2074 1783 semper,
2108 1708 2143 1762 ct
2163 1688 2347 1762 Psal.'16.:

1360 1795 1454 1864 Caro
1471 1819 1546 1864 mea
1562 1795 1751 1888 requiescit
1769 1796 1808 1866 iu
1822 1817 1901 1887 spe,
1926 1819 2002 1864 non
2019 1797 2245 1888 derelinquas
2269 1793 2349 1862 aui-

1359 1921 1454 1967 mam
1471 1921 1585 1966 meam
1600 1899 1637 1965 in
1655 1899 1814 1984 inferno,
1847 1921 1913 1966 nec
1939 1899 2041 1968 dabis
2064 1911 2222 1968 sanctum
2247 1911 2348 1965 tutam

1359 2001 1483 2070 videre
1505 2002 1781 2092 corruptionem.
1831 1998 1929 2070 Hiob
1955 2000 2030 2072 19.:
2067 2000 2150 2073 Scio
2174 2000 2268 2092 quod
2294 2019 2351 2066 re-

1359 2106 1499 2172 demtor
1523 2125 1623 2172 meus
1644 2105 1749 2188 vivit,
1781 2116 1816 2175 et
1838 2106 1878 2172 in
1902 2103 2093 2174 novissima
2117 2103 2173 2174 die
2189 2106 2233 2172 de
2256 2117 2349 2171 terra

1359 2220 1621 2278 resurrecturus
1647 2231 1744 2292 sum,
1781 2222 1814 2280 et
1841 2225 1964 2278 rursus
1987 2207 2236 2276 circumdabor
2259 2201 2351 2296 pelle

1361 2333 1456 2388 mea,
1482 2321 1517 2378 ιι
1532 2310 1570 2378 iu
1588 2333 1693 2380 carne
1710 2335 1785 2380 mea
1810 2311 1939 2380 videbo
1954 2309 2090 2394 Deum,
2123 2333 2228 2403 quem
2253 2307 2351 2374 visu·

1358 2433 1421 2480 ms
1435 2433 1515 2481 sum
1532 2434 1595 2500 ego
1611 2412 1704 2512 ipse,
1737 2427 1773 2484 ιι
1796 2414 1988 2483 οιιιΙί.“ιιιιί
2012 2411 2234 2504 conspecturi
2258 2421 2352 2488 sunt,

1359 2527 1395 2584 ιι
1415 2537 1491 2583 non
1513 2516 1615 2587 alius.
1681 2512 1778 2586 Haec
1802 2529 1872 2586 tam
1897 2517 2048 2587 illustria
2076 2513 2277 2588 testimonia
2300 2511 2353 2600 pii
2426 2517 2434 2532 '

1359 2640 1434 2685 non
1449 2617 1748 2709 aspernabantur,
1783 2633 1817 2688 et
1842 2621 1952 2690 multa
1976 2631 2061 2690 suut
2083 2620 2210 2712 passim
2233 2635 2352 2706 sparsa

1360 2722 1399 2788 in
1415 2733 1487 2791 tota
1510 2721 1683 2812 scriptura
1710 2717 1933 2815 prophetica,
1965 2745 2055 2816 quae
2077 2745 2158 2792 cum
2181 2711 2238 2789 his
2264 2739 2352 2786 con-

1360 2835 1511 2912 gruunt,
1539 2824 1619 2893 ideo
1641 2837 1676 2895 et
1693 2821 1893 2908 Pharisaei,
1918 2827 1981 2919 qui
1998 2826 2062 2896 etsi
2078 2825 2147 2894 alia
2162 2823 2273 2892 multe
2289 2823 2353 2888 de-

1761 2941 1880 2997 tamen
1896 2924 1992 2998 hunc
2015 2928 2204 3001 articulum
2229 2936 2353 2994 contra

1351 2998 2038 3116 baddueaeosacerrimedefendebant,
2069 3028 2352 3128 videlicet'futu-

1360 3155 1531 3202 ramesse
1555 3133 1850 3202 resurrectionem
1872 3147 2117 3214 mortuorum,
2153 3144 2193 3200 ut
2217 3140 2354 3198 constat

1360 3257 1402 3302 ιιι
1438 3229 1535 3303 Αιιίι
1558 3257 1634 3324 cap.
1653 3235 1715 3308 23.
1768 3233 1930 3305 Tenebat
1959 3237 2068 3326 igitur
2089 3228 2234 3303 Martha
2261 3227 2354 3300 hanc

1360 3337 1571 3406 sententiam
1590 3361 1630 3404 ex
1647 3339 1774 3406 usitata
1791 3338 1952 3408 doctriua
1970 3338 2110 3430 piorum
2136 3339 2174 3406 in
2199 3337 2266 3404 isto
2289 3356 2353 3424 po-

1361 3441 1467 3531 pulo,
1493 3452 1660 3510 ettamen
1676 3439 1844 3511 credibile
1861 3453 1931 3525 est,
1957 3464 2032 3509 earn
2050 3453 2085 3512 et
2105 3441 2148 3509 de
2170 3432 2239 3508 hoc
2264 3434 2352 3505 arti·

1361 3543 1440 3612 culo
1457 3557 1493 3613 et
1507 3543 1673 3613 universa
1696 3544 1858 3613 doctrina
1876 3540 2064 3635 Evangelii
2085 3566 2188 3635 saepe
2211 3555 2247 3612 ιι
2269 3538 2353 3607 dili-

1361 3660 1485 3738 genter
1501 3646 1677 3717 audivisse
1693 3641 1890 3718 Christum.

1528 3814 1711 3912 Egosum
1729 3815 1940 3893 resurrectio
1968 3826 1998 3887 et
2024 3814 2099 3887 vita
2123 3826 2186 3891 etc.

1462 3949 1564 4022 Duae
1579 3967 1662 4024 stant
1677 3953 1833 4043 insignes
1848 3955 2056 4038 sententiae,
2081 3953 2354 4043 complectentes

1273 4096 1278 4101 ·
1360 4078 1534 4125 summam
1556 4052 1878 4145 totinsEvangelii.
1938 4057 2049 4149 Saepe
2071 4068 2188 4127 autem
2211 4053 2353 4123 monui-
2463 4103 2467 4111 .

329 4169 339 4189 ’
390 4159 556 4250 hugum
588 4160 809 4254 colloquium
840 4173 892 4231 est
912 4156 1078 4234 Marthae
1108 4176 1143 4235 ιι
1166 4156 1313 4246 Christi,
1360 4182 1439 4228 mus
1463 4158 1651 4251 praecipue
1677 4159 1738 4228 illa
1760 4161 1961 4230 testimonia
1992 4159 2213 4230 observanda
2237 4172 2271 4229 et
2292 4181 2354 4225 ex·

323 4264 357 4333 iu
382 4288 455 4356 qno
483 4257 639 4347 Martha,
654 4264 828 4354 significat
855 4265 1063 4356 petitionem
1087 4268 1132 4335 de
1152 4286 1311 4335 resurre-
1361 4263 1536 4353 cerpenda
1553 4285 1644 4348 esse,
1679 4262 1868 4355 inquibus
1889 4287 2025 4332 summa
2049 4259 2234 4351 Evangelii
2256 4280 2355 4329 cnm-

322 4366 456 4451 etione,
476 4379 511 4436 et
529 4366 635 4436 initio
657 4366 828 4451 affirmet,
861 4367 1020 4455 potuisse
1038 4364 1226 4438 'Christum
1249 4370 1313 4437 de-
1362 4360 1535 4456 prebensa
1558 4379 1621 4435 cst.
1671 4363 1798 4437 Voluit
1819 4367 1916 4435 enim
1941 4362 2105 4436 Christus
2126 4376 2217 4433 certa
2239 4375 2274 4432 ct
2295 4384 2356 4428 ex·

321 4470 449 4559 pellere
463 4468 649 4553 morbum,
686 4469 829 4538 vivente
850 4468 1006 4555 Lazaro,
1036 4486 1072 4541 ιι
1092 4494 1190 4539 nnuc
1212 4493 1312 4560 posse
1360 4468 1489 4559 plicata
1517 4468 1674 4549 tradere,
1716 4491 1790 4537 nnn
1816 4470 1931 4540 voluit
1954 4470 2135 4557 ambiguas
2160 4478 2195 4535 et
2217 4463 2356 4533 llexilo-

319 4594 481 4642 reeocare
496 4585 680 4642 mortuum
694 4572 733 4638 in
749 4573 877 4653 vitam,
913 4568 999 4641 haec
1021 4574 1138 4664 prima
1159 4586 1312 4643 estcon-
1362 4592 1448 4664 quas
1463 4570 1720 4663 disputationes
1737 4594 1869 4655 serere,
1903 4594 1994 4667 qnae
2017 4571 2219 4640 animorum
2246 4565 2355 4635 dubi·
2463 4634 2466 4645 ,

318 4676 418 4745 lessio
432 4676 479 4744 de
492 4674 650 4765 potentia
665 4668 812 4745 Christi.
864 4676 1012 4746 Accedit
1027 4676 1137 4764 igitur
1156 4678 1311 4767 promis-
1359 4673 1511 4743 tationes
1540 4688 1572 4743 et
1609 4674 1836 4745 confusiones
1861 4686 2041 4767 parerent:
2091 4668 2168 4760 Ego
2194 4693 2272 4738 sum
2296 4690 2356 4736 re-

319 4777 649 4860 siodevoluntate,
674 4801 780 4869 qnam
801 4778 932 4848 mulier
947 4802 1022 4848 non
1038 4780 1158 4850 statim
1175 4779 1311 4847 intelli·
1360 4778 1533 4847 surrectio
1548 4793 1581 4848 ιι
1595 4778 1688 4859 vita,
1720 4776 1756 4844 id
1782 4792 1853 4861 ιιι,
1887 4776 2113 4847 resuscitator
2129 4786 2162 4843 et
2179 4774 2283 4843 dator
2301 4770 2355 4838 vi·

321 4882 381 4967 git:
408 4877 587 4969 Resurget
602 4881 711 4948 frater
726 4892 819 4953 tuus.
853 4878 1092 4951 Hancvocem
1107 4882 1312 4950 mulierin·
1360 4894 1436 4958 tae,
1462 4874 1927 4971 utapndEsaiamdicitur:
1956 4876 2061 4948 Pater
2077 4878 2168 4947 vitae
2183 4890 2356 4953 aeternae,

321 4982 443 5073 telligit
466 4984 513 5051 de
537 4981 795 5051 resurrectione
817 4984 936 5053 futura
962 4984 1000 5052 in
1023 4984 1220 5053 novissimo
1241 4984 1311 5058 die.
1361 4995 1394 5051 et
1412 4982 1600 5074 aliquoties
1628 4982 1861 5072 supradicit:
1896 4980 2016 5052 Vitam
2035 4994 2212 5051 aeternam
2231 4980 2277 5046 do
2292 4977 2356 5060 eis,

322 5080 392 5153 Etsi
412 5098 532 5156 antem
548 5078 608 5153 bic
629 5098 807 5179 quaerunt
821 5085 953 5179 aliqui,
987 5088 1086 5157 unde
1107 5086 1239 5156 mulier
1258 5100 1311 5156 te-
1360 5100 1425 5157 etc.
1479 5082 1528 5156 Ut
1549 5099 1666 5155 autem
1697 5084 1888 5155 discrimen
1913 5085 2060 5171 sciatur,
2101 5084 2197 5151 inter
2218 5077 2355 5172 eosqui

322 5201 395 5258 neat
418 5188 631 5259 sersteutiam
653 5188 698 5256 de
721 5190 982 5260 resurrectione
1011 5190 1224 5276 universali,
1264 5212 1313 5258 an
1361 5186 1571 5257 beneficium
1593 5182 1727 5271 Christi
1757 5201 2041 5282 consequuntur,
2084 5200 2118 5256 et
2149 5184 2243 5252 inter
2265 5182 2356 5250 alios

323 5312 358 5357 er
378 5285 510 5361 Christi
531 5290 765 5360 concionibus
785 5316 908 5361 recens
931 5292 1116 5378 didicerit,
1151 5315 1197 5361 an
1226 5316 1310 5387 vero
1360 5291 1423 5383 qui
1443 5302 1821 5383 nonconseqnuutuc,
1847 5292 1963 5360 addit:
1997 5289 2068 5380 Qui
2093 5286 2205 5357 credit
2224 5284 2262 5355 in
2286 5308 2355 5367 me,

325 5414 454 5485 suuper
480 5393 521 5461 in
551 5392 686 5484 populo
717 5390 827 5464 lsrael
855 5393 998 5487 publice
1021 5389 1109 5465 haec
1136 5396 1311 5466 sententia
1361 5392 1498 5463 etiamsi
1515 5392 1819 5479 mortuusfuerit,
1846 5394 1951 5464 vivet.

324 5494 504 5581 ιιιιιιιιιίι,
553 5496 711 5565 futuram
747 5499 1043 5568 resurrectionem
1084 5510 1310 5571 mortuorum
1462 5494 1575 5565 Plana
1605 5507 1639 5563 et
1669 5495 1762 5563 clara
1795 5494 1971 5567 sen-tentia
1999 5508 2065 5579 est,
2114 5492 2183 5561 lide
2212 5503 2356 5583 propter

326 5596 571 5682 universalem,
595 5611 631 5667 ιι
646 5595 763 5667 Deum
779 5599 1021 5673 iudicaturum
1038 5623 1112 5670 esse
1127 5603 1172 5669 de
1187 5601 1309 5671 omni·
1360 5593 1543 5670 Christum
1560 5622 1625 5667 nos
1638 5598 1826 5668 liberari'a
1842 5614 1957 5668 morte
1979 5609 2139 5681 aeterna,
2172 5608 2207 5665 et
2230 5614 2356 5661 couse-

326 5696 383 5766 bns
397 5694 624 5779 bominibus,
651 5713 685 5770 et
700 5701 869 5771 daturum
887 5700 1067 5773 Ecclesiae
1083 5727 1167 5774 suae
1179 5704 1309 5793 gaudia
1362 5700 1426 5793 qni
1443 5701 1553 5770 vitam
1577 5714 1785 5771 aeternam:
1823 5698 1896 5771 Nec
1919 5722 2009 5791 opus
2024 5712 2076 5770 est
2092 5695 2278 5767 sententiis
2293 5715 2357 5783 per

327 5816 477 5882 aeterna,
517 5816 554 5874 et
582 5802 703 5894 impiis
736 5828 884 5895 poenas:
927 5818 1048 5875 tamen
1079 5807 1311 5877 manifestum
1358 5824 1434 5872 sese
1446 5802 1645 5873 manifestis
1658 5802 1896 5897 etperspicuis
1915 5804 2046 5872 addere
2061 5801 2358 5890 longioresenar-

326 5918 369 5974 est
384 5928 521 5997 semper
535 5900 701 6007 homiues
714 5905 795 5998 pios
811 5906 851 5977 in
875 5908 1010 6001 populo
1025 5904 1135 5979 lsraiil
1157 5908 1208 5979 sie
1227 5932 1309 5979 sen·
1331 5940 1337 5960 ·
1358 5906 1536 5978 rationes.
