5825 6950
568 599 656 760 ιιι
869 678 875 693 ·
931 676 942 704 ··
1172 624 2014 770 iamsiiauauiiiriauxmurica..
2178 653 2249 726 ›.:
2500 643 2566 724 m

997 809 1145 904 sewi
1253 833 1257 842 ·
1494 828 1508 888 ·,
1615 803 1827 904 ataieoperi
1846 823 2010 896 esterna,
2034 823 2218 904 praecepta
2240 813 2374 906 ricae.
2421 811 2569 891 Hionios

624 888 637 900 ··
674 935 790 1016 Causa
808 938 1032 1015 alliciensest
1054 934 1221 1006 noluntas
1237 929 1325 1019 Dei,
1350 953 1440 1027 quae
1456 923 1566 1001 Cbri-
1615 909 1751 1001 iubis,
1783 911 1846 1005 qui
1869 937 1943 984 iion
1964 929 2049 988 sunt
2071 916 2298 998 tianensem,
2321 919 2571 995 iocatundisci·

576 1061 671 1125 stum
686 1068 754 1139 pro
771 1042 877 1116 nobis
892 1040 1007 1116 voluit
1019 1038 1098 1106 fieri
1116 1033 1308 1123 victimam,
1323 1048 1357 1107 et
1374 1031 1441 1106 hoc
1456 1035 1565 1103 niodo
1615 1016 1726 1109 plina·
1785 1012 2003 1110 Quanquam
2035 1030 2154 1091 autem
2183 1042 2257 1090 non
2286 1019 2447 1092 iustificat
2471 1043 2572 1094 soram

575 1162 723 1246 propter
743 1144 860 1237 ipsum
883 1141 996 1212 nostri
1021 1138 1200 1222 misereri,
1227 1161 1301 1209 non
1333 1152 1480 1233 propter
1500 1135 1567 1206 ali·
1617 1118 1732 1239 Βᾶθι.
1752 1129 1871 1236 lmen
1903 1119 1992 1192 stite
2013 1121 2213 1238 debemus,
2252 1114 2344 1240 banc
2372 1121 2574 1214 disciplinam

577 1274 684 1350 quani
699 1261 859 1320 nostram
878 1243 1103 1334 dignitatem.
1249 1232 1253 1247 '
1476 1291 1480 1298 .
1618 1241 1773 1312 praecipi
1795 1245 1816 1290 a
1838 1221 1940 1307 Deo,
1975 1235 2082 1294 etiam
2106 1243 2181 1294 nou
2203 1223 2441 1306 sanctificatis,
2471 1227 2576 1296 etali-

748 1394 917 1480 Quomodo
937 1392 1106 1472 mesangia
1126 1387 1222 1457 nota
1243 1356 1394 1470 gestia?
1618 1346 1690 1498 ἔω
1716 1323 1946 1494 m⁰f³⁰hp⁰⁵⁸⁰
1967 1347 2044 1396 Μ
2057 1325 2241 1445 fistulati
2263 1321 2426 1446 humanis
2447 1327 2576 1446 viribus.

684 1520 844 1594 Verbum
867 1517 936 1591 Dei
958 1531 1010 1588 est
1037 1516 1334 1604 instrumentum,
1359 1523 1394 1581 et
1417 1505 1487 1582 boc
1500 1509 1570 1580 fide
1618 1428 2143 1621 ἀζᾟῗοᾳῇἀοῆἓᾚῖἓὲῑέ
2160 1450 2226 1614 ἔπ’,
2236 1429 2578 1624 Ρὲζὲἓὸἓξῑὲἔῃιὲᾞ

582 1625 828 1718 &finiendum
858 1635 921 1692 “b
989 1616 1145 1708 Q¹¹²fld⁰
1183 1616 1279 1686 ‘ssim
1310 1613 1419 1684 ⁰⁰¹&
1450 1613 1569 1684 ⁶⁰¹¹&
1619 1633 1755 1702 dorium
1780 1629 1873 1702 vitae
1895 1631 2110 1724 corporalis,
2152 1634 2250 1728 quod
2271 1632 2367 1706 Deus
2391 1645 2426 1704 et
2446 1633 2536 1706 dedit
2551 1647 2579 1710 et

583 1729 691 1823 piuut
725 1724 1006 1797 consolationem
1041 1718 1368 1812 repromissione,
1408 1739 1500 1811 qnae
1530 1715 1569 1784 in
1622 1744 1826 1805 comma„

584 1829 781 1952 {mugello
800 1825 1042 1948 revelataoest,
1066 1833 1222 1941 statuant
1246 1843 1283 1891 se
1305 1841 1389 1890 vere
1401 1817 1570 1936 consequi
1719 1848 1814 1923 sun,
1828 1861 1946 1922 autem
1967 1851 2055 1924 fine,
2069 1865 2225 1948 quatum,
2242 1850 2508 1936 considerandp‘
2529 1854 2579 1946 qui

583 1933 668 2052 ’,μ’
691 1954 783 2054 Ψ
808 1941 984 2022 pmmn
1003 1923 1254 2046 limgehfm’
1280 1923 1414 2042 ⁸⁶¹‚¹¹“,²
1430 1943 1571 2042 fam·
1620 1975 1687 2026 iios
1710 1947 1846 2024 hortari
1867 1955 2017 2035 debent,
2043 1969 2084 2026 ut
2104 1979 2241 2028 sumnia
2257 1979 2341 2028 cura
2363 1971 2397 2026 et
2418 1955 2581 2053 diligentia

584 2057 724 2154 sionem
745 2045 989 2127 peccatorum,
1022 2039 1294 2148 imputationem
1323 2037 1505 2109 insuetae,
1536 2034 1570 2092 et
1620 2070 1837 2149 praestemus
1853 2050 1946 2130 hanc
1963 2057 2223 2149 paedagogium·
2259 2056 2480 2137 Primum„
2502 2055 2581 2146 Qui·

587 2135 764 2258 Sf'f'mm
785 2147 964 2205 ”mmm
989 2152 1073 2250 ‘³⁰2⁸
1103 2128 1203 2249 ΡΜ,
1221 2141 1275 2248 “f
1294 2149 1419 2211 vem·
1444 2141 1480 2198 ει
1496 2125 1572 2244 ⁷¹¹¹}
1621 2159 1716 2230 Deus
1737 2152 1831 2228 hanc
1852 2159 2094 2230 obedientiam
2125 2159 2295 2254 requirit,
2329 2160 2435 2232 ctiam
2460 2157 2497 2230 in
2519 2181 2581 2230 nun

585 2241 656 2310 sibi
687 2233 780 2309 hanc
800 2235 951 2327 gloriam
975 2246 1134 2305 veritatis
1158 2232 1282 2350 tribui.
1333 2226 1422 2299 Vult
1444 2250 1481 2299 se
1502 2226 1571 2298 culi
1621 2259 1857 2334 sanctificam
1908 2259 2113 2347 secundus,
2140 2259 2360 2335 nemetiam
2385 2260 2581 2353 addimm-

584 2335 661 2411 bac·
680 2340 771 2426 fiae,
805 2351 847 2410 ut
877 2337 989 2408 verbo
1011 2358 1076 2406 auo
1099 2347 1344 2406 assentiamur.
1406 2330 1483 2401 lino
1505 2326 1572 2400 boc
1621 2364 1694 2434 mia
1722 2375 1758 2434 e,
1789 2385 1932 2454 poenas·
1994 2363 2138 2436 armins
2165 2364 2264 2450 Μ’,
2306 2377 2450 2456 propter
2479 2385 2580 2454 pacem

588 2456 642 2515 ‘⁸¹
664 2464 842 2560 mmmm?
866 2454 900 2511 ⁰²
919 2437 1142 2555 immumbss?
1166 2445 1477 2552 9²³‘c‘P¹¹¹¹¹¹’,¹¹²
1498 2455 1573 2501 “⁰⁶
1623 2465 1822 2536 communis
1850 2465 2040 2536 societatis.
2116 2463 2276 2554 Quartus
2302 2467 2405 2554 finis,
2440 2466 2516 2561 quis
2541 2477 2582 2538 eat

589 2546 715 2617 damus
738 2544 843 2615 nubis
865 2554 1013 2634 propter
1040 2534 1224 2610 Christum
1247 2532 1334 2608 baec
1358 2536 1459 2619 dari,
1483 2557 1573 2628 quae
1623 2569 1729 2639 emm
1752 2568 1966 2661 paedagogia
1994 2569 2033 2636 in
2047 2562 2245 2644 Christum·

590 2645 766 2740 promittit
782 2639 1029 2734 Evangelium}
1078 2637 1128 2711 Et
1151 2653 1192 2711 ut
1213 2661 1452 2730 repugnemus
1468 2635 1575 2706 dubi·

590 2748 737 2840 tatioui,
771 2747 953 2819 sciendum
978 2757 1048 2825 est,
1083 2741 1355 2834 promissionem
1384 2740 1574 2830 gratuitam

591 2862 627 2922 et
653 2849 890 2920 universalem
911 2868 1008 2931 esse,
1043 2845 1126 2938 quis
1147 2843 1374 2914 conscientiis
1395 2839 1483 2912 baec
1504 2844 1575 2914 dou

590 2953 820 3055 obstrepunt,
845 2949 1039 3040 indignitas
1063 2961 1184 3020 nostra
1202 2960 1238 3018 et
1250 2944 1525 3039 particularitas.

1727 2701 1814 2774 Tria
1830 2714 1948 2774 autem
1967 2703 2011 2772 ad
2028 2704 2277 2796 paedagogiani
2296 2703 2482 2797 pertinent.
2524 2695 2582 2771 Nc·

1625 2827 1717 2876 cesse
1732 2820 1784 2876 est
1803 2805 1966 2875 ordinem
1990 2818 2025 2877 et
2042 2805 2160 2896 p'acem
2177 2830 2269 2894 esse,
2295 2821 2336 2877 ut
2362 2801 2515 2875 homines
2533 2803 2585 2870 do·

1626 2910 1696 2980 reri
1712 2907 1858 3001 possint.
1910 2905 2096 2994 Secundo,
2121 2931 2260 2980 necesse
2279 2923 2333 2980 est
2350 2905 2507 2979 homines
2526 2925 2587 2972 non

1626 3033 1823 3104 repugnare
1840 3010 1951 3080 verbo
1966 3007 2049 3095 Dei,
2076 3034 2149 3081 non
2165 3012 2384 3082 commorari
2406 3011 2444 3079 iii
2463 3005 2590 3078 manile·

631 3194 640 3216 .
914 3097 1072 3186 ΨΜ·
1098 3099 1249 3179 ‘'⁰²⁸'st
1627 3116 1689 3187 stis
1711 3113 1865 3204 flagitiis.
1915 3112 2009 3182 Nam
2033 3114 2072 3183 iii
2093 3128 2340 3185 commorante
2363 3137 2436 3184 nori
2464 3124 2510 3182 est
2530 3108 2588 3177 elli·

693 3219 818 3294 Motna
834 3218 991 3314 Spiritus
1004 3220 1215 3314 sancti,qni
1231 3219 1341 3305 liniat,
1360 3241 1440 3288 cuni
1457 3213 1578 3286 Eran·
1628 3217 1854 3288 caxveibum
1870 3213 1948 3285 Dei.
2000 3213 2142 3301 Tertio,
2170 3211 2588 3308 paedagogianonsolum

589 3324 726 3417 galium
750 3319 1067 3417 apprehendimus,
1101 3344 1142 3392 ac
1169 3321 1379 3413 praecipuus
1407 3336 1456 3394 est
1480 3320 1578 3403 fides,
1628 3319 1724 3419 pacis
1748 3333 1863 3389 custos
1887 3332 1958 3404 est,
1992 3341 2066 3388 nun
2087 3321 2202 3389 solum
2227 3333 2390 3400 coercet,
2422 3314 2587 3388 sedetiam

592 3449 744 3522 quanos
766 3427 954 3517 erigimus,
980 3437 1015 3497 et
1039 3423 1227 3495 statuimus
1254 3423 1359 3495 nobia
1384 3420 1482 3495 Dens
1505 3443 1578 3491 esse
1628 3425 1742 3494 docet.
1799 3419 1839 3491 ld
1864 3420 2048 3514 proprium
2077 3435 2129 3493 est
2159 3423 2414 3515 paedagogice,
2445 3420 2519 3491 ideo
2546 3413 2589 3485 lii

591 3530 794 3625 propicium
808 3523 1164 3627 propteerristiim.
1214 3524 1284 3597 Hic
1304 3540 1422 3597 mutua
1445 3526 1577 3595 dicitur
1628 3520 1754 3595 habuit
1778 3524 2012 3610 ceremonias,
2044 3539 2078 3596 et
2112 3520 2220 3596 habet
2247 3525 2342 3595 ritus
2371 3539 2403 3597 et
2435 3520 2588 3595 exercitia.

593 3631 804 3713 vivificatio,
839 3632 923 3724 quia
957 3622 1022 3698 hac
1054 3630 1182 3700 fiducia
1207 3630 1404 3699 vincuntur
1424 3643 1576 3700 terrores
1627 3627 1777 3721 quilibet
1801 3625 1881 3719 pins
1903 3627 2166 3719 paterfamilias.
2217 3624 2267 3699 Ut
2297 3626 2364 3698 illa
2392 3627 2463 3722 ipsa
2489 3642 2590 3694 assue-

595 3734 729 3825 peccati
758 3748 793 3805 et
810 3733 947 3806 mortis.
997 3729 1206 3825 Sequuntur
1221 3732 1352 3801 deinde
1364 3731 1426 3800 alii
1442 3744 1575 3801 motus:
1626 3730 1733 3801 factio
1748 3730 1870 3801 doceat
1887 3732 1994 3801 rudes
2007 3743 2041 3801 et
2058 3728 2235 3813 infirmos,
2250 3730 2431 3814 canimus,
2451 3726 2589 3817 ligimus,

593 3834 739 3907 lncoaia
754 3834 957 3908 obedientia
971 3854 1053 3923 erga
1067 3830 1204 3920 Deum,
1230 3834 1431 3919 invocatio,
1457 3833 1578 3918 timor,
1627 3833 1841 3904 meditamur
1856 3833 1976 3927 aliqua
1990 3831 2068 3903 loca
2083 3832 2298 3924 scripturae,
2320 3832 2426 3905 certis
2441 3822 2591 3919 tempori·

593 3936 756 4018 dilectio,
780 3937 973 4029 patientia,
988 3935 1146 4016 castitas,
1163 3948 1198 4007 ιι
1212 3936 1342 4030 reliqui
1358 3950 1476 4005 moins
1490 3960 1576 4005 coii-
1626 3937 1694 4005 bus
1709 3936 1941 4028 paedagogiae
1956 3956 2080 4019 caiisa,
2103 3932 2140 4003 id
2166 3947 2236 4021 est,
2261 3948 2303 4005 ut
2324 3935 2471 4006 verbum
2492 3924 2591 3999 incul-

595 4039 786 4111 sentientes
812 4038 882 4129 legi
906 4035 993 4121 net,
1022 4038 1115 4109 sieut
1138 4037 1275 4111 dictum
1305 4051 1374 4109 est:
1399 4035 1501 4108 Dabo
1526 4038 1576 4106 le·
1627 4051 1741 4122 cetur,
1760 4050 1798 4107 ut
1813 4036 1995 4107 assuefacti
2012 4036 2251 4127 intelligamus
2265 4038 2416 4108 verbum
2432 4032 2507 4106 Dei.
2542 4026 2593 4101 En

593 4163 672 4232 gem
694 4164 808 4211 meam
832 4139 871 4209 in
894 4140 1002 4211 corde
1023 4163 1159 4225 eorum,
1207 4140 1302 4213 Sunt
1327 4141 1473 4211 effectus
1496 4163 1577 4229 gia·
1628 4154 1745 4211 autem
1764 4138 1920 4232 Spiritus
1935 4152 2076 4209 sanctus
2093 4140 2212 4209 efficax
2230 4162 2293 4231 per
2308 4140 2470 4210 verbnm.

594 4242 664 4314 tiae
686 4243 791 4314 etiam
815 4241 982 4315 liberatio
1006 4266 1025 4311 a
1044 4255 1213 4330 potestate
1228 4242 1379 4325 diaboli,
1403 4242 1576 4313 auxilium

777 4344 788 4361 .
1027 4344 1036 4361 .
1147 4345 1156 4364 ,
1384 4343 1393 4362 ,
1729 4270 1808 4345 Hac
1823 4275 1991 4345 utilitates
2013 4298 2086 4343 noii
2105 4287 2188 4345 aunt
2203 4274 2498 4359 contemnendae,
2521 4264 2591 4361 quii

596 4357 719 4418 contra
750 4345 934 4416 diabolum
965 4357 1000 4415 ιι
1025 4344 1266 4416 infirmitatem
1297 4367 1424 4415 earnis.
1486 4340 1576 4415 Item
2582 4362 2590 4383 ·

1629 4388 1720 4447 certe
1743 4372 1830 4447 haec
1853 4378 1925 4447 duo
1951 4388 2036 4447 siint
2059 4376 2274 4460 necessaria,
2300 4401 2378 4446 nou
2400 4390 2592 4446 commorari

595 4446 790 4517 consolatio
806 4446 1028 4565 etpiisilipm
1045 4447 1083 4514 in
1100 4448 1344 4538 praesentibus
1365 4446 1577 4517 calamitati·
1629 4479 1667 4548 pn
1682 4476 1876 4549 mma,
1894 4478 2061 4572 peccati„
2086 4490 2120 4549 ,p
2136 4478 2270 4548 ,pum
2292 4502 2333 4549 ,c
2350 4476 2509 4549 medita,
2528 4492 2594 4539 ver.

595 4548 681 4633 bus,
713 4549 805 4620 sicut
822 4562 872 4618 ait
891 4544 1070 4618 Christus:
1096 4543 1178 4618 Nun
1203 4550 1406 4643 relinquam
1434 4572 1497 4619 vos

1077 4651 1086 4667 .
1192 4649 1202 4667 .
1469 4573 1577 4667 „⁰¹”
1630 4584 1715 4651 bum
1741 4578 1829 4653 Dei:
1863 4594 1898 4652 ct
1921 4593 2039 4650 tamen
2062 4578 2205 4651 interim
2228 4571 2596 4652 ducendisuntbomi·

594 4644 745 4743 Pham
795 4644 863 4721 En
890 4649 1034 4721 ώσω*
1060 4650 1227 4723 ¹¹b²¹³¹¹⁰
1259 4674 1279 4721 ³
1309 4651 1405 4739 lege,
1430 4652 1578 4737 “mee‘’
1630 4705 1711 4763 nes,
1733 4685 1829 4774 quod
1847 4676 1932 4752 baec
1948 4695 2092 4752 externa
2108 4682 2272 4754 exercitia
2290 4707 2364 4755 non
2382 4684 2456 4753 sint
2470 4674 2592 4749 iusticia

594 4775 640 4821 ¹¹²
671 4752 852 4871 ‘f‘demf’
886 4753 1108 4872 ⁰⁰¹}d‘mn‘b
1167 4750 1325 4825 Uffimn‘
1352 4752 1578 4873 effec¹¹¹³f⁵²
1629 4809 1746 4857 coram
1763 4782 1860 4870 D'eo,
1885 4786 1945 4852 sed
1971 4785 2065 4877 quod
2089 4785 2186 4854 alind
2210 4785 2380 4880 quiddam
2403 4784 2449 4855 sit
2471 4774 2594 4852 iusticia

595 4866 853 4925 consummatio
882 4866 992 4927 totius
1019 4866 1167 4928 naturae
1189 4869 1331 4927 nostrae
1362 4870 1397 4927 et
1427 4871 1580 4945 novitas,
1630 4910 1747 4957 ,mm
1763 4882 1853 4959 Dm·
1892 4882 2082 4955 caeterum
2098 4908 2178 4957 mm
2193 4888 2328 4958 ,Μὴ
2344 4874 2593 4957 fidaainChri·

596 4968 632 5029 ²1
653 4956 724 5029 '52⁸
746 4970 900 5031 *elem-
1630 5004 1741 5073 stum,
1768 4988 1806 5057 iii
1828 4982 1901 5069 liis,
1927 4989 2092 5080 quisunt
2115 4988 2182 5081 pii,
2206 4988 2310 5060 etiam
2328 4984 2414 5059 baec
2436 4979 2595 5061 exercitia,

1630 5091 1761 5185 quibus
1781 5095 1961 5160 coercetur
1980 5114 2083 5180 caro,
2107 5090 2136 5160 ai
2160 5090 2248 5165 liant
2268 5092 2391 5165 debito
2415 5090 2501 5175 line,
2523 5089 2595 5155 tuni

978 5186 1041 5254 De
1067 5186 1193 5270 laege.
1630 5194 1724 5263 bona
1740 5215 1847 5284 opera
1863 5206 1895 5261 ιι
1911 5188 1988 5261 Deo
2005 5192 2191 5284 placentia.

697 5304 879 5403 Principio
894 5312 1096 5381 monendus
1111 5324 1164 5383 est
1179 5310 1307 5394 lector,
1330 5306 1484 5381 Paulum
1502 5334 1578 5383 noii
1730 5306 1827 5381 Haec
1841 5309 1927 5379 satis
1941 5309 1987 5380 sit
2001 5308 2181 5380 monuisse
2204 5310 2249 5382 de
2270 5310 2387 5403 primu
2411 5320 2446 5379 et
2460 5297 2593 5399 palili&

593 5406 694 5505 loqui
716 5412 761 5483 de
780 5412 929 5504 politico
949 5436 1019 5485 usu
1045 5412 1152 5503 legis,
1185 5425 1249 5485 aut
1276 5413 1321 5494 de
1350 5414 1578 5503 paedagogia,
1627 5434 1695 5483 usis
1709 5412 1808 5503 legis.
1858 5406 1905 5481 Et
1922 5412 2064 5503 prodest
2079 5434 2183 5503 saepe
2204 5412 2382 5485 inculcare
2402 5409 2593 5481 adolescen-

593 5516 655 5585 ted
681 5515 725 5584 de
747 5536 813 5585 usn
828 5513 915 5606 legis
931 5514 970 5585 in
988 5515 1222 5601 conscicntia,
1248 5526 1372 5605 egente
1388 5539 1469 5585 euin
1487 5512 1577 5604 Deo,
1628 5514 1742 5598 tibiis,
1767 5511 1855 5604 quid
1878 5512 2018 5585 intersit
2033 5514 2129 5585 inter
2147 5511 2240 5587 lianc
2256 5512 2519 5607 paedagogiani,
2541 5504 2592 5574 in·

592 5628 627 5685 ct
643 5616 1144 5709 miserente-iustificationum.
1196 5616 1291 5691 Sunt
1313 5615 1422 5705 igitur
1440 5618 1575 5690 discer·
1625 5629 1679 5686 ter
1695 5616 1870 5687 iusticiam
1888 5616 2292 5701 fidei,etlriictnsfidei.
2334 5607 2591 5687 assenserim

590 5718 701 5787 nendi
718 5740 804 5788 usus
818 5718 916 5809 legis.
968 5717 1110 5792 Primus
1124 5731 1179 5791 est
1193 5718 1405 5811 paedagogia
1428 5743 1490 5792 seu
1506 5742 1573 5810 po·
1624 5713 1759 5789 hortari
1776 5720 1820 5787 ad
1838 5712 1929 5788 banc
1943 5720 2212 5816 paedagogiam,
2225 5733 2265 5791 ut
2280 5719 2418 5791 discam
2432 5734 2510 5784 rere
2526 5706 2589 5777 dit·

590 5814 711 5890 liticus
725 5842 828 5903 usus,
851 5820 1015 5896 videlicet
1038 5823 1202 5895 coercere
1223 5844 1385 5908 carnem,
1407 5835 1440 5895 et
1466 5846 1571 5917 prac-
1620 5821 1752 5915 plicere
1775 5820 1853 5893 Deo
1877 5818 1978 5895 illam
2005 5820 2248 5912 barbaricam,
2278 5834 2342 5895 ant
2363 5813 2589 5915 cynapicim
