5825 6950
316 665 397 744 660
535 663 634 742 ΧΙΙΙ.
683 667 719 740 2·
750 661 1117 743 consumunmt
1144 663 1196 742 tlt
1220 662 1377 740 lll’lST.
1400 661 1551 740 1>th
1575 661 1644 738 Ao
1669 662 1935 749 ROMANOS.
1983 673 2092 752 cat.
2119 677 2146 754 l.
2278 679 2358 756 670

314 836 544 934 potentiam,
583 839 802 927 bouitmm,
840 837 1028 912 iusticiam.
1099 837 1198 912 llaec
1229 841 1313 912 ausit
1364 838 1516 924 mosiis,
1541 838 1777 912 instituerunt
1797 843 1956 926 cultum,
1980 849 2086 920 ut‘ad
2110 848 2207 926 lusis
2226 865 2356 924 tonan-
2483 911 2486 918 .

314 965 429 1034 opera
447 939 555 1034 primi
569 953 606 1014 et
620 943 767 1014 mundi
783 942 961 1036 praecepti
974 943 1187 1027 necessaria,
1215 956 1251 1014 st
1265 945 1309 1012 ad
1364 941 1410 1011 tis
1431 955 1584 1012 statuam
1608 946 1782 1036 quaedam
1799 945 2153 1025 sacrificia-iacerent.
2206 951 2355 1037 Milites,

316 1067 413 1139 quae
434 1043 624 1136 praecipue
640 1045 779 1117 conditi
803 1068 938 1117 sumus,
995 1043 1066 1116 Sed
1092 1047 1250 1114 muudus
1270 1068 1310 1114 ea
1361 1067 1445 1113 cura
1476 1057 1641 1134 putarent
1672 1047 1884 1117 ceremoniis
1917 1051 2100 1144 impetrari
2138 1053 2354 1138 victoriasa

317 1171 397 1218 nou
418 1159 589 1239 praestat:
622 1147 705 1218 ideo
724 1170 793 1217 ros
815 1142 1003 1238 Evangelii
1028 1147 1197 1220 omuibus
1218 1161 1308 1218 tem·
1364 1145 1459 1225 lleo,
1482 1145 1721 1218 instituerunt
1743 1147 1903 1234 cultum,
1928 1167 1968 1235 ut
1989 1157 2035 1224 ad
2060 1168 2211 1228 ιιιιιιιιιι
2225 1154 2355 1227 Mutis

318 1250 472 1342 poribus
495 1261 633 1320 accusat
656 1248 873 1341 impietatem
897 1249 1033 1324 mundi.
1085 1249 1175 1322 Nam
1196 1243 1312 1319 bomi-
1362 1249 1538 1340 quaedam
1562 1249 1729 1320 sacrificia
1753 1252 1921 1326 lacerent.
1988 1253 2040 1328 lta
2063 1251 2218 1328 hamana
2240 1259 2354 1330 suda-

316 1376 383 1422 nes
399 1350 463 1420 alii
477 1362 561 1420 suut
577 1346 705 1437 ἄθεοι,
725 1349 788 1422 alii
800 1365 885 1424 sunt
898 1351 1082 1427 idolatrae.
1133 1349 1202 1422 llis
1221 1353 1312 1422 duo·
1364 1351 1419 1419 cia
1434 1348 1644 1439 excogitavit
1660 1375 1774 1421 novos
1789 1354 1922 1441 esibus,
1946 1357 2073 1428 {iducis
2085 1383 2248 1450 operum,
2275 1361 2354 1430 siue

317 1455 388 1525 bus
406 1451 685 1542 modispeecant
706 1447 868 1524 homiues
892 1467 1015 1524 contra
1040 1453 1188 1545 primam
1209 1454 1311 1524 tabu·
1364 1453 1532 1523 mandato
1556 1449 1641 1539 Dei,
1674 1469 1708 1526 et
1732 1473 1854 1526 contra
1880 1464 2086 1532 mandatum
2111 1458 2192 1532 Dei.
2258 1458 2355 1532 llinc

319 1557 394 1626 lam
417 1553 506 1645 lepis
521 1552 678 1629 divinae.
729 1553 857 1641 ἄθεοι,
886 1553 1310 1652 utCyclopesetEpicu-
1363 1553 1507 1644 lougius
1529 1556 1735 1626 aberrantes
1766 1557 1901 1644 animi,
1942 1561 2048 1632 etiam
2079 1587 2214 1634 uumen
2236 1565 2353 1656 quod·

315 1657 392 1742 rei,
428 1679 572 1748 prorsus
595 1672 726 1749 negant
755 1656 993 1745 esseDeum,
1026 1672 1087 1729 aut
1111 1680 1235 1728 curare
1257 1680 1311 1728 res
1363 1658 1445 1726 dam
1469 1657 1672 1728 tribuerunt
1695 1659 1837 1744 statuis,
1862 1682 1912 1732 ac.
1925 1663 2093 1754 deinceps
2115 1665 2177 1734 alii
2198 1665 2280 1735 aliis
2295 1687 2354 1734 re·

318 1755 511 1832 humanas.
542 1753 621 1830 llos
635 1759 720 1831 satis
735 1772 872 1832 constat
888 1783 964 1832 nou
979 1761 1175 1852 glorificare
1184 1756 1313 1844 Deum,
1363 1758 1449 1839 bus,
1482 1783 1554 1852 quo
1575 1759 1779 1851 impellebat
1800 1761 1984 1850 diabolus,
2029 1781 2090 1839 aut
2112 1790 2184 1858 quo
2207 1766 2354 1837 aflectus

314 1885 395 1930 uon
412 1872 593 1946 metuunt,
619 1885 694 1932 non
710 1864 861 1934 credunt
875 1861 921 1947 ei,
947 1886 1022 1935 non
1037 1864 1206 1933 invocant
1220 1885 1313 1947 eum,
1363 1859 1493 1954 aliquis
1527 1872 1699 1944 traxerat,
1741 1863 1965 1936 tribuebatur
2006 1867 2181 1938 divinitus
2218 1867 2354 1950 statuis,

315 1962 483 2032 iudicant
506 1961 613 2033 inane
640 1987 772 2034 nomen
793 1986 893 2034 esse:
925 1965 964 2036 id
987 1965 1084 2036 euim
1105 1977 1158 2036 est
1179 1964 1214 2034 ei
1234 1963 1311 2056 glo·
1364 1963 1571 2054 pecudibus.
1624 1961 1696 2034 Nec
1712 1979 1851 2035 tautum
1866 1968 1913 2037 ab
1928 1963 2095 2040 Ethnicis
2113 1981 2279 2059 petantur
2292 1992 2353 2038 er-

313 2065 409 2135 riam
432 2064 589 2157 aliquam
619 2066 777 2136 tribuere
799 2067 999 2158 potentias,
1030 2067 1222 2152 bonitatis,
1255 2067 1312 2136 iu·
1363 2065 1493 2154 empla.
1545 2061 1642 2152 Quid
1660 2091 1756 2137 nunc
1772 2067 1838 2138 fit?
1866 2066 2041 2141 Homines
2057 2071 2225 2142 invocant
2240 2069 2354 2154 divos,

316 2167 462 2238 aticiae:
504 2189 568 2236 uec
588 2179 641 2238 est
663 2167 786 2259 erigus
814 2171 1008 2242 multitudo
1034 2170 1159 2242 talium
1182 2165 1310 2263 Cyclo·
1365 2190 1509 2259 prorsus
1530 2179 1569 2238 nt
1591 2167 1678 2237 olim
1702 2165 1912 2256 Herculem,
1944 2187 2006 2246 aut
2027 2170 2225 2246 Romulum
2250 2173 2353 2242 iuvo-

317 2295 424 2360 pum,
452 2267 517 2338 etsi
533 2267 665 2338 mirum
686 2285 739 2342 est
761 2294 863 2364 posse
887 2273 1028 2342 innatas
1051 2271 1201 2342 noticias
1223 2273 1311 2340 adeo
1363 2269 1492 2338 cabant
1516 2261 1675 2341 Ethnici.
1726 2266 1776 2341 Et
1801 2272 1871 2342 alia
1904 2286 1987 2345 sunt
2010 2275 2165 2346 aliorum
2192 2274 2353 2350 numina,
2433 2305 2437 2314 ·

322 2371 436 2445 obrui.
500 2367 573 2440 Sed
595 2371 762 2445 diabolus
781 2373 842 2468 qui
868 2369 974 2446 habet
995 2374 1152 2466 captivas
1176 2386 1313 2443 mentes
1364 2370 1494 2440 milites
1527 2372 1693 2443 invocant
1727 2369 1949 2465 Georgium,
1992 2391 2122 2448 nautae
2142 2373 2353 2457 Nicolaum,

329 2469 533 2556 bominum,
563 2471 595 2541 is
616 2486 765 2545 naturae
788 2475 924 2570 alioqui
944 2478 1123 2559 infirmae,
1156 2475 1313 2545 offundit
1363 2472 1632 2547 asariAnnam.
1678 2471 1846 2546 Curritur
1860 2479 1904 2547 sd
1919 2491 2053 2550 statuas
2067 2501 2169 2550 more
2179 2477 2352 2568 gentium,

337 2575 477 2644 maiorer
495 2597 659 2646 errores:
690 2601 732 2646 ac
754 2601 851 2648 nunc
874 2578 1019 2672 quidem
1040 2576 1206 2648 nonnulli
1232 2577 1313 2646 lite·
1367 2590 1400 2645 et
1417 2588 1479 2646 aut
1501 2575 1587 2667 ipsis
1610 2577 1737 2648 statuis
1751 2599 1882 2649 numen
1899 2579 2089 2665 tribuitur,
2111 2579 2369 2668 autallipatur

332 2677 409 2761 rati,
433 2675 641 2769 praesertim
660 2674 820 2765 Romae,
845 2681 1055 2771 sapientiam
1077 2693 1203 2771 putant
1227 2703 1314 2764 esse,
1365 2675 1463 2748 Deos
1484 2680 1529 2746 ad
1552 2691 1704 2772 statuas,
1743 2673 1808 2750 hac
1831 2679 2019 2772 opinione,
2056 2683 2153 2775 quod
2182 2681 2352 2774 placatior

335 2778 491 2850 delectari
505 2773 560 2848 lais
573 2774 772 2874 Cyclopicis
785 2781 1031 2872 opinionibus.
1074 2781 1124 2852 At
1139 2781 1313 2852 idolatrae
1363 2779 1469 2850 sitad
1493 2774 1584 2850 hanc
1605 2794 1772 2851 statuam:
1799 2805 1879 2852 cum
1896 2781 1992 2856 Deus
2010 2785 2101 2854 nolit
2124 2783 2264 2874 alligari
2284 2781 2351 2852 ulli

336 2881 428 2951 aliter
439 2895 580 2965 errant,
607 2876 778 2953 bonorem
793 2882 868 2954 Deo
891 2885 1073 2968 debitum,
1098 2884 1314 2976 transfemnt
1365 2881 1415 2951 rei
1423 2934 1434 2967 ,
1457 2884 1503 2951 sd
1525 2905 1633 2976 quam
1655 2905 1692 2952 se
1712 2907 1785 2954 nou
1809 2907 1972 2972 expresso
1994 2889 2163 2957 mandato
2180 2885 2277 2955 iubet
2294 2882 2351 2954 iu-

337 2985 370 3052 iu
383 2983 465 3053 alias
480 3005 549 3056 res.
599 2981 663 3053 Est
685 2984 1194 3072 enimidololatriatribuere,
1219 2985 1313 3055 divi·
1365 2983 1495 3054 vocari.
1548 2977 1613 3056 Est
1629 2983 1738 3074 igitur
1752 2985 1935 3056 manifesta
1955 2987 1995 3056 iu
2016 2990 2151 3058 mundo
2171 2986 2350 3069 idolatria,

340 3086 470 3155 uitatem
490 3084 523 3151 ei
540 3088 637 3177 quod
654 3109 728 3156 nou
750 3100 803 3158 est
817 3086 933 3171 Deus,
964 3089 1132 3160 invocare
1155 3089 1192 3158 id
1215 3089 1310 3181 quod
1364 3098 1399 3155 et
1414 3079 1506 3155 banc
1522 3088 1674 3175 probant
1690 3109 1730 3156 ac
1747 3089 1943 3158 defenduut
1960 3088 2154 3160 Pontifices
2171 3103 2205 3160 et
2219 3085 2347 3177 Reges.

341 3211 403 3256 non
417 3202 467 3256 est
479 3181 590 3255 Deus:
618 3187 775 3258 tribuere
798 3190 899 3260 alteri
923 3183 1099 3260 bonorem
1117 3189 1312 3280 ,redemtio-
1365 3185 1529 3258 Lutetiae
1544 3187 1689 3280 quidam
1704 3188 1920 3260 sustulerant
1935 3191 2087 3280 ligneam
2100 3204 2251 3263 statuam
2269 3189 2351 3258 Ma·

339 3288 403 3370 uis,
439 3311 545 3384 quam
574 3283 733 3360 Christos
767 3291 924 3362 tribuere
950 3293 1115 3362 fiduciam
1144 3290 1313 3383 operibus
1365 3288 1462 3373 riae,
1487 3288 1647 3359 fortassis
1665 3304 1702 3361 ut
1726 3292 2011 3380 superstitionem
2035 3293 2156 3384 populi
2181 3285 2350 3381 probibe-

332 3391 475 3475 uostris,
505 3413 596 3484 quae
618 3388 694 3460 Deo
722 3393 934 3464 debebatur:
968 3394 1113 3486 alligare
1129 3389 1243 3463 Deum
1266 3394 1311 3462 ad
1371 3402 1468 3475 rent,
1491 3391 1650 3462 restituta
1668 3409 1718 3462 est
1734 3392 1801 3461 alia
1818 3410 2001 3485 argentea,
2027 3409 2066 3464 ut
2081 3395 2359 3466 confirmaretur

331 3508 440 3565 certos
456 3492 573 3564 cultus
588 3508 621 3563 et
637 3507 788 3581 statuas,
812 3511 935 3568 contra
957 3520 1061 3568 suum
1087 3498 1311 3567 mandatum:
1364 3490 1594 3567 idolomania.
1667 3494 1805 3563 Deinde
1827 3498 2009 3586 multiplex
2034 3511 2086 3569 est
2116 3496 2279 3568 idolatria
2310 3495 2348 3565 in

332 3594 546 3686 plustimere
559 3608 623 3667 aut
635 3597 784 3684 diligere
800 3599 897 3668 alind
912 3622 1020 3691 quam
1036 3598 1164 3674 Deum.
1213 3595 1312 3668 llaec
1362 3595 1443 3665 aliis
1456 3593 1623 3666 cultibus.
1677 3594 1858 3665 Tribuunt
1876 3598 2000 3667 missae
2015 3612 2049 3669 et
2066 3599 2159 3669 votis
2174 3593 2348 3667 honorem

334 3698 470 3789 proprie
486 3697 754 3788 complectitur,
780 3713 814 3770 et
829 3700 1001 3789 significat
1018 3700 1247 3786 ldololatria,
1271 3711 1313 3771 ut
1362 3697 1528 3769 debitum
1553 3692 1715 3782 Christo,
1740 3702 1835 3790 quod
1861 3702 2078 3771 satisfaciant
2099 3723 2163 3792 pro
2186 3698 2350 3791 peccatis,

332 3802 433 3889 vulgo
458 3816 596 3870 vocant.
648 3798 744 3871 Hinc
765 3802 870 3871 facile
893 3802 1044 3893 intelligi
1065 3815 1181 3894 potest
1204 3826 1311 3872 mun·
1362 3801 1459 3894 quod
1476 3814 1679 3869 mereantur
1693 3800 1936 3871 remissionem
1953 3814 2187 3891 peccatorum.

331 3905 413 3972 dum
430 3901 576 3993 plenum
590 3924 666 3972 esse
683 3900 915 3974 ldolomsnia.
965 3903 1021 3975 De
1043 3901 1111 3977 hoc
1133 3905 1232 3979 cultu
1247 3928 1310 3973 ve·
1463 3897 1554 3972 Cum
1582 3901 1690 3989 igitur
1711 3917 1852 3973 maneat
1871 3903 2052 3994 impietas,
2078 3903 2240 3973 videlicet
2260 3898 2349 3991 Epi·

331 4026 407 4073 rum
422 4016 473 4073 eat
487 4004 624 4075 dictum
640 4002 787 4076 Po'e'tae:
808 4004 956 4077 Primus
964 4008 1004 4076 in
1020 4008 1108 4077 orbe
1121 4001 1217 4078 Deus
1228 4006 1310 4076 iecit
1362 4026 1467 4073 cures
1490 4004 1677 4089 securitas,
1701 4016 1735 4073 et
1757 4005 1962 4096 superstitio
1984 4006 2225 4096 cuiuscunque
2241 4003 2350 4089 modi,

329 4105 445 4177 timor.
509 4104 633 4178 Securi
655 4119 739 4176 sunt
764 4108 961 4203 plerunque
984 4110 1171 4205 Cyclopes.
1236 4104 1311 4177 dlii
1362 4127 1509 4195 agamus
1539 4105 1812 4197 poenitentiam,
1853 4126 2066 4201 qstaersmus
2092 4107 2239 4178 verbum
2268 4103 2348 4185 Dei,

328 4206 365 4275 in
379 4208 546 4299 periculis
559 4222 768 4300 quaerentes
781 4205 851 4280 De
862 4234 932 4280 um
942 4262 954 4295 ,
974 4226 1016 4283 ut
1029 4212 1121 4283 ratio
1134 4224 1311 4283 monstrat
1362 4225 1396 4278 et
1411 4204 1526 4277 Deum
1550 4222 1642 4278 recte
1664 4208 1780 4278 tulere
1803 4222 1839 4281 et
1862 4210 2029 4280 issvucare
2050 4234 2132 4280 vera
2148 4207 2348 4279 fidedisea·

324 4304 438 4379 Deum
462 4332 537 4381 esse
560 4310 834 4409 opitulatorem,
866 4316 962 4383 anxii
990 4337 1065 4383 non
1087 4327 1182 4385 reete
1198 4336 1310 4407 quae-
1362 4331 1467 4390 mus,
1507 4324 1677 4398 regantur
1708 4312 1817 4381 verbo
1839 4310 1905 4382 Dei
1929 4312 2016 4385 fides
2036 4327 2072 4384 et
2092 4334 2220 4403 opera,
2250 4308 2347 4379 iusta

325 4410 548 4483 ruutllessm.
598 4408 690 4483 Cum
711 4413 808 4483 enim
833 4409 987 4488 habeant
1007 4416 1196 4507 opiniones
1210 4414 1310 4505 lepis,
1362 4410 1469 4481 illud:
1491 4408 1652 4483 Lucerna
1667 4412 1817 4502 pedibus
1829 4413 1920 4482 meis
1935 4416 2082 4484 verbum
2097 4427 2210 4483 tuum.
2255 4406 2347 4479 Nam

322 4530 358 4585 et
371 4514 546 4603 cogitent,
570 4508 687 4585 Deum
707 4516 874 4587 exaudire
886 4518 1019 4599 iustos,
1044 4518 1199 4589 cultores
1213 4540 1308 4601 suos,
1362 4536 1443 4586 cum
1461 4512 1507 4582 ab
1524 4506 1589 4583 hac
1603 4512 1746 4583 lucerua
1763 4515 1974 4599 disceditur,
1998 4516 2115 4585 statim
2143 4510 2273 4583 infiniti
2288 4532 2347 4579 er·

320 4618 418 4687 bene
439 4615 605 4699 turritos,
644 4616 813 4689 invocant
832 4620 998 4711 quidm,
1037 4601 1098 4689 s⁸ed
1123 4620 1200 4691 sine
1224 4642 1309 4711 pro·
1361 4638 1461 4685 rores
1492 4613 1682 4705 obrepunt.
1749 4612 2020 4707 Amplectamur
2056 4614 2165 4703 igitur
2198 4614 2345 4682 verbum

321 4717 494 4788 missione
520 4718 674 4806 muse,
713 4717 792 4789 siue
815 4722 946 4792 noticia
968 4721 1191 4803 mediatoris,
1228 4722 1310 4791 ideo
1362 4715 1449 4801 Dei,
1475 4728 1510 4785 et
1530 4738 1672 4786 oreusus
1697 4714 1830 4802 Deum,
1855 4732 1895 4788 ut
1918 4740 1981 4808 per
2002 4715 2114 4785 lilium
2133 4738 2235 4785 suum
2252 4714 2345 4783 libe·

321 4836 382 4891 sut
404 4818 575 4892 dubitant
594 4842 631 4890 se
653 4820 813 4893 exaudiri
835 4846 876 4893 ac
899 4824 1044 4915 respici,
1069 4836 1132 4895 ast
1155 4824 1311 4893 iaduunt
1360 4830 1414 4889 ret
1437 4840 1504 4888 nos
1525 4818 1571 4889 ab
1593 4818 1760 4890 omnibus
1780 4818 1963 4889 erroribus
1981 4832 2016 4889 et
2038 4817 2237 4909 impietate,
2263 4836 2345 4883 csrm

320 4922 467 4992 inanem
495 4921 660 4993 fiduciam
690 4944 836 4993 suonam
866 4925 1058 5010 cultuum,
1097 4926 1188 4998 sicut
1214 4926 1309 5017 apud
1362 4921 1476 4991 lilium
1498 4918 1579 4989 ideo
1604 4919 1709 4991 nobis
1730 4914 1957 5003 exhibuerit,
1997 4934 2038 4990 ut
2060 4921 2215 4989 destruat
2237 4938 2344 5006 opera

322 5022 521 5095 llomerum
545 5022 662 5116 iuquit
692 5026 925 5098 sacrificulus:
962 5026 1004 5099 Si
1031 5041 1148 5117 gratas
1178 5023 1310 5099 hostias
1360 5020 1509 5093 diaboli.
1561 5017 1792 5093 llorteturad
1809 5022 2060 5112 poenitentiam
2076 5043 2143 5091 nos
2159 5016 2345 5105 etmassni-
2469 5056 2473 5063 ·

321 5128 388 5197 tibi
415 5126 567 5197 mactari
588 5119 751 5211 Phoebe,
788 5130 956 5199 exaudias
979 5153 1047 5202 ase.
1114 5126 1234 5201 Prima
1258 5142 1310 5199 est
1361 5126 1449 5197 tudo
1478 5142 1700 5213 poenarum:
1743 5120 1952 5195 Contemtus
1980 5120 2048 5193 Dei
2079 5136 2114 5193 et
2140 5116 2345 5212 superstitio

323 5226 433 5317 igitur
454 5228 635 5319 impietas,
657 5230 757 5321 qued
780 5242 843 5301 aut
867 5231 1036 5302 dubitant
1055 5252 1093 5298 se
1114 5230 1309 5301 exaudiris
1361 5225 1575 5297 muniuntur
1596 5222 1701 5293 etiam
1724 5224 1763 5295 iu
1787 5220 1970 5311 haesita,
1994 5224 2160 5295 caecitate
2173 5234 2207 5292 et
2221 5242 2344 5290 amest-

323 5332 424 5415 lteo,
465 5343 529 5401 aut
558 5330 715 5403 iuduunt
744 5330 911 5403 fiduciam
939 5334 1105 5426 propriae
1137 5332 1310 5412 iusticise,
1361 5329 1429 5402 tia..
1475 5324 1648 5397 llomines
1663 5326 1792 5399 deserti
1807 5352 1827 5396 a
1842 5324 1919 5409 Deo
1934 5340 2044 5397 ruunt
2058 5326 2097 5397 iu
2112 5346 2219 5395 omne
2234 5342 2346 5414 penus

324 5458 387 5503 uec
412 5446 546 5503 norunt
561 5432 804 5505 mestiatorem.
857 5432 1310 5505 llocerroreadmissoac-
1359 5428 1497 5521 flagitii,
1513 5428 1708 5497 etscceusis
1723 5428 1852 5499 animis
1864 5428 1983 5522 aliqua
1997 5426 2200 5521 cupiditate,
2213 5444 2345 5503 amore,

324 5538 455 5607 cedunt
477 5533 588 5605 multa
611 5533 754 5607 seelera.
809 5534 958 5608 Fiducia
983 5538 1208 5627 propriorum
1230 5534 1310 5605 eul-
1358 5532 1465 5615 odio,
1501 5528 1668 5600 diabolus
1691 5530 1796 5603 ollert
1819 5530 2030 5602 occasiones.
2100 5526 2218 5618 Quam
2239 5524 2370 5594 loeda'

324 5653 423 5709 tuum
448 5647 639 5707 morentur
657 5631 841 5729 homiues,
873 5651 915 5709 ut
941 5640 1126 5709 cumulent
1152 5660 1309 5708 ceremo-
1364 5634 1532 5722 lepantur
1563 5631 1604 5699 in
1638 5625 1816 5715 historiis,
1847 5654 1939 5724 qnae
1970 5632 2119 5703 recitare
2148 5650 2222 5698 non
2247 5624 2343 5698 solo.

322 5742 421 5821 uias,
446 5752 484 5809 et
499 5738 695 5825 emoritent
710 5760 832 5811 novos.
843 5741 961 5811 cultus
980 5754 1017 5811 et
1029 5737 1143 5809 lleoss
1165 5754 1207 5811 ut
1226 5761 1308 5809 eum
1362 5732 1482 5823 Quam
1495 5733 1621 5803 foedus
1635 5731 1858 5816 Alexander,
1881 5732 1945 5826 qni
1958 5734 2100 5803 videlsat
2113 5752 2151 5801 se
2169 5732 2340 5809 donatum

320 5842 446 5915 rustici
460 5850 626 5931 putarent
644 5840 993 5934 honestempeatates
1008 5840 1193 5935 impetrari
1211 5862 1317 5910 eere··
1361 5856 1437 5908 esse
1456 5848 1555 5907 tauto
1573 5854 1702 5925 regno,
1726 5848 1763 5907 et
1781 5834 1877 5929 qood
1900 5848 1975 5907 erat
1996 5830 2204 5935 gloriosius,
2233 5848 2342 5901 orua-
