<?xml version="1.0" encoding="UTF-8"?>
<!DOCTYPE html PUBLIC "-//W3C//DTD XHTML 1.0 Transitional//EN"
    "http://www.w3.org/TR/xhtml1/DTD/xhtml1-transitional.dtd">
<html xmlns="http://www.w3.org/1999/xhtml" xml:lang="en" lang="en">
 <head>
  <title>
</title>
<meta http-equiv="Content-Type" content="text/html;charset=utf-8" />
  <meta name='ocr-system' content='tesseract 3.04.00' />
  <meta name='ocr-capabilities' content='ocr_page ocr_carea ocr_par ocr_line ocrx_word'/>
</head>
<body>
  <div class='ocr_page' id='page_1' title='image "./philippimelanth08bindgoog_0521.png"; bbox 0 0 5825 6950; ppageno 0'>
   <div class='ocr_carea' id='block_1_1' title="bbox 596 628 2594 797">
    <p class='ocr_par' dir='ltr' id='par_1_1' title="bbox 596 628 2594 797">
     <span class='ocr_line' id='line_1_1' title="bbox 596 628 2594 797; baseline 0.015 -55"><span class='ocrx_word' id='word_1_1' title='bbox 596 685 674 762; x_wconf 80' lang='lat'><strong>979</strong></span> <span class='ocrx_word' id='word_1_2' title='bbox 1202 674 1330 757; x_wconf 73' lang='lat' dir='ltr'><strong>Plllla.</strong></span> <span class='ocrx_word' id='word_1_3' title='bbox 1356 674 1475 756; x_wconf 84' lang='lat' dir='ltr'><strong>MEL.</strong></span> <span class='ocrx_word' id='word_1_4' title='bbox 1500 675 1715 757; x_wconf 78' lang='lat' dir='ltr'>SCRIPTA</span> <span class='ocrx_word' id='word_1_5' title='bbox 1739 669 2044 765; x_wconf 70' lang='lat' dir='ltr'><strong>exsecutus</strong></span> <span class='ocrx_word' id='word_1_6' title='bbox 2266 733 2271 747; x_wconf 89' lang='lat'><em>·</em></span> <span class='ocrx_word' id='word_1_7' title='bbox 2315 736 2325 747; x_wconf 83' lang='lat'><strong>·</strong></span> <span class='ocrx_word' id='word_1_8' title='bbox 2379 628 2384 637; x_wconf 19' lang='grc' dir='ltr'>ἱ</span> <span class='ocrx_word' id='word_1_9' title='bbox 2533 720 2594 797; x_wconf 68' lang='lat'><strong>930</strong></span> 
     </span>
    </p>
   </div>
   <div class='ocr_carea' id='block_1_2' title="bbox 539 844 2624 5060">
    <p class='ocr_par' dir='ltr' id='par_1_2' title="bbox 539 844 2624 5060">
     <span class='ocr_line' id='line_1_2' title="bbox 703 844 2596 965; baseline 0.015 -38"><span class='ocrx_word' id='word_1_10' title='bbox 703 848 796 927; x_wconf 80' lang='lat' dir='ltr'><strong>Ecce</strong></span> <span class='ocrx_word' id='word_1_11' title='bbox 818 876 882 946; x_wconf 83' lang='lat' dir='ltr'><strong>ego</strong></span> <span class='ocrx_word' id='word_1_12' title='bbox 903 852 1088 925; x_wconf 88' lang='lat' dir='ltr'><strong>vobiscum</strong></span> <span class='ocrx_word' id='word_1_13' title='bbox 1105 846 1191 923; x_wconf 91' lang='lat' dir='ltr'><strong>&#39;sum</strong></span> <span class='ocrx_word' id='word_1_14' title='bbox 1219 853 1399 945; x_wconf 88' lang='lat' dir='ltr'><strong>usquead</strong></span> <span class='ocrx_word' id='word_1_15' title='bbox 1424 876 1590 924; x_wconf 88' lang='lat' dir='ltr'><strong>consum·</strong></span> <span class='ocrx_word' id='word_1_16' title='bbox 1643 864 1738 943; x_wconf 78' lang='lat' dir='ltr'><strong>mus,</strong></span> <span class='ocrx_word' id='word_1_17' title='bbox 1769 858 2052 951; x_wconf 67' lang='lat' dir='ltr'>obtemperemus</span> <span class='ocrx_word' id='word_1_18' title='bbox 2076 844 2161 939; x_wconf 75' lang='lat' dir='ltr'><strong>buic&#39;</strong></span> <span class='ocrx_word' id='word_1_19' title='bbox 2184 854 2368 959; x_wconf 66' lang='lat' dir='ltr'><strong>mandato,</strong></span> <span class='ocrx_word' id='word_1_20' title='bbox 2403 890 2437 951; x_wconf 89' lang='lat' dir='ltr'><strong>et</strong></span> <span class='ocrx_word' id='word_1_21' title='bbox 2457 884 2596 965; x_wconf 74' lang='lat' dir='ltr'><strong>include.</strong></span> 
     </span>
     <span class='ocr_line' id='line_1_3' title="bbox 601 957 2595 1066; baseline 0.017 -37"><span class='ocrx_word' id='word_1_22' title='bbox 601 960 796 1031; x_wconf 88' lang='lat' dir='ltr'><strong>mationem</strong></span> <span class='ocrx_word' id='word_1_23' title='bbox 821 957 943 1029; x_wconf 87' lang='lat' dir='ltr'><strong>seculi.</strong></span> <span class='ocrx_word' id='word_1_24' title='bbox 1299 990 1302 997; x_wconf 62' lang='grc'><strong>’</strong></span> <span class='ocrx_word' id='word_1_25' title='bbox 1643 982 1722 1030; x_wconf 88' lang='lat' dir='ltr'><strong>mus</strong></span> <span class='ocrx_word' id='word_1_26' title='bbox 1750 984 1818 1031; x_wconf 90' lang='lat' dir='ltr'><strong>nos</strong></span> <span class='ocrx_word' id='word_1_27' title='bbox 1842 986 1984 1056; x_wconf 87' lang='lat' dir='ltr'><strong>quoque</strong></span> <span class='ocrx_word' id='word_1_28' title='bbox 2007 968 2048 1036; x_wconf 89' lang='lat' dir='ltr'><strong>in</strong></span> <span class='ocrx_word' id='word_1_29' title='bbox 2070 974 2342 1061; x_wconf 75' lang='lat' dir='ltr'>promissionem</span> <span class='ocrx_word' id='word_1_30' title='bbox 2372 984 2595 1066; x_wconf 79' lang='lat' dir='ltr'><strong>universalem:</strong></span> 
     </span>
     <span class='ocr_line' id='line_1_4' title="bbox 705 1056 2597 1180; baseline 0.015 -50"><span class='ocrx_word' id='word_1_31' title='bbox 705 1060 810 1131; x_wconf 75' lang='lat' dir='ltr'><strong>ltems</strong></span> <span class='ocrx_word' id='word_1_32' title='bbox 835 1056 933 1130; x_wconf 91' lang='lat' dir='ltr'><strong>Oves</strong></span> <span class='ocrx_word' id='word_1_33' title='bbox 949 1081 1048 1128; x_wconf 87' lang='lat' dir='ltr'><strong>meae</strong></span> <span class='ocrx_word' id='word_1_34' title='bbox 1065 1080 1183 1127; x_wconf 90' lang='lat' dir='ltr'><strong>vocem</strong></span> <span class='ocrx_word' id='word_1_35' title='bbox 1199 1080 1312 1127; x_wconf 86' lang='lat' dir='ltr'><strong>meam</strong></span> <span class='ocrx_word' id='word_1_36' title='bbox 1330 1057 1493 1133; x_wconf 84' lang='lat' dir='ltr'><strong>audiunt.</strong></span> <span class='ocrx_word' id='word_1_37' title='bbox 1537 1058 1591 1129; x_wconf 81' lang='lat' dir='ltr'><strong>Ac</strong></span> <span class='ocrx_word' id='word_1_38' title='bbox 1643 1056 1801 1155; x_wconf 88' lang='lat' dir='ltr'><strong>(Venite</strong></span> <span class='ocrx_word' id='word_1_39' title='bbox 1824 1066 1866 1133; x_wconf 87' lang='lat' dir='ltr'><strong>ad</strong></span> <span class='ocrx_word' id='word_1_40' title='bbox 1894 1083 1950 1135; x_wconf 84' lang='lat' dir='ltr'><strong>me</strong></span> <span class='ocrx_word' id='word_1_41' title='bbox 1971 1068 2121 1168; x_wconf 89' lang='lat' dir='ltr'><strong>omnes)</strong></span> <span class='ocrx_word' id='word_1_42' title='bbox 2148 1088 2182 1147; x_wconf 88' lang='lat' dir='ltr'><strong>et</strong></span> <span class='ocrx_word' id='word_1_43' title='bbox 2204 1099 2281 1147; x_wconf 88' lang='lat' dir='ltr'><strong>eam</strong></span> <span class='ocrx_word' id='word_1_44' title='bbox 2305 1083 2348 1151; x_wconf 88' lang='lat' dir='ltr'><strong>ad</strong></span> <span class='ocrx_word' id='word_1_45' title='bbox 2368 1109 2431 1155; x_wconf 91' lang='lat' dir='ltr'><strong>nos</strong></span> <span class='ocrx_word' id='word_1_46' title='bbox 2448 1094 2597 1180; x_wconf 61' lang='lat' dir='ltr'><strong>pertinere</strong></span> 
     </span>
     <span class='ocr_line' id='line_1_5' title="bbox 604 1156 2598 1269; baseline 0.017 -36"><span class='ocrx_word' id='word_1_47' title='bbox 604 1186 743 1253; x_wconf 79' lang='lat' dir='ltr'>semper</span> <span class='ocrx_word' id='word_1_48' title='bbox 772 1185 846 1232; x_wconf 88' lang='lat' dir='ltr'><strong>esse</strong></span> <span class='ocrx_word' id='word_1_49' title='bbox 868 1162 1006 1255; x_wconf 86' lang='lat' dir='ltr'><strong>aliquos</strong></span> <span class='ocrx_word' id='word_1_50' title='bbox 1029 1160 1157 1229; x_wconf 88' lang='lat' dir='ltr'><strong>electos</strong></span> <span class='ocrx_word' id='word_1_51' title='bbox 1181 1172 1352 1231; x_wconf 77' lang='lat' dir='ltr'>testantur</span> <span class='ocrx_word' id='word_1_52' title='bbox 1374 1156 1461 1231; x_wconf 90' lang='lat' dir='ltr'><strong>haec</strong></span> <span class='ocrx_word' id='word_1_53' title='bbox 1483 1160 1590 1248; x_wconf 86' lang='lat' dir='ltr'><strong>dicta,</strong></span> <span class='ocrx_word' id='word_1_54' title='bbox 1643 1177 1848 1240; x_wconf 78' lang='lat' dir='ltr'><strong>statuamus.</strong></span> <span class='ocrx_word' id='word_1_55' title='bbox 1900 1166 1977 1241; x_wconf 87' lang='lat' dir='ltr'><strong>Hac</strong></span> <span class='ocrx_word' id='word_1_56' title='bbox 2000 1172 2070 1243; x_wconf 86' lang='lat' dir='ltr'><strong>fide</strong></span> <span class='ocrx_word' id='word_1_57' title='bbox 2094 1179 2156 1267; x_wconf 91' lang='lat' dir='ltr'><strong>qui</strong></span> <span class='ocrx_word' id='word_1_58' title='bbox 2172 1200 2208 1247; x_wconf 92' lang='lat' dir='ltr'><strong>se</strong></span> <span class='ocrx_word' id='word_1_59' title='bbox 2224 1194 2421 1259; x_wconf 76' lang='lat' dir='ltr'><strong>sustentant</strong></span> <span class='ocrx_word' id='word_1_60' title='bbox 2441 1193 2598 1269; x_wconf 82' lang='lat' dir='ltr'><strong>disceden-</strong></span> 
     </span>
     <span class='ocr_line' id='line_1_6' title="bbox 604 1257 2598 1385; baseline 0.016 -49"><span class='ocrx_word' id='word_1_61' title='bbox 604 1262 735 1339; x_wconf 87' lang='lat' dir='ltr'><strong>Mattb.</strong></span> <span class='ocrx_word' id='word_1_62' title='bbox 755 1265 829 1339; x_wconf 78' lang='lat' dir='ltr'><strong>tt:</strong></span> <span class='ocrx_word' id='word_1_63' title='bbox 856 1264 897 1333; x_wconf 95' lang='lat' dir='ltr'><strong>ln</strong></span> <span class='ocrx_word' id='word_1_64' title='bbox 912 1268 1065 1333; x_wconf 89' lang='lat' dir='ltr'><strong>adventu</strong></span> <span class='ocrx_word' id='word_1_65' title='bbox 1080 1262 1145 1329; x_wconf 91' lang='lat' dir='ltr'><strong>filii</strong></span> <span class='ocrx_word' id='word_1_66' title='bbox 1163 1257 1320 1332; x_wconf 92' lang='lat' dir='ltr'><strong>bominis</strong></span> <span class='ocrx_word' id='word_1_67' title='bbox 1335 1265 1407 1333; x_wconf 92' lang='lat' dir='ltr'><strong>duo</strong></span> <span class='ocrx_word' id='word_1_68' title='bbox 1431 1277 1536 1335; x_wconf 90' lang='lat' dir='ltr'><strong>erunt</strong></span> <span class='ocrx_word' id='word_1_69' title='bbox 1551 1266 1590 1334; x_wconf 88' lang='lat' dir='ltr'><strong>in</strong></span> <span class='ocrx_word' id='word_1_70' title='bbox 1642 1278 1694 1336; x_wconf 90' lang='lat' dir='ltr'><strong>tcs</strong></span> <span class='ocrx_word' id='word_1_71' title='bbox 1711 1290 1752 1336; x_wconf 84' lang='lat' dir='ltr'><strong>ex</strong></span> <span class='ocrx_word' id='word_1_72' title='bbox 1768 1262 1942 1359; x_wconf 74' lang='lat' dir='ltr'><strong>haesita,</strong></span> <span class='ocrx_word' id='word_1_73' title='bbox 1966 1275 2125 1348; x_wconf 90' lang='lat' dir='ltr'><strong>sentiunt</strong></span> <span class='ocrx_word' id='word_1_74' title='bbox 2143 1281 2436 1375; x_wconf 84' lang='lat' dir='ltr'><strong>consolationem,</strong></span> <span class='ocrx_word' id='word_1_75' title='bbox 2460 1318 2598 1385; x_wconf 80' lang='lat' dir='ltr'><strong>quaeest</strong></span> 
     </span>
     <span class='ocr_line' id='line_1_7' title="bbox 603 1363 2598 1475; baseline 0.011 -38"><span class='ocrx_word' id='word_1_76' title='bbox 603 1390 706 1457; x_wconf 87' lang='lat' dir='ltr'><strong>agro,</strong></span> <span class='ocrx_word' id='word_1_77' title='bbox 728 1393 820 1439; x_wconf 91' lang='lat' dir='ltr'><strong>unus</strong></span> <span class='ocrx_word' id='word_1_78' title='bbox 843 1363 1057 1442; x_wconf 76' lang='lat' dir='ltr'><strong>assumetur,</strong></span> <span class='ocrx_word' id='word_1_79' title='bbox 1084 1365 1173 1433; x_wconf 88' lang='lat' dir='ltr'><strong>alter</strong></span> <span class='ocrx_word' id='word_1_80' title='bbox 1194 1366 1428 1457; x_wconf 87' lang='lat' dir='ltr'><strong>relinquetur.</strong></span> <span class='ocrx_word' id='word_1_81' title='bbox 1480 1366 1588 1439; x_wconf 88' lang='lat' dir='ltr'><strong>ltem:</strong></span> <span class='ocrx_word' id='word_1_82' title='bbox 1642 1369 1786 1440; x_wconf 90' lang='lat' dir='ltr'><strong>initium</strong></span> <span class='ocrx_word' id='word_1_83' title='bbox 1815 1373 1908 1443; x_wconf 91' lang='lat' dir='ltr'><strong>vitae</strong></span> <span class='ocrx_word' id='word_1_84' title='bbox 1929 1389 2109 1459; x_wconf 87' lang='lat' dir='ltr'><strong>aeternae,</strong></span> <span class='ocrx_word' id='word_1_85' title='bbox 2147 1381 2243 1454; x_wconf 81' lang='lat' dir='ltr'><strong>iuxta</strong></span> <span class='ocrx_word' id='word_1_86' title='bbox 2268 1388 2420 1461; x_wconf 85' lang='lat' dir='ltr'><strong>dictum:</strong></span> <span class='ocrx_word' id='word_1_87' title='bbox 2451 1392 2598 1475; x_wconf 56' lang='lat' dir='ltr'><strong>Haece„</strong></span> 
     </span>
     <span class='ocr_line' id='line_1_8' title="bbox 603 1463 2599 1574; baseline 0.015 -35"><span class='ocrx_word' id='word_1_88' title='bbox 603 1467 756 1563; x_wconf 80' lang='lat' dir='ltr'><strong>Propter</strong></span> <span class='ocrx_word' id='word_1_89' title='bbox 790 1473 916 1539; x_wconf 87' lang='lat' dir='ltr'><strong>electos</strong></span> <span class='ocrx_word' id='word_1_90' title='bbox 949 1467 1255 1538; x_wconf 79' lang='lat' dir='ltr'><strong>abbreviabuntur</strong></span> <span class='ocrx_word' id='word_1_91' title='bbox 1290 1463 1328 1537; x_wconf 92' lang='lat' dir='ltr'><strong>bi</strong></span> <span class='ocrx_word' id='word_1_92' title='bbox 1367 1470 1454 1543; x_wconf 83' lang='lat' dir='ltr'><strong>die&#39;s.</strong></span> <span class='ocrx_word' id='word_1_93' title='bbox 1516 1468 1590 1541; x_wconf 88' lang='lat' dir='ltr'><strong>Nec</strong></span> <span class='ocrx_word' id='word_1_94' title='bbox 1643 1472 1714 1541; x_wconf 89' lang='lat' dir='ltr'><strong>vita</strong></span> <span class='ocrx_word' id='word_1_95' title='bbox 1739 1486 1902 1558; x_wconf 90' lang='lat' dir='ltr'><strong>aeterna,</strong></span> <span class='ocrx_word' id='word_1_96' title='bbox 1939 1490 1979 1549; x_wconf 90' lang='lat' dir='ltr'><strong>ut</strong></span> <span class='ocrx_word' id='word_1_97' title='bbox 2002 1498 2192 1569; x_wconf 86' lang='lat' dir='ltr'><strong>agnoscant</strong></span> <span class='ocrx_word' id='word_1_98' title='bbox 2212 1496 2249 1556; x_wconf 92' lang='lat' dir='ltr'><strong>te</strong></span> <span class='ocrx_word' id='word_1_99' title='bbox 2270 1486 2387 1561; x_wconf 86' lang='lat' dir='ltr'><strong>Deum</strong></span> <span class='ocrx_word' id='word_1_100' title='bbox 2414 1518 2529 1567; x_wconf 85' lang='lat' dir='ltr'><strong>verum</strong></span> <span class='ocrx_word' id='word_1_101' title='bbox 2549 1518 2599 1574; x_wconf 74' lang='lat' dir='ltr'><strong>etc.</strong></span> 
     </span>
     <span class='ocr_line' id='line_1_9' title="bbox 604 1571 2288 1665; baseline 0.011 -23"><span class='ocrx_word' id='word_1_102' title='bbox 604 1586 687 1643; x_wconf 90' lang='lat' dir='ltr'><strong>sunt</strong></span> <span class='ocrx_word' id='word_1_103' title='bbox 717 1574 818 1642; x_wconf 89' lang='lat' dir='ltr'><strong>electi</strong></span> <span class='ocrx_word' id='word_1_104' title='bbox 851 1587 945 1643; x_wconf 87' lang='lat' dir='ltr'><strong>extra</strong></span> <span class='ocrx_word' id='word_1_105' title='bbox 974 1583 1112 1639; x_wconf 91' lang='lat' dir='ltr'><strong>coetum</strong></span> <span class='ocrx_word' id='word_1_106' title='bbox 1142 1584 1347 1640; x_wconf 88' lang='lat' dir='ltr'><strong>vocatorum</strong></span> <span class='ocrx_word' id='word_1_107' title='bbox 1382 1573 1590 1664; x_wconf 89' lang='lat' dir='ltr'><strong>quaerendi,</strong></span> <span class='ocrx_word' id='word_1_108' title='bbox 1643 1571 1749 1643; x_wconf 83' lang='lat' dir='ltr'><strong>Tales</strong></span> <span class='ocrx_word' id='word_1_109' title='bbox 1765 1587 1849 1645; x_wconf 89' lang='lat' dir='ltr'><strong>sunt</strong></span> <span class='ocrx_word' id='word_1_110' title='bbox 1865 1579 1902 1645; x_wconf 76' lang='lat' dir='ltr'><strong>ln·</strong></span> <span class='ocrx_word' id='word_1_111' title='bbox 1917 1590 2068 1653; x_wconf 87' lang='lat' dir='ltr'><strong>numero</strong></span> <span class='ocrx_word' id='word_1_112' title='bbox 2082 1586 2288 1665; x_wconf 87' lang='lat' dir='ltr'><strong>electorum.</strong></span> 
     </span>
     <span class='ocr_line' id='line_1_10' title="bbox 539 1668 2597 1788; baseline 0.015 -45"><span class='ocrx_word' id='word_1_113' title='bbox 539 1668 545 1679; x_wconf 82' lang='grc'><strong><em>’</em></strong></span> <span class='ocrx_word' id='word_1_114' title='bbox 603 1676 663 1745; x_wconf 90' lang='lat' dir='ltr'><strong>sed</strong></span> <span class='ocrx_word' id='word_1_115' title='bbox 680 1670 973 1745; x_wconf 84' lang='lat' dir='ltr'><strong>retinendum&#39;est</strong></span> <span class='ocrx_word' id='word_1_116' title='bbox 987 1668 1249 1741; x_wconf 85' lang='lat' dir='ltr'><strong>dictumPauli:</strong></span> <span class='ocrx_word' id='word_1_117' title='bbox 1276 1671 1378 1762; x_wconf 88' lang='lat' dir='ltr'><strong>Quos</strong></span> <span class='ocrx_word' id='word_1_118' title='bbox 1394 1676 1508 1763; x_wconf 85' lang='lat' dir='ltr'><strong>elegit,</strong></span> <span class='ocrx_word' id='word_1_119' title='bbox 1523 1669 1589 1744; x_wconf 91' lang='lat' dir='ltr'><strong>hos</strong></span> <span class='ocrx_word' id='word_1_120' title='bbox 1742 1673 1813 1746; x_wconf 85' lang='lat' dir='ltr'><strong>Sed</strong></span> <span class='ocrx_word' id='word_1_121' title='bbox 1837 1681 1961 1753; x_wconf 92' lang='lat' dir='ltr'><strong>obiicit</strong></span> <span class='ocrx_word' id='word_1_122' title='bbox 1983 1686 2119 1776; x_wconf 88' lang='lat' dir='ltr'><strong>trepida</strong></span> <span class='ocrx_word' id='word_1_123' title='bbox 2142 1712 2258 1760; x_wconf 85' lang='lat' dir='ltr'><strong>mens:</strong></span> <span class='ocrx_word' id='word_1_124' title='bbox 2284 1690 2366 1765; x_wconf 88' lang='lat' dir='ltr'><strong>Non</strong></span> <span class='ocrx_word' id='word_1_125' title='bbox 2384 1720 2520 1788; x_wconf 88' lang='lat' dir='ltr'><strong>possum</strong></span> <span class='ocrx_word' id='word_1_126' title='bbox 2539 1730 2597 1777; x_wconf 78' lang='lat' dir='ltr'><strong>cre.</strong></span> 
     </span>
     <span class='ocr_line' id='line_1_11' title="bbox 603 1769 2597 1894; baseline 0.016 -49"><span class='ocrx_word' id='word_1_127' title='bbox 603 1790 639 1848; x_wconf 86' lang='lat' dir='ltr'><strong>et</strong></span> <span class='ocrx_word' id='word_1_128' title='bbox 662 1778 810 1851; x_wconf 87' lang='lat' dir='ltr'><strong>vocavit.</strong></span> <span class='ocrx_word' id='word_1_129' title='bbox 873 1776 979 1859; x_wconf 91' lang='lat' dir='ltr'><strong>ltem,</strong></span> <span class='ocrx_word' id='word_1_130' title='bbox 1022 1769 1222 1848; x_wconf 85' lang='lat' dir='ltr'><strong>lohan.·ll.:</strong></span> <span class='ocrx_word' id='word_1_131' title='bbox 1257 1772 1331 1863; x_wconf 89' lang='lat' dir='ltr'><strong>Qui</strong></span> <span class='ocrx_word' id='word_1_132' title='bbox 1352 1790 1405 1846; x_wconf 85' lang='lat' dir='ltr'><strong>est</strong></span> <span class='ocrx_word' id='word_1_133' title='bbox 1431 1802 1473 1847; x_wconf 85' lang='lat' dir='ltr'><strong>ex</strong></span> <span class='ocrx_word' id='word_1_134' title='bbox 1498 1776 1590 1868; x_wconf 83' lang='lat' dir='ltr'><strong>Deo,</strong></span> <span class='ocrx_word' id='word_1_135' title='bbox 1642 1779 1749 1863; x_wconf 89' lang='lat' dir='ltr'><strong>dere,</strong></span> <span class='ocrx_word' id='word_1_136' title='bbox 1781 1780 1853 1850; x_wconf 85' lang='lat' dir='ltr'><strong>nisi</strong></span> <span class='ocrx_word' id='word_1_137' title='bbox 1880 1780 1955 1853; x_wconf 90' lang='lat' dir='ltr'><strong>Deo</strong></span> <span class='ocrx_word' id='word_1_138' title='bbox 1980 1786 2087 1856; x_wconf 85' lang='lat' dir='ltr'><strong>fidem</strong></span> <span class='ocrx_word' id='word_1_139' title='bbox 2113 1796 2340 1868; x_wconf 85' lang='lat' dir='ltr'><strong>accendente.</strong></span> <span class='ocrx_word' id='word_1_140' title='bbox 2390 1798 2597 1894; x_wconf 77' lang='lat' dir='ltr'><strong>Respondes:</strong></span> 
     </span>
     <span class='ocr_line' id='line_1_12' title="bbox 601 1874 2597 1984; baseline 0.017 -38"><span class='ocrx_word' id='word_1_141' title='bbox 601 1876 750 1947; x_wconf 86' lang='lat' dir='ltr'><strong>verbum</strong></span> <span class='ocrx_word' id='word_1_142' title='bbox 773 1878 839 1948; x_wconf 91' lang='lat' dir='ltr'><strong>Dei</strong></span> <span class='ocrx_word' id='word_1_143' title='bbox 854 1878 975 1950; x_wconf 87' lang='lat' dir='ltr'><strong>¹audit.</strong></span> <span class='ocrx_word' id='word_1_144' title='bbox 1026 1874 1073 1945; x_wconf 90' lang='lat' dir='ltr'><strong>Et</strong></span> <span class='ocrx_word' id='word_1_145' title='bbox 1095 1890 1240 1968; x_wconf 88' lang='lat' dir='ltr'><strong>propter</strong></span> <span class='ocrx_word' id='word_1_146' title='bbox 1264 1878 1370 1949; x_wconf 88' lang='lat' dir='ltr'><strong>talem</strong></span> <span class='ocrx_word' id='word_1_147' title='bbox 1395 1878 1588 1949; x_wconf 83' lang='lat' dir='ltr'><strong>Ecclesiam</strong></span> <span class='ocrx_word' id='word_1_148' title='bbox 1643 1876 1777 1949; x_wconf 82' lang='lat' dir='ltr'><strong>Verum</strong></span> <span class='ocrx_word' id='word_1_149' title='bbox 1802 1896 1854 1952; x_wconf 91' lang='lat' dir='ltr'><strong>est</strong></span> <span class='ocrx_word' id='word_1_150' title='bbox 1878 1878 2041 1957; x_wconf 82' lang='lat' dir='ltr'><strong>homines</strong></span> <span class='ocrx_word' id='word_1_151' title='bbox 2063 1911 2082 1959; x_wconf 90' lang='lat' dir='ltr'><strong>a</strong></span> <span class='ocrx_word' id='word_1_152' title='bbox 2106 1888 2182 1962; x_wconf 88' lang='lat' dir='ltr'><strong>Deo</strong></span> <span class='ocrx_word' id='word_1_153' title='bbox 2205 1890 2318 1984; x_wconf 87' lang='lat' dir='ltr'><strong>trahi,</strong></span> <span class='ocrx_word' id='word_1_154' title='bbox 2351 1903 2410 1970; x_wconf 92' lang='lat' dir='ltr'><strong>sed</strong></span> <span class='ocrx_word' id='word_1_155' title='bbox 2433 1902 2597 1982; x_wconf 82' lang='lat' dir='ltr'><strong>trabuntur</strong></span> 
     </span>
     <span class='ocr_line' id='line_1_13' title="bbox 601 1978 2596 2099; baseline 0.018 -52"><span class='ocrx_word' id='word_1_156' title='bbox 601 1994 788 2050; x_wconf 86' lang='lat' dir='ltr'><strong>servantur</strong></span> <span class='ocrx_word' id='word_1_157' title='bbox 817 1982 957 2075; x_wconf 88' lang='lat' dir='ltr'><strong>aliquae</strong></span> <span class='ocrx_word' id='word_1_158' title='bbox 990 1978 1161 2069; x_wconf 87' lang='lat' dir='ltr'><strong>politiae,</strong></span> <span class='ocrx_word' id='word_1_159' title='bbox 1211 2003 1414 2073; x_wconf 87' lang='lat' dir='ltr'><strong>quanquam</strong></span> <span class='ocrx_word' id='word_1_160' title='bbox 1457 1981 1589 2073; x_wconf 88' lang='lat' dir='ltr'><strong>passim</strong></span> <span class='ocrx_word' id='word_1_161' title='bbox 1641 2004 1706 2071; x_wconf 90' lang='lat' dir='ltr'><strong>per</strong></span> <span class='ocrx_word' id='word_1_162' title='bbox 1721 2004 1844 2052; x_wconf 89' lang='lat' dir='ltr'><strong>vocem</strong></span> <span class='ocrx_word' id='word_1_163' title='bbox 1859 1982 2063 2078; x_wconf 76' lang='lat' dir='ltr'><strong>Evangelii,</strong></span> <span class='ocrx_word' id='word_1_164' title='bbox 2090 1996 2147 2063; x_wconf 91' lang='lat' dir='ltr'><strong>cui</strong></span> <span class='ocrx_word' id='word_1_165' title='bbox 2169 1997 2247 2068; x_wconf 86' lang='lat' dir='ltr'><strong>vult</strong></span> <span class='ocrx_word' id='word_1_166' title='bbox 2270 2009 2305 2069; x_wconf 89' lang='lat' dir='ltr'><strong>te</strong></span> <span class='ocrx_word' id='word_1_167' title='bbox 2328 1998 2425 2073; x_wconf 90' lang='lat' dir='ltr'><strong>Deus</strong></span> <span class='ocrx_word' id='word_1_168' title='bbox 2448 2014 2596 2099; x_wconf 88' lang='lat' dir='ltr'><strong>assentiri,</strong></span> 
     </span>
     <span class='ocr_line' id='line_1_14' title="bbox 598 2080 2597 2198; baseline 0.016 -47"><span class='ocrx_word' id='word_1_169' title='bbox 598 2083 692 2155; x_wconf 88' lang='lat' dir='ltr'><strong>fiunt</strong></span> <span class='ocrx_word' id='word_1_170' title='bbox 731 2106 878 2173; x_wconf 87' lang='lat' dir='ltr'><strong>maguae</strong></span> <span class='ocrx_word' id='word_1_171' title='bbox 918 2081 1076 2173; x_wconf 82' lang='lat' dir='ltr'><strong>gentium</strong></span> <span class='ocrx_word' id='word_1_172' title='bbox 1116 2080 1432 2174; x_wconf 71' lang='lat' dir='ltr'><strong>dissipationesct</strong></span> <span class='ocrx_word' id='word_1_173' title='bbox 1472 2098 1589 2153; x_wconf 89' lang='lat' dir='ltr'><strong>vasta·</strong></span> <span class='ocrx_word' id='word_1_174' title='bbox 1643 2097 1676 2152; x_wconf 90' lang='lat' dir='ltr'><strong>et</strong></span> <span class='ocrx_word' id='word_1_175' title='bbox 1710 2084 1817 2154; x_wconf 90' lang='lat' dir='ltr'><strong>simul</strong></span> <span class='ocrx_word' id='word_1_176' title='bbox 1850 2101 1970 2179; x_wconf 88' lang='lat' dir='ltr'><strong>petere</strong></span> <span class='ocrx_word' id='word_1_177' title='bbox 2003 2095 2195 2183; x_wconf 79' lang='lat' dir='ltr'><strong>auxilium,</strong></span> <span class='ocrx_word' id='word_1_178' title='bbox 2229 2101 2320 2173; x_wconf 81' lang='lat' dir='ltr'><strong>sicut</strong></span> <span class='ocrx_word' id='word_1_179' title='bbox 2353 2107 2517 2198; x_wconf 89' lang='lat' dir='ltr'><strong>scriptum</strong></span> <span class='ocrx_word' id='word_1_180' title='bbox 2546 2130 2597 2186; x_wconf 88' lang='lat' dir='ltr'><strong>est:</strong></span> 
     </span>
     <span class='ocr_line' id='line_1_15' title="bbox 599 2182 2596 2300; baseline 0.016 -45"><span class='ocrx_word' id='word_1_181' title='bbox 599 2184 725 2257; x_wconf 88' lang='lat' dir='ltr'><strong>tiones.</strong></span> <span class='ocrx_word' id='word_1_182' title='bbox 1137 2213 1144 2217; x_wconf 93' lang='lat'>·</span> <span class='ocrx_word' id='word_1_183' title='bbox 1571 2201 1577 2235; x_wconf 78' lang='lat'><em>³</em></span> <span class='ocrx_word' id='word_1_184' title='bbox 1642 2182 1789 2273; x_wconf 85' lang='lat' dir='ltr'><strong>Quanto</strong></span> <span class='ocrx_word' id='word_1_185' title='bbox 1802 2192 1913 2279; x_wconf 88' lang='lat' dir='ltr'><strong>magis</strong></span> <span class='ocrx_word' id='word_1_186' title='bbox 1928 2192 2028 2263; x_wconf 87' lang='lat' dir='ltr'><strong>dabit</strong></span> <span class='ocrx_word' id='word_1_187' title='bbox 2041 2194 2216 2288; x_wconf 88' lang='lat' dir='ltr'><strong>Spiritum</strong></span> <span class='ocrx_word' id='word_1_188' title='bbox 2231 2217 2394 2277; x_wconf 86' lang='lat' dir='ltr'><strong>sanctum</strong></span> <span class='ocrx_word' id='word_1_189' title='bbox 2411 2215 2596 2300; x_wconf 85' lang='lat' dir='ltr'><strong>petentibus.</strong></span> 
     </span>
     <span class='ocr_line' id='line_1_16' title="bbox 702 2281 2596 2407; baseline 0.015 -48"><span class='ocrx_word' id='word_1_190' title='bbox 702 2287 865 2359; x_wconf 85' lang='lat' dir='ltr'><strong>Secunda</strong></span> <span class='ocrx_word' id='word_1_191' title='bbox 889 2286 1097 2360; x_wconf 85' lang='lat' dir='ltr'><strong>admonitio.</strong></span> <span class='ocrx_word' id='word_1_192' title='bbox 1148 2286 1218 2360; x_wconf 85' lang='lat' dir='ltr'><strong>Sed</strong></span> <span class='ocrx_word' id='word_1_193' title='bbox 1244 2289 1356 2373; x_wconf 91' lang='lat' dir='ltr'><strong>dices,</strong></span> <span class='ocrx_word' id='word_1_194' title='bbox 1390 2281 1477 2359; x_wconf 88' lang='lat' dir='ltr'><strong>baec</strong></span> <span class='ocrx_word' id='word_1_195' title='bbox 1502 2311 1588 2357; x_wconf 90' lang='lat' dir='ltr'><strong>con·</strong></span> <span class='ocrx_word' id='word_1_196' title='bbox 1639 2284 1721 2357; x_wconf 89' lang='lat' dir='ltr'><strong>Non</strong></span> <span class='ocrx_word' id='word_1_197' title='bbox 1751 2288 1861 2378; x_wconf 89' lang='lat' dir='ltr'><strong>igitur</strong></span> <span class='ocrx_word' id='word_1_198' title='bbox 1883 2316 2057 2384; x_wconf 80' lang='lat' dir='ltr'><strong>repugnes</strong></span> <span class='ocrx_word' id='word_1_199' title='bbox 2084 2296 2299 2391; x_wconf 84' lang='lat' dir='ltr'><strong>Evangelio,</strong></span> <span class='ocrx_word' id='word_1_200' title='bbox 2340 2332 2415 2377; x_wconf 88' lang='lat' dir='ltr'><strong>non</strong></span> <span class='ocrx_word' id='word_1_201' title='bbox 2441 2315 2596 2407; x_wconf 89' lang='lat' dir='ltr'><strong>indulgeas</strong></span> 
     </span>
     <span class='ocr_line' id='line_1_17' title="bbox 598 2388 2596 2489; baseline 0.014 -28"><span class='ocrx_word' id='word_1_202' title='bbox 598 2391 724 2461; x_wconf 91' lang='lat' dir='ltr'><strong>solatio</strong></span> <span class='ocrx_word' id='word_1_203' title='bbox 742 2415 783 2459; x_wconf 90' lang='lat' dir='ltr'><strong>eo</strong></span> <span class='ocrx_word' id='word_1_204' title='bbox 806 2391 970 2481; x_wconf 89' lang='lat' dir='ltr'><strong>prodest,</strong></span> <span class='ocrx_word' id='word_1_205' title='bbox 998 2392 1095 2483; x_wconf 91' lang='lat' dir='ltr'><strong>quod</strong></span> <span class='ocrx_word' id='word_1_206' title='bbox 1117 2390 1189 2460; x_wconf 92' lang='lat' dir='ltr'><strong>scio</strong></span> <span class='ocrx_word' id='word_1_207' title='bbox 1214 2392 1293 2459; x_wconf 85' lang='lat' dir='ltr'><strong>aliis</strong></span> <span class='ocrx_word' id='word_1_208' title='bbox 1316 2392 1450 2461; x_wconf 89' lang='lat' dir='ltr'><strong>servari</strong></span> <span class='ocrx_word' id='word_1_209' title='bbox 1464 2388 1588 2461; x_wconf 88' lang='lat' dir='ltr'><strong>Eccle·</strong></span> <span class='ocrx_word' id='word_1_210' title='bbox 1640 2390 1880 2487; x_wconf 82' lang='lat' dir='ltr'><strong>diffidentiae,</strong></span> <span class='ocrx_word' id='word_1_211' title='bbox 1903 2418 1979 2465; x_wconf 81' lang='lat' dir='ltr'><strong>nors</strong></span> <span class='ocrx_word' id='word_1_212' title='bbox 2003 2401 2151 2489; x_wconf 75' lang='lat' dir='ltr'><strong>cogites,</strong></span> <span class='ocrx_word' id='word_1_213' title='bbox 2176 2419 2217 2475; x_wconf 94' lang='lat' dir='ltr'><strong>ut</strong></span> <span class='ocrx_word' id='word_1_214' title='bbox 2239 2413 2421 2483; x_wconf 89' lang='lat' dir='ltr'><strong>somniant</strong></span> <span class='ocrx_word' id='word_1_215' title='bbox 2444 2413 2596 2489; x_wconf 85' lang='lat' dir='ltr'><strong>enthusia-</strong></span> 
     </span>
     <span class='ocr_line' id='line_1_18' title="bbox 598 2488 2595 2615; baseline 0.014 -52"><span class='ocrx_word' id='word_1_216' title='bbox 598 2493 705 2580; x_wconf 87' lang='lat' dir='ltr'><strong>siam,</strong></span> <span class='ocrx_word' id='word_1_217' title='bbox 737 2493 895 2563; x_wconf 79' lang='lat' dir='ltr'><strong>fortassis</strong></span> <span class='ocrx_word' id='word_1_218' title='bbox 919 2505 1035 2562; x_wconf 89' lang='lat' dir='ltr'><strong>autem</strong></span> <span class='ocrx_word' id='word_1_219' title='bbox 1058 2488 1148 2560; x_wconf 90' lang='lat' dir='ltr'><strong>mibi</strong></span> <span class='ocrx_word' id='word_1_220' title='bbox 1176 2493 1213 2561; x_wconf 91' lang='lat' dir='ltr'><strong>id</strong></span> <span class='ocrx_word' id='word_1_221' title='bbox 1238 2488 1330 2563; x_wconf 90' lang='lat' dir='ltr'><strong>nihil</strong></span> <span class='ocrx_word' id='word_1_222' title='bbox 1357 2494 1518 2584; x_wconf 86' lang='lat' dir='ltr'><strong>prodest,</strong></span> <span class='ocrx_word' id='word_1_223' title='bbox 1554 2506 1588 2565; x_wconf 91' lang='lat' dir='ltr'><strong>et</strong></span> <span class='ocrx_word' id='word_1_224' title='bbox 1640 2505 1730 2577; x_wconf 87' lang='lat' dir='ltr'><strong>stae,</strong></span> <span class='ocrx_word' id='word_1_225' title='bbox 1763 2501 2017 2586; x_wconf 81' lang='lat' dir='ltr'><strong>expectandum</strong></span> <span class='ocrx_word' id='word_1_226' title='bbox 2047 2526 2123 2573; x_wconf 92' lang='lat' dir='ltr'><strong>esse</strong></span> <span class='ocrx_word' id='word_1_227' title='bbox 2146 2505 2344 2581; x_wconf 80' lang='lat' dir='ltr'><strong>violentum</strong></span> <span class='ocrx_word' id='word_1_228' title='bbox 2366 2527 2516 2602; x_wconf 92' lang='lat' dir='ltr'><strong>motum,</strong></span> <span class='ocrx_word' id='word_1_229' title='bbox 2543 2546 2595 2615; x_wconf 91' lang='lat' dir='ltr'><strong>quo</strong></span> 
     </span>
     <span class='ocr_line' id='line_1_19' title="bbox 598 2593 2594 2702; baseline 0.014 -39"><span class='ocrx_word' id='word_1_230' title='bbox 598 2598 778 2691; x_wconf 90' lang='lat' dir='ltr'><strong>quomodo</strong></span> <span class='ocrx_word' id='word_1_231' title='bbox 795 2596 901 2665; x_wconf 89' lang='lat' dir='ltr'><strong>sciam</strong></span> <span class='ocrx_word' id='word_1_232' title='bbox 918 2594 981 2688; x_wconf 92' lang='lat' dir='ltr'><strong>qui</strong></span> <span class='ocrx_word' id='word_1_233' title='bbox 994 2596 1064 2663; x_wconf 91' lang='lat' dir='ltr'><strong>sint</strong></span> <span class='ocrx_word' id='word_1_234' title='bbox 1080 2594 1207 2665; x_wconf 81' lang='lat' dir='ltr'><strong>electi?</strong></span> <span class='ocrx_word' id='word_1_235' title='bbox 1243 2593 1479 2687; x_wconf 86' lang='lat' dir='ltr'><strong>Respondeo:</strong></span> <span class='ocrx_word' id='word_1_236' title='bbox 1502 2594 1587 2666; x_wconf 88' lang='lat' dir='ltr'><strong>Tibi</strong></span> <span class='ocrx_word' id='word_1_237' title='bbox 1641 2608 1675 2665; x_wconf 93' lang='lat' dir='ltr'><strong>te</strong></span> <span class='ocrx_word' id='word_1_238' title='bbox 1703 2596 1817 2687; x_wconf 86' lang='lat' dir='ltr'><strong>rapiat</strong></span> <span class='ocrx_word' id='word_1_239' title='bbox 1844 2597 1943 2670; x_wconf 92' lang='lat' dir='ltr'><strong>Deus</strong></span> <span class='ocrx_word' id='word_1_240' title='bbox 1969 2603 2076 2674; x_wconf 91' lang='lat' dir='ltr'><strong>etiam</strong></span> <span class='ocrx_word' id='word_1_241' title='bbox 2098 2626 2374 2702; x_wconf 73' lang='lat' dir='ltr'><strong>repugnantem,</strong></span> <span class='ocrx_word' id='word_1_242' title='bbox 2419 2632 2452 2689; x_wconf 89' lang='lat' dir='ltr'><strong>et</strong></span> <span class='ocrx_word' id='word_1_243' title='bbox 2489 2620 2594 2691; x_wconf 89' lang='lat' dir='ltr'><strong>iterun</strong></span> 
     </span>
     <span class='ocr_line' id='line_1_20' title="bbox 597 2692 2596 2809; baseline 0.012 -40"><span class='ocrx_word' id='word_1_244' title='bbox 597 2722 740 2792; x_wconf 91' lang='lat' dir='ltr'><strong>quoque</strong></span> <span class='ocrx_word' id='word_1_245' title='bbox 764 2692 850 2767; x_wconf 91' lang='lat' dir='ltr'><strong>haec</strong></span> <span class='ocrx_word' id='word_1_246' title='bbox 874 2696 1047 2788; x_wconf 87' lang='lat' dir='ltr'><strong>generalis</strong></span> <span class='ocrx_word' id='word_1_247' title='bbox 1073 2697 1269 2767; x_wconf 88' lang='lat' dir='ltr'><strong>consolatio</strong></span> <span class='ocrx_word' id='word_1_248' title='bbox 1296 2700 1458 2791; x_wconf 87' lang='lat' dir='ltr'><strong>prodest,</strong></span> <span class='ocrx_word' id='word_1_249' title='bbox 1503 2697 1586 2791; x_wconf 90' lang='lat' dir='ltr'><strong>quia</strong></span> <span class='ocrx_word' id='word_1_250' title='bbox 1638 2711 1800 2769; x_wconf 87' lang='lat' dir='ltr'><strong>ruentem</strong></span> <span class='ocrx_word' id='word_1_251' title='bbox 1822 2698 1861 2769; x_wconf 91' lang='lat' dir='ltr'><strong>in</strong></span> <span class='ocrx_word' id='word_1_252' title='bbox 1884 2704 2031 2790; x_wconf 86' lang='lat' dir='ltr'><strong>scelera,</strong></span> <span class='ocrx_word' id='word_1_253' title='bbox 2057 2710 2120 2777; x_wconf 91' lang='lat' dir='ltr'><strong>sed</strong></span> <span class='ocrx_word' id='word_1_254' title='bbox 2144 2714 2347 2802; x_wconf 88' lang='lat' dir='ltr'><strong>assentiaris</strong></span> <span class='ocrx_word' id='word_1_255' title='bbox 2369 2720 2448 2789; x_wconf 90' lang='lat' dir='ltr'><strong>voci</strong></span> <span class='ocrx_word' id='word_1_256' title='bbox 2468 2722 2596 2809; x_wconf 86' lang='lat' dir='ltr'><strong>divinae,</strong></span> 
     </span>
     <span class='ocr_line' id='line_1_21' title="bbox 598 2796 2595 2912; baseline 0.013 -42"><span class='ocrx_word' id='word_1_257' title='bbox 598 2800 742 2871; x_wconf 89' lang='lat' dir='ltr'><strong>credere</strong></span> <span class='ocrx_word' id='word_1_258' title='bbox 763 2802 870 2869; x_wconf 89' lang='lat' dir='ltr'><strong>debes</strong></span> <span class='ocrx_word' id='word_1_259' title='bbox 893 2799 960 2867; x_wconf 92' lang='lat' dir='ltr'><strong>tibi</strong></span> <span class='ocrx_word' id='word_1_260' title='bbox 986 2822 1127 2892; x_wconf 93' lang='lat' dir='ltr'><strong>quoque</strong></span> <span class='ocrx_word' id='word_1_261' title='bbox 1152 2801 1283 2869; x_wconf 89' lang='lat' dir='ltr'><strong>servari</strong></span> <span class='ocrx_word' id='word_1_262' title='bbox 1307 2796 1521 2889; x_wconf 78' lang='lat' dir='ltr'><strong>Ecclesiam,</strong></span> <span class='ocrx_word' id='word_1_263' title='bbox 1554 2812 1588 2873; x_wconf 90' lang='lat' dir='ltr'><strong>et</strong></span> <span class='ocrx_word' id='word_1_264' title='bbox 1639 2812 1673 2871; x_wconf 89' lang='lat' dir='ltr'><strong>et</strong></span> <span class='ocrx_word' id='word_1_265' title='bbox 1692 2800 1800 2870; x_wconf 89' lang='lat' dir='ltr'><strong>simul</strong></span> <span class='ocrx_word' id='word_1_266' title='bbox 1820 2805 1934 2895; x_wconf 87' lang='lat' dir='ltr'><strong>petito</strong></span> <span class='ocrx_word' id='word_1_267' title='bbox 1958 2808 2149 2896; x_wconf 81' lang='lat' dir='ltr'><strong>auxilium,</strong></span> <span class='ocrx_word' id='word_1_268' title='bbox 2190 2814 2283 2887; x_wconf 90' lang='lat' dir='ltr'><strong>sicut</strong></span> <span class='ocrx_word' id='word_1_269' title='bbox 2311 2820 2377 2890; x_wconf 89' lang='lat' dir='ltr'><strong>ille</strong></span> <span class='ocrx_word' id='word_1_270' title='bbox 2403 2824 2494 2912; x_wconf 91' lang='lat' dir='ltr'><strong>apud</strong></span> <span class='ocrx_word' id='word_1_271' title='bbox 2518 2824 2595 2895; x_wconf 87' lang='lat' dir='ltr'><strong>Mar-</strong></span> 
     </span>
     <span class='ocr_line' id='line_1_22' title="bbox 596 2900 2595 3009; baseline 0.012 -36"><span class='ocrx_word' id='word_1_272' title='bbox 596 2903 804 2973; x_wconf 90' lang='lat' dir='ltr'><strong>mandatum</strong></span> <span class='ocrx_word' id='word_1_273' title='bbox 828 2900 894 2973; x_wconf 85' lang='lat' dir='ltr'><strong>Dei</strong></span> <span class='ocrx_word' id='word_1_274' title='bbox 917 2913 1099 2972; x_wconf 89' lang='lat' dir='ltr'><strong>aeternum</strong></span> <span class='ocrx_word' id='word_1_275' title='bbox 1120 2914 1154 2971; x_wconf 89' lang='lat' dir='ltr'><strong>et</strong></span> <span class='ocrx_word' id='word_1_276' title='bbox 1170 2902 1357 2991; x_wconf 90' lang='lat' dir='ltr'><strong>immotum</strong></span> <span class='ocrx_word' id='word_1_277' title='bbox 1380 2915 1450 2989; x_wconf 87' lang='lat' dir='ltr'><strong>est,</strong></span> <span class='ocrx_word' id='word_1_278' title='bbox 1485 2916 1526 2974; x_wconf 91' lang='lat' dir='ltr'><strong>ut</strong></span> <span class='ocrx_word' id='word_1_279' title='bbox 1547 2916 1587 2973; x_wconf 93' lang='lat' dir='ltr'><strong>tu</strong></span> <span class='ocrx_word' id='word_1_280' title='bbox 1638 2926 1737 2975; x_wconf 79' lang='lat' dir='ltr'><strong>cram:</strong></span> <span class='ocrx_word' id='word_1_281' title='bbox 1771 2902 1887 2976; x_wconf 87' lang='lat' dir='ltr'><strong>Credo</strong></span> <span class='ocrx_word' id='word_1_282' title='bbox 1909 2904 2082 2997; x_wconf 81' lang='lat' dir='ltr'><strong>Domine,</strong></span> <span class='ocrx_word' id='word_1_283' title='bbox 2116 2916 2176 2983; x_wconf 89' lang='lat' dir='ltr'><strong>sed</strong></span> <span class='ocrx_word' id='word_1_284' title='bbox 2192 2940 2295 3009; x_wconf 89' lang='lat' dir='ltr'><strong>opem</strong></span> <span class='ocrx_word' id='word_1_285' title='bbox 2312 2922 2369 2993; x_wconf 81' lang='lat' dir='ltr'><strong>ser</strong></span> <span class='ocrx_word' id='word_1_286' title='bbox 2389 2924 2595 2999; x_wconf 84' lang='lat' dir='ltr'><strong>imbecillitati</strong></span> 
     </span>
     <span class='ocr_line' id='line_1_23' title="bbox 597 3002 2594 3100; baseline 0.013 -25"><span class='ocrx_word' id='word_1_287' title='bbox 597 3028 739 3099; x_wconf 85' lang='lat' dir='ltr'><strong>quoque</strong></span> <span class='ocrx_word' id='word_1_288' title='bbox 755 3005 878 3073; x_wconf 90' lang='lat' dir='ltr'><strong>audias</strong></span> <span class='ocrx_word' id='word_1_289' title='bbox 892 3002 1123 3093; x_wconf 87' lang='lat' dir='ltr'><strong>filium‚agas</strong></span> <span class='ocrx_word' id='word_1_290' title='bbox 1142 3006 1395 3095; x_wconf 89' lang='lat' dir='ltr'><strong>poenitentiam</strong></span> <span class='ocrx_word' id='word_1_291' title='bbox 1415 3007 1587 3100; x_wconf 75' lang='lat' dir='ltr'><strong>etpredas</strong></span> <span class='ocrx_word' id='word_1_292' title='bbox 1637 3028 1745 3081; x_wconf 86' lang='lat' dir='ltr'><strong>meae.</strong></span> <span class='ocrx_word' id='word_1_293' title='bbox 1798 3004 2046 3095; x_wconf 86' lang='lat' dir='ltr'><strong>Hoccumbt,</strong></span> <span class='ocrx_word' id='word_1_294' title='bbox 2080 3026 2594 3099; x_wconf 82' lang='lat' dir='ltr'><strong>cectumesttealleotrabiet</strong></span> 
     </span>
     <span class='ocr_line' id='line_1_24' title="bbox 595 3102 2594 3217; baseline 0.013 -40"><span class='ocrx_word' id='word_1_295' title='bbox 595 3120 631 3187; x_wconf 84' lang='lat' dir='ltr'><strong>tc</strong></span> <span class='ocrx_word' id='word_1_296' title='bbox 650 3107 760 3199; x_wconf 89' lang='lat' dir='ltr'><strong>recipi</strong></span> <span class='ocrx_word' id='word_1_297' title='bbox 776 3130 797 3175; x_wconf 91' lang='lat' dir='ltr'><strong>a</strong></span> <span class='ocrx_word' id='word_1_298' title='bbox 811 3102 887 3177; x_wconf 89' lang='lat' dir='ltr'><strong>Deo</strong></span> <span class='ocrx_word' id='word_1_299' title='bbox 906 3118 1055 3196; x_wconf 89' lang='lat' dir='ltr'><strong>propter</strong></span> <span class='ocrx_word' id='word_1_300' title='bbox 1076 3107 1324 3195; x_wconf 87' lang='lat' dir='ltr'><strong>mediatorem,</strong></span> <span class='ocrx_word' id='word_1_301' title='bbox 1350 3108 1430 3179; x_wconf 90' lang='lat' dir='ltr'><strong>talis</strong></span> <span class='ocrx_word' id='word_1_302' title='bbox 1446 3133 1526 3178; x_wconf 93' lang='lat' dir='ltr'><strong>cum</strong></span> <span class='ocrx_word' id='word_1_303' title='bbox 1550 3131 1586 3177; x_wconf 90' lang='lat' dir='ltr'><strong>es</strong></span> <span class='ocrx_word' id='word_1_304' title='bbox 1623 3108 1817 3196; x_wconf 78' lang='lat' dir='ltr'><strong>adiuvari,</strong></span> <span class='ocrx_word' id='word_1_305' title='bbox 1850 3113 1942 3186; x_wconf 85' lang='lat' dir='ltr'><strong>sicut</strong></span> <span class='ocrx_word' id='word_1_306' title='bbox 1963 3114 2073 3188; x_wconf 89' lang='lat' dir='ltr'><strong>iurat:</strong></span> <span class='ocrx_word' id='word_1_307' title='bbox 2101 3116 2194 3191; x_wconf 85' lang='lat' dir='ltr'><strong>Vivo</strong></span> <span class='ocrx_word' id='word_1_308' title='bbox 2210 3134 2291 3215; x_wconf 83' lang='lat' dir='ltr'><strong>ego,</strong></span> <span class='ocrx_word' id='word_1_309' title='bbox 2324 3130 2413 3200; x_wconf 88' lang='lat' dir='ltr'><strong>dicit</strong></span> <span class='ocrx_word' id='word_1_310' title='bbox 2435 3126 2594 3217; x_wconf 86' lang='lat' dir='ltr'><strong>Dominus,</strong></span> 
     </span>
     <span class='ocr_line' id='line_1_25' title="bbox 596 3202 2595 3307; baseline 0.01 -23"><span class='ocrx_word' id='word_1_311' title='bbox 596 3210 780 3284; x_wconf 85' lang='lat' dir='ltr'><strong>discedens</strong></span> <span class='ocrx_word' id='word_1_312' title='bbox 804 3234 845 3279; x_wconf 86' lang='lat' dir='ltr'><strong>cx</strong></span> <span class='ocrx_word' id='word_1_313' title='bbox 866 3202 931 3277; x_wconf 92' lang='lat' dir='ltr'><strong>hac</strong></span> <span class='ocrx_word' id='word_1_314' title='bbox 956 3208 1047 3295; x_wconf 88' lang='lat' dir='ltr'><strong>vita,</strong></span> <span class='ocrx_word' id='word_1_315' title='bbox 1083 3220 1217 3279; x_wconf 87' lang='lat' dir='ltr'><strong>certum</strong></span> <span class='ocrx_word' id='word_1_316' title='bbox 1239 3225 1291 3281; x_wconf 90' lang='lat' dir='ltr'><strong>est</strong></span> <span class='ocrx_word' id='word_1_317' title='bbox 1312 3224 1346 3281; x_wconf 90' lang='lat' dir='ltr'><strong>te</strong></span> <span class='ocrx_word' id='word_1_318' title='bbox 1369 3210 1406 3279; x_wconf 89' lang='lat' dir='ltr'><strong>in</strong></span> <span class='ocrx_word' id='word_1_319' title='bbox 1434 3234 1585 3281; x_wconf 92' lang='lat' dir='ltr'><strong>numero</strong></span> <span class='ocrx_word' id='word_1_320' title='bbox 1638 3211 1894 3284; x_wconf 89' lang='lat' dir='ltr'><strong>nolomortem</strong></span> <span class='ocrx_word' id='word_1_321' title='bbox 1921 3220 2130 3307; x_wconf 87' lang='lat' dir='ltr'><strong>peccatoris,</strong></span> <span class='ocrx_word' id='word_1_322' title='bbox 2168 3227 2229 3295; x_wconf 91' lang='lat' dir='ltr'><strong>sed</strong></span> <span class='ocrx_word' id='word_1_323' title='bbox 2258 3240 2299 3298; x_wconf 89' lang='lat' dir='ltr'><strong>ut</strong></span> <span class='ocrx_word' id='word_1_324' title='bbox 2328 3247 2547 3305; x_wconf 89' lang='lat' dir='ltr'><strong>convertatur</strong></span> <span class='ocrx_word' id='word_1_325' title='bbox 2570 3250 2595 3304; x_wconf 89' lang='lat' dir='ltr'><strong>ct</strong></span> 
     </span>
     <span class='ocr_line' id='line_1_26' title="bbox 596 3310 2594 3407; baseline 0.012 -27"><span class='ocrx_word' id='word_1_326' title='bbox 596 3312 788 3385; x_wconf 89' lang='lat' dir='ltr'><strong>electorum</strong></span> <span class='ocrx_word' id='word_1_327' title='bbox 815 3334 907 3396; x_wconf 91' lang='lat' dir='ltr'><strong>esse,</strong></span> <span class='ocrx_word' id='word_1_328' title='bbox 944 3310 1034 3380; x_wconf 90' lang='lat' dir='ltr'><strong>sicut</strong></span> <span class='ocrx_word' id='word_1_329' title='bbox 1063 3312 1324 3404; x_wconf 86' lang='lat' dir='ltr'><strong>scriptumest:</strong></span> <span class='ocrx_word' id='word_1_330' title='bbox 1353 3310 1454 3403; x_wconf 86' lang='lat' dir='ltr'><strong>Quos</strong></span> <span class='ocrx_word' id='word_1_331' title='bbox 1483 3312 1585 3385; x_wconf 87' lang='lat' dir='ltr'><strong>iusti·</strong></span> <span class='ocrx_word' id='word_1_332' title='bbox 1637 3314 1747 3392; x_wconf 83' lang='lat' dir='ltr'><strong>vivat.</strong></span> <span class='ocrx_word' id='word_1_333' title='bbox 1801 3313 1959 3389; x_wconf 87' lang='lat' dir='ltr'><strong>luhanc</strong></span> <span class='ocrx_word' id='word_1_334' title='bbox 1987 3323 2197 3394; x_wconf 89' lang='lat' dir='ltr'><strong>sententiam</strong></span> <span class='ocrx_word' id='word_1_335' title='bbox 2226 3325 2377 3405; x_wconf 80' lang='lat' dir='ltr'><strong>ethaeo</strong></span> <span class='ocrx_word' id='word_1_336' title='bbox 2407 3336 2594 3407; x_wconf 91' lang='lat' dir='ltr'><strong>dictasunt:</strong></span> 
     </span>
     <span class='ocr_line' id='line_1_27' title="bbox 595 3412 2624 3509; baseline 0.013 -26"><span class='ocrx_word' id='word_1_337' title='bbox 595 3412 706 3500; x_wconf 73' lang='lat' dir='ltr'><strong>licat,</strong></span> <span class='ocrx_word' id='word_1_338' title='bbox 727 3415 866 3486; x_wconf 88' lang='lat' dir='ltr'><strong>eosdem</strong></span> <span class='ocrx_word' id='word_1_339' title='bbox 891 3422 925 3484; x_wconf 90' lang='lat' dir='ltr'><strong>et</strong></span> <span class='ocrx_word' id='word_1_340' title='bbox 949 3412 1130 3502; x_wconf 85' lang='lat' dir='ltr'><strong>glorificat.</strong></span> <span class='ocrx_word' id='word_1_341' title='bbox 1635 3413 1734 3486; x_wconf 89' lang='lat' dir='ltr'><strong>Deus</strong></span> <span class='ocrx_word' id='word_1_342' title='bbox 1757 3415 1887 3506; x_wconf 83' lang='lat' dir='ltr'><strong>trahit,</strong></span> <span class='ocrx_word' id='word_1_343' title='bbox 1921 3424 1981 3492; x_wconf 89' lang='lat' dir='ltr'><strong>sed</strong></span> <span class='ocrx_word' id='word_1_344' title='bbox 2006 3426 2182 3496; x_wconf 89' lang='lat' dir='ltr'><strong>volentem</strong></span> <span class='ocrx_word' id='word_1_345' title='bbox 2207 3426 2331 3508; x_wconf 86' lang='lat' dir='ltr'><strong>trabit.</strong></span> <span class='ocrx_word' id='word_1_346' title='bbox 2385 3432 2489 3508; x_wconf 91' lang='lat' dir='ltr'><strong>Item:</strong></span> <span class='ocrx_word' id='word_1_347' title='bbox 2521 3438 2596 3509; x_wconf 88' lang='lat' dir='ltr'><strong>Tan-</strong></span> <span class='ocrx_word' id='word_1_348' title='bbox 2623 3502 2624 3509; x_wconf 74' lang='grc'>,</span> 
     </span>
     <span class='ocr_line' id='line_1_28' title="bbox 700 3513 2595 3620; baseline 0.012 -34"><span class='ocrx_word' id='word_1_349' title='bbox 700 3515 805 3587; x_wconf 90' lang='lat' dir='ltr'><strong>ltem:</strong></span> <span class='ocrx_word' id='word_1_350' title='bbox 846 3513 948 3587; x_wconf 87' lang='lat' dir='ltr'><strong>Beati</strong></span> <span class='ocrx_word' id='word_1_351' title='bbox 972 3515 1128 3603; x_wconf 90' lang='lat' dir='ltr'><strong>mortui,</strong></span> <span class='ocrx_word' id='word_1_352' title='bbox 1168 3517 1230 3611; x_wconf 92' lang='lat' dir='ltr'><strong>qui</strong></span> <span class='ocrx_word' id='word_1_353' title='bbox 1255 3517 1292 3588; x_wconf 92' lang='lat' dir='ltr'><strong>in</strong></span> <span class='ocrx_word' id='word_1_354' title='bbox 1319 3515 1481 3592; x_wconf 90' lang='lat' dir='ltr'><strong>Domino</strong></span> <span class='ocrx_word' id='word_1_355' title='bbox 1505 3540 1585 3588; x_wconf 91' lang='lat' dir='ltr'><strong>mo·</strong></span> <span class='ocrx_word' id='word_1_356' title='bbox 1638 3533 1713 3588; x_wconf 90' lang='lat' dir='ltr'><strong>tum</strong></span> <span class='ocrx_word' id='word_1_357' title='bbox 1730 3522 1838 3608; x_wconf 87' lang='lat' dir='ltr'><strong>velis,</strong></span> <span class='ocrx_word' id='word_1_358' title='bbox 1863 3537 1897 3594; x_wconf 89' lang='lat' dir='ltr'><strong>et</strong></span> <span class='ocrx_word' id='word_1_359' title='bbox 1912 3521 2009 3596; x_wconf 87' lang='lat' dir='ltr'><strong>Deus</strong></span> <span class='ocrx_word' id='word_1_360' title='bbox 2030 3534 2287 3620; x_wconf 88' lang='lat' dir='ltr'><strong>praeoccurrit,</strong></span> <span class='ocrx_word' id='word_1_361' title='bbox 2314 3550 2353 3608; x_wconf 92' lang='lat' dir='ltr'><strong>ut</strong></span> <span class='ocrx_word' id='word_1_362' title='bbox 2367 3535 2595 3613; x_wconf 89' lang='lat' dir='ltr'><strong>Basiliusdicit</strong></span> 
     </span>
     <span class='ocr_line' id='line_1_29' title="bbox 593 3619 2594 3736; baseline 0.018 -60"><span class='ocrx_word' id='word_1_363' title='bbox 593 3619 750 3693; x_wconf 63' lang='lat' dir='ltr'><strong>fiuntur,</strong></span> <span class='ocrx_word' id='word_1_364' title='bbox 1638 3621 1676 3689; x_wconf 89' lang='lat' dir='ltr'><strong>in</strong></span> <span class='ocrx_word' id='word_1_365' title='bbox 1701 3625 1871 3695; x_wconf 90' lang='lat' dir='ltr'><strong>concione</strong></span> <span class='ocrx_word' id='word_1_366' title='bbox 1894 3627 1939 3696; x_wconf 90' lang='lat' dir='ltr'><strong>de</strong></span> <span class='ocrx_word' id='word_1_367' title='bbox 1961 3627 2035 3697; x_wconf 89' lang='lat' dir='ltr'><strong>lilio</strong></span> <span class='ocrx_word' id='word_1_368' title='bbox 2055 3633 2226 3722; x_wconf 88' lang='lat' dir='ltr'><strong>prodigo,</strong></span> <span class='ocrx_word' id='word_1_369' title='bbox 2255 3638 2314 3706; x_wconf 90' lang='lat' dir='ltr'><strong>cui</strong></span> <span class='ocrx_word' id='word_1_370' title='bbox 2338 3643 2499 3715; x_wconf 89' lang='lat' dir='ltr'><strong>redeunti</strong></span> <span class='ocrx_word' id='word_1_371' title='bbox 2518 3658 2594 3736; x_wconf 84' lang='lat' dir='ltr'><strong>pates</strong></span> 
     </span>
     <span class='ocr_line' id='line_1_30' title="bbox 697 3715 2594 3832; baseline 0.011 -40"><span class='ocrx_word' id='word_1_372' title='bbox 697 3716 970 3813; x_wconf 84' lang='lat' dir='ltr'><strong>ltem,Apocal.</strong></span> <span class='ocrx_word' id='word_1_373' title='bbox 986 3723 1039 3793; x_wconf 77' lang='lat'><strong>2.:</strong></span> <span class='ocrx_word' id='word_1_374' title='bbox 1066 3715 1153 3804; x_wconf 86' lang='lat' dir='ltr'><strong>Esto</strong></span> <span class='ocrx_word' id='word_1_375' title='bbox 1170 3719 1283 3790; x_wconf 87' lang='lat' dir='ltr'><strong>fidelis</strong></span> <span class='ocrx_word' id='word_1_376' title='bbox 1300 3723 1471 3818; x_wconf 90' lang='lat' dir='ltr'><strong>usquead</strong></span> <span class='ocrx_word' id='word_1_377' title='bbox 1487 3748 1585 3794; x_wconf 90' lang='lat' dir='ltr'><strong>mor·</strong></span> <span class='ocrx_word' id='word_1_378' title='bbox 1637 3725 1778 3794; x_wconf 86' lang='lat' dir='ltr'><strong>obviam</strong></span> <span class='ocrx_word' id='word_1_379' title='bbox 1801 3730 1961 3818; x_wconf 91' lang='lat' dir='ltr'><strong>procedit</strong></span> <span class='ocrx_word' id='word_1_380' title='bbox 1977 3744 2011 3801; x_wconf 90' lang='lat' dir='ltr'><strong>et</strong></span> <span class='ocrx_word' id='word_1_381' title='bbox 2027 3731 2162 3806; x_wconf 90' lang='lat' dir='ltr'><strong>involat</strong></span> <span class='ocrx_word' id='word_1_382' title='bbox 2178 3736 2217 3804; x_wconf 91' lang='lat' dir='ltr'><strong>in</strong></span> <span class='ocrx_word' id='word_1_383' title='bbox 2240 3742 2475 3832; x_wconf 83' lang='lat' dir='ltr'><strong>complexum.</strong></span> <span class='ocrx_word' id='word_1_384' title='bbox 2520 3744 2594 3815; x_wconf 86' lang='lat' dir='ltr'><strong>Haec</strong></span> 
     </span>
     <span class='ocr_line' id='line_1_31' title="bbox 594 3824 2593 3933; baseline 0.011 -38"><span class='ocrx_word' id='word_1_385' title='bbox 594 3836 685 3912; x_wconf 87' lang='lat' dir='ltr'><strong>tem,</strong></span> <span class='ocrx_word' id='word_1_386' title='bbox 712 3838 747 3896; x_wconf 86' lang='lat' dir='ltr'><strong>et</strong></span> <span class='ocrx_word' id='word_1_387' title='bbox 764 3824 857 3894; x_wconf 91' lang='lat' dir='ltr'><strong>dabo</strong></span> <span class='ocrx_word' id='word_1_388' title='bbox 875 3825 939 3893; x_wconf 88' lang='lat' dir='ltr'><strong>tibi</strong></span> <span class='ocrx_word' id='word_1_389' title='bbox 959 3847 1139 3898; x_wconf 90' lang='lat' dir='ltr'><strong>coronam.</strong></span> <span class='ocrx_word' id='word_1_390' title='bbox 1635 3825 1787 3898; x_wconf 87' lang='lat' dir='ltr'><strong>dicimus</strong></span> <span class='ocrx_word' id='word_1_391' title='bbox 1802 3832 1845 3898; x_wconf 93' lang='lat' dir='ltr'><strong>ad</strong></span> <span class='ocrx_word' id='word_1_392' title='bbox 1859 3831 2095 3904; x_wconf 89' lang='lat' dir='ltr'><strong>consolandos</strong></span> <span class='ocrx_word' id='word_1_393' title='bbox 2111 3861 2187 3923; x_wconf 92' lang='lat' dir='ltr'><strong>eos,</strong></span> <span class='ocrx_word' id='word_1_394' title='bbox 2221 3841 2384 3933; x_wconf 90' lang='lat' dir='ltr'><strong>quisunt</strong></span> <span class='ocrx_word' id='word_1_395' title='bbox 2400 3848 2439 3916; x_wconf 91' lang='lat' dir='ltr'><strong>in</strong></span> <span class='ocrx_word' id='word_1_396' title='bbox 2453 3843 2593 3932; x_wconf 81' lang='lat' dir='ltr'><strong>Ecclesia,</strong></span> 
     </span>
     <span class='ocr_line' id='line_1_32' title="bbox 698 3921 2592 4035; baseline 0.011 -37"><span class='ocrx_word' id='word_1_397' title='bbox 698 3924 799 4018; x_wconf 86' lang='lat' dir='ltr'><strong>Item,</strong></span> <span class='ocrx_word' id='word_1_398' title='bbox 817 3931 854 3999; x_wconf 76' lang='lat'><strong>2.</strong></span> <span class='ocrx_word' id='word_1_399' title='bbox 870 3921 1033 3998; x_wconf 86' lang='lat' dir='ltr'><strong>Corinth.</strong></span> <span class='ocrx_word' id='word_1_400' title='bbox 1049 3921 1103 3998; x_wconf 83' lang='lat'><strong>5.:</strong></span> <span class='ocrx_word' id='word_1_401' title='bbox 1131 3924 1456 4016; x_wconf 78' lang='lat' dir='ltr'><strong>superinduemur,</strong></span> <span class='ocrx_word' id='word_1_402' title='bbox 1483 3927 1512 3996; x_wconf 88' lang='lat' dir='ltr'><strong>si</strong></span> <span class='ocrx_word' id='word_1_403' title='bbox 1529 3939 1584 3998; x_wconf 88' lang='lat' dir='ltr'><strong>ta·</strong></span> <span class='ocrx_word' id='word_1_404' title='bbox 1637 3941 1671 3999; x_wconf 86' lang='lat' dir='ltr'><strong>et</strong></span> <span class='ocrx_word' id='word_1_405' title='bbox 1687 3951 1725 3998; x_wconf 88' lang='lat' dir='ltr'><strong>se</strong></span> <span class='ocrx_word' id='word_1_406' title='bbox 1743 3930 1948 4022; x_wconf 87' lang='lat' dir='ltr'><strong>intelligunt</strong></span> <span class='ocrx_word' id='word_1_407' title='bbox 1971 3937 2092 4006; x_wconf 86' lang='lat' dir='ltr'><strong>vocari</strong></span> <span class='ocrx_word' id='word_1_408' title='bbox 2114 3963 2200 4011; x_wconf 88' lang='lat' dir='ltr'><strong>voce</strong></span> <span class='ocrx_word' id='word_1_409' title='bbox 2214 3938 2420 4035; x_wconf 82' lang='lat' dir='ltr'><strong>Evangelii,</strong></span> <span class='ocrx_word' id='word_1_410' title='bbox 2447 3962 2478 4020; x_wconf 91' lang='lat' dir='ltr'><strong>et</strong></span> <span class='ocrx_word' id='word_1_411' title='bbox 2492 3951 2592 4020; x_wconf 89' lang='lat' dir='ltr'><strong>volunt</strong></span> 
     </span>
     <span class='ocr_line' id='line_1_33' title="bbox 595 4027 2593 4134; baseline 0.012 -38"><span class='ocrx_word' id='word_1_412' title='bbox 595 4050 679 4098; x_wconf 91' lang='lat' dir='ltr'><strong>men</strong></span> <span class='ocrx_word' id='word_1_413' title='bbox 702 4051 777 4097; x_wconf 89' lang='lat' dir='ltr'><strong>non</strong></span> <span class='ocrx_word' id='word_1_414' title='bbox 800 4027 887 4097; x_wconf 88' lang='lat' dir='ltr'><strong>nudi</strong></span> <span class='ocrx_word' id='word_1_415' title='bbox 910 4029 1141 4119; x_wconf 87' lang='lat' dir='ltr'><strong>reperiemur.</strong></span> <span class='ocrx_word' id='word_1_416' title='bbox 1251 4041 1254 4047; x_wconf 84' lang='lat'>&#39;</span> <span class='ocrx_word' id='word_1_417' title='bbox 1635 4033 1806 4108; x_wconf 84' lang='lat' dir='ltr'><strong>converti.</strong></span> <span class='ocrx_word' id='word_1_418' title='bbox 1859 4035 1898 4106; x_wconf 89' lang='lat' dir='ltr'><strong>Si</strong></span> <span class='ocrx_word' id='word_1_419' title='bbox 1921 4037 1984 4129; x_wconf 91' lang='lat' dir='ltr'><strong>qui</strong></span> <span class='ocrx_word' id='word_1_420' title='bbox 1999 4053 2116 4111; x_wconf 91' lang='lat' dir='ltr'><strong>autem</strong></span> <span class='ocrx_word' id='word_1_421' title='bbox 2138 4043 2215 4112; x_wconf 90' lang='lat' dir='ltr'><strong>sine</strong></span> <span class='ocrx_word' id='word_1_422' title='bbox 2237 4049 2456 4134; x_wconf 89' lang='lat' dir='ltr'><strong>poenitentia</strong></span> <span class='ocrx_word' id='word_1_423' title='bbox 2477 4064 2593 4122; x_wconf 89' lang='lat' dir='ltr'><strong>moveat</strong></span> 
     </span>
     <span class='ocr_line' id='line_1_34' title="bbox 696 4128 2624 4245; baseline 0.012 -45"><span class='ocrx_word' id='word_1_424' title='bbox 696 4128 756 4201; x_wconf 88' lang='lat' dir='ltr'><strong>Sic</strong></span> <span class='ocrx_word' id='word_1_425' title='bbox 781 4129 917 4223; x_wconf 89' lang='lat' dir='ltr'><strong>quoties</strong></span> <span class='ocrx_word' id='word_1_426' title='bbox 940 4131 1134 4218; x_wconf 86' lang='lat' dir='ltr'><strong>cogitamus</strong></span> <span class='ocrx_word' id='word_1_427' title='bbox 1157 4129 1201 4198; x_wconf 88' lang='lat' dir='ltr'><strong>de</strong></span> <span class='ocrx_word' id='word_1_428' title='bbox 1217 4128 1406 4215; x_wconf 88' lang='lat' dir='ltr'><strong>electione,</strong></span> <span class='ocrx_word' id='word_1_429' title='bbox 1443 4131 1582 4203; x_wconf 91' lang='lat' dir='ltr'><strong>intuea·</strong></span> <span class='ocrx_word' id='word_1_430' title='bbox 1634 4133 1792 4206; x_wconf 85' lang='lat' dir='ltr'><strong>curiosas</strong></span> <span class='ocrx_word' id='word_1_431' title='bbox 1813 4139 2057 4230; x_wconf 88' lang='lat' dir='ltr'><strong>quaestiones,</strong></span> <span class='ocrx_word' id='word_1_432' title='bbox 2080 4167 2160 4213; x_wconf 93' lang='lat' dir='ltr'><strong>cum</strong></span> <span class='ocrx_word' id='word_1_433' title='bbox 2185 4145 2317 4218; x_wconf 91' lang='lat' dir='ltr'><strong>talibus</strong></span> <span class='ocrx_word' id='word_1_434' title='bbox 2340 4151 2471 4225; x_wconf 80' lang='lat' dir='ltr'><strong>frustra</strong></span> <span class='ocrx_word' id='word_1_435' title='bbox 2493 4156 2590 4245; x_wconf 89' lang='lat' dir='ltr'><strong>dispu-</strong></span> <span class='ocrx_word' id='word_1_436' title='bbox 2623 4214 2624 4217; x_wconf 65' lang='grc'>,</span> 
     </span>
     <span class='ocr_line' id='line_1_35' title="bbox 595 4230 1743 4323; baseline 0.007 -23"><span class='ocrx_word' id='word_1_437' title='bbox 595 4253 677 4302; x_wconf 87' lang='lat' dir='ltr'><strong>mur</strong></span> <span class='ocrx_word' id='word_1_438' title='bbox 698 4233 846 4302; x_wconf 88' lang='lat' dir='ltr'><strong>verbum</strong></span> <span class='ocrx_word' id='word_1_439' title='bbox 870 4230 937 4301; x_wconf 90' lang='lat' dir='ltr'><strong>Dei</strong></span> <span class='ocrx_word' id='word_1_440' title='bbox 966 4233 1178 4323; x_wconf 84' lang='lat' dir='ltr'><strong>revelatum,</strong></span> <span class='ocrx_word' id='word_1_441' title='bbox 1214 4231 1454 4319; x_wconf 89' lang='lat' dir='ltr'><strong>vocationem,</strong></span> <span class='ocrx_word' id='word_1_442' title='bbox 1480 4256 1582 4304; x_wconf 88' lang='lat' dir='ltr'><strong>man·</strong></span> <span class='ocrx_word' id='word_1_443' title='bbox 1633 4248 1743 4308; x_wconf 78' lang='lat' dir='ltr'><strong>tatur·</strong></span> 
     </span>
     <span class='ocr_line' id='line_1_36' title="bbox 596 4331 2589 4447; baseline 0.012 -46"><span class='ocrx_word' id='word_1_444' title='bbox 596 4333 717 4404; x_wconf 89' lang='lat' dir='ltr'><strong>datum</strong></span> <span class='ocrx_word' id='word_1_445' title='bbox 734 4335 778 4404; x_wconf 89' lang='lat' dir='ltr'><strong>de</strong></span> <span class='ocrx_word' id='word_1_446' title='bbox 794 4333 971 4403; x_wconf 90' lang='lat' dir='ltr'><strong>audiendo</strong></span> <span class='ocrx_word' id='word_1_447' title='bbox 994 4331 1206 4424; x_wconf 87' lang='lat' dir='ltr'><strong>Evangelio,</strong></span> <span class='ocrx_word' id='word_1_448' title='bbox 1234 4335 1278 4402; x_wconf 94' lang='lat' dir='ltr'><strong>de</strong></span> <span class='ocrx_word' id='word_1_449' title='bbox 1303 4335 1519 4424; x_wconf 85' lang='lat' dir='ltr'><strong>poenitentia</strong></span> <span class='ocrx_word' id='word_1_450' title='bbox 1547 4350 1581 4408; x_wconf 85' lang='lat' dir='ltr'><strong>et</strong></span> <span class='ocrx_word' id='word_1_451' title='bbox 1736 4336 1843 4428; x_wconf 87' lang='lat' dir='ltr'><strong>Quod</strong></span> <span class='ocrx_word' id='word_1_452' title='bbox 1868 4355 1985 4412; x_wconf 91' lang='lat' dir='ltr'><strong>autem</strong></span> <span class='ocrx_word' id='word_1_453' title='bbox 2011 4345 2118 4437; x_wconf 86' lang='lat' dir='ltr'><strong>longo</strong></span> <span class='ocrx_word' id='word_1_454' title='bbox 2141 4359 2299 4443; x_wconf 89' lang='lat' dir='ltr'><strong>tempore</strong></span> <span class='ocrx_word' id='word_1_455' title='bbox 2321 4370 2441 4446; x_wconf 89' lang='lat' dir='ltr'><strong>gentes</strong></span> <span class='ocrx_word' id='word_1_456' title='bbox 2463 4358 2496 4427; x_wconf 90' lang='lat' dir='ltr'><strong>in</strong></span> <span class='ocrx_word' id='word_1_457' title='bbox 2512 4357 2589 4447; x_wconf 90' lang='lat' dir='ltr'><strong>igno·</strong></span> 
     </span>
     <span class='ocr_line' id='line_1_37' title="bbox 597 4433 2588 4550; baseline 0.01 -46"><span class='ocrx_word' id='word_1_458' title='bbox 597 4435 641 4504; x_wconf 89' lang='lat' dir='ltr'><strong>de</strong></span> <span class='ocrx_word' id='word_1_459' title='bbox 656 4437 737 4505; x_wconf 85' lang='lat' dir='ltr'><strong>fide.</strong></span> <span class='ocrx_word' id='word_1_460' title='bbox 789 4433 883 4524; x_wconf 87' lang='lat' dir='ltr'><strong>Quia</strong></span> <span class='ocrx_word' id='word_1_461' title='bbox 901 4457 1022 4525; x_wconf 84' lang='lat' dir='ltr'><strong>omnes</strong></span> <span class='ocrx_word' id='word_1_462' title='bbox 1045 4437 1204 4505; x_wconf 87' lang='lat' dir='ltr'><strong>salvandi</strong></span> <span class='ocrx_word' id='word_1_463' title='bbox 1222 4448 1366 4526; x_wconf 89' lang='lat' dir='ltr'><strong>propter</strong></span> <span class='ocrx_word' id='word_1_464' title='bbox 1382 4437 1495 4507; x_wconf 89' lang='lat' dir='ltr'><strong>blium</strong></span> <span class='ocrx_word' id='word_1_465' title='bbox 1511 4437 1580 4508; x_wconf 88' lang='lat' dir='ltr'><strong>Dei</strong></span> <span class='ocrx_word' id='word_1_466' title='bbox 1633 4440 1748 4512; x_wconf 89' lang='lat' dir='ltr'><strong>rantia</strong></span> <span class='ocrx_word' id='word_1_467' title='bbox 1771 4443 1954 4530; x_wconf 88' lang='lat' dir='ltr'><strong>vixerunt,</strong></span> <span class='ocrx_word' id='word_1_468' title='bbox 1978 4461 2040 4518; x_wconf 89' lang='lat' dir='ltr'><strong>aut</strong></span> <span class='ocrx_word' id='word_1_469' title='bbox 2063 4473 2160 4520; x_wconf 91' lang='lat' dir='ltr'><strong>nunc</strong></span> <span class='ocrx_word' id='word_1_470' title='bbox 2182 4478 2325 4550; x_wconf 90' lang='lat' dir='ltr'><strong>quoque</strong></span> <span class='ocrx_word' id='word_1_471' title='bbox 2347 4462 2477 4531; x_wconf 90' lang='lat' dir='ltr'><strong>multae</strong></span> <span class='ocrx_word' id='word_1_472' title='bbox 2495 4473 2588 4550; x_wconf 87' lang='lat' dir='ltr'><strong>gentes</strong></span> 
     </span>
     <span class='ocr_line' id='line_1_38' title="bbox 597 4536 2586 4652; baseline 0.012 -48"><span class='ocrx_word' id='word_1_473' title='bbox 597 4536 695 4610; x_wconf 88' lang='lat' dir='ltr'><strong>electi</strong></span> <span class='ocrx_word' id='word_1_474' title='bbox 713 4551 813 4618; x_wconf 78' lang='lat' dir='ltr'><strong>stant,</strong></span> <span class='ocrx_word' id='word_1_475' title='bbox 834 4539 934 4608; x_wconf 88' lang='lat' dir='ltr'><strong>etita</strong></span> <span class='ocrx_word' id='word_1_476' title='bbox 952 4551 1036 4609; x_wconf 92' lang='lat' dir='ltr'><strong>sunt</strong></span> <span class='ocrx_word' id='word_1_477' title='bbox 1052 4539 1173 4622; x_wconf 89' lang='lat' dir='ltr'><strong>electi,</strong></span> <span class='ocrx_word' id='word_1_478' title='bbox 1195 4551 1235 4608; x_wconf 90' lang='lat' dir='ltr'><strong>ut</strong></span> <span class='ocrx_word' id='word_1_479' title='bbox 1250 4551 1441 4627; x_wconf 84' lang='lat' dir='ltr'><strong>agnoscant</strong></span> <span class='ocrx_word' id='word_1_480' title='bbox 1454 4540 1580 4626; x_wconf 86' lang='lat' dir='ltr'><strong>filium,</strong></span> <span class='ocrx_word' id='word_1_481' title='bbox 1632 4566 1776 4634; x_wconf 90' lang='lat' dir='ltr'><strong>prorsus</strong></span> <span class='ocrx_word' id='word_1_482' title='bbox 1791 4546 1956 4636; x_wconf 84' lang='lat' dir='ltr'><strong>ignorant</strong></span> <span class='ocrx_word' id='word_1_483' title='bbox 1973 4545 2227 4642; x_wconf 81' lang='lat' dir='ltr'><strong>Evangelium&#39;,</strong></span> <span class='ocrx_word' id='word_1_484' title='bbox 2252 4561 2355 4652; x_wconf 91' lang='lat' dir='ltr'><strong>culpa</strong></span> <span class='ocrx_word' id='word_1_485' title='bbox 2373 4577 2424 4633; x_wconf 90' lang='lat' dir='ltr'><strong>cst</strong></span> <span class='ocrx_word' id='word_1_486' title='bbox 2444 4586 2512 4631; x_wconf 94' lang='lat' dir='ltr'><strong>non</strong></span> <span class='ocrx_word' id='word_1_487' title='bbox 2527 4559 2586 4640; x_wconf 86' lang='lat' dir='ltr'><strong>Dei,</strong></span> 
     </span>
     <span class='ocr_line' id='line_1_39' title="bbox 595 4635 2588 4756; baseline 0.014 -52"><span class='ocrx_word' id='word_1_488' title='bbox 595 4639 639 4706; x_wconf 87' lang='lat' dir='ltr'><strong>sd</strong></span> <span class='ocrx_word' id='word_1_489' title='bbox 663 4663 743 4710; x_wconf 91' lang='lat' dir='ltr'><strong>eum</strong></span> <span class='ocrx_word' id='word_1_490' title='bbox 766 4638 990 4729; x_wconf 84' lang='lat' dir='ltr'><strong>confugiant,</strong></span> <span class='ocrx_word' id='word_1_491' title='bbox 1021 4653 1055 4710; x_wconf 89' lang='lat' dir='ltr'><strong>et</strong></span> <span class='ocrx_word' id='word_1_492' title='bbox 1079 4643 1123 4709; x_wconf 89' lang='lat' dir='ltr'><strong>de</strong></span> <span class='ocrx_word' id='word_1_493' title='bbox 1147 4635 1202 4709; x_wconf 90' lang='lat' dir='ltr'><strong>bis</strong></span> <span class='ocrx_word' id='word_1_494' title='bbox 1224 4641 1512 4728; x_wconf 84' lang='lat' dir='ltr'><strong>confugientibus</strong></span> <span class='ocrx_word' id='word_1_495' title='bbox 1533 4645 1579 4712; x_wconf 95' lang='lat' dir='ltr'><strong>ad</strong></span> <span class='ocrx_word' id='word_1_496' title='bbox 1631 4647 1691 4713; x_wconf 91' lang='lat' dir='ltr'><strong>sed</strong></span> <span class='ocrx_word' id='word_1_497' title='bbox 1707 4643 1865 4736; x_wconf 90' lang='lat' dir='ltr'><strong>ipsorum</strong></span> <span class='ocrx_word' id='word_1_498' title='bbox 1882 4644 2080 4722; x_wconf 83' lang='lat' dir='ltr'><strong>bominum.</strong></span> <span class='ocrx_word' id='word_1_499' title='bbox 2132 4653 2227 4744; x_wconf 86' lang='lat' dir='ltr'><strong>Quia</strong></span> <span class='ocrx_word' id='word_1_500' title='bbox 2244 4655 2341 4732; x_wconf 87' lang='lat' dir='ltr'><strong>Deus</strong></span> <span class='ocrx_word' id='word_1_501' title='bbox 2354 4686 2487 4756; x_wconf 88' lang='lat' dir='ltr'><strong>semper</strong></span> <span class='ocrx_word' id='word_1_502' title='bbox 2500 4665 2532 4731; x_wconf 92' lang='lat' dir='ltr'><strong>in</strong></span> <span class='ocrx_word' id='word_1_503' title='bbox 2545 4683 2588 4750; x_wconf 81' lang='lat' dir='ltr'><strong>ge·</strong></span> 
     </span>
     <span class='ocr_line' id='line_1_40' title="bbox 595 4739 2586 4851; baseline 0.015 -45"><span class='ocrx_word' id='word_1_504' title='bbox 595 4739 712 4830; x_wconf 89' lang='lat' dir='ltr'><strong>ipsum</strong></span> <span class='ocrx_word' id='word_1_505' title='bbox 727 4742 902 4833; x_wconf 89' lang='lat' dir='ltr'><strong>loquitur,</strong></span> <span class='ocrx_word' id='word_1_506' title='bbox 930 4765 1009 4812; x_wconf 92' lang='lat' dir='ltr'><strong>cum</strong></span> <span class='ocrx_word' id='word_1_507' title='bbox 1030 4743 1096 4815; x_wconf 88' lang='lat' dir='ltr'><strong>ait:</strong></span> <span class='ocrx_word' id='word_1_508' title='bbox 1123 4740 1237 4812; x_wconf 89' lang='lat' dir='ltr'><strong>Nemo</strong></span> <span class='ocrx_word' id='word_1_509' title='bbox 1254 4743 1366 4832; x_wconf 89' lang='lat' dir='ltr'><strong>rapiet</strong></span> <span class='ocrx_word' id='word_1_510' title='bbox 1383 4765 1467 4813; x_wconf 92' lang='lat' dir='ltr'><strong>oves</strong></span> <span class='ocrx_word' id='word_1_511' title='bbox 1484 4767 1579 4814; x_wconf 91' lang='lat' dir='ltr'><strong>meas</strong></span> <span class='ocrx_word' id='word_1_512' title='bbox 1631 4769 1716 4816; x_wconf 89' lang='lat' dir='ltr'><strong>nere</strong></span> <span class='ocrx_word' id='word_1_513' title='bbox 1736 4742 1893 4819; x_wconf 89' lang='lat' dir='ltr'><strong>humano</strong></span> <span class='ocrx_word' id='word_1_514' title='bbox 1912 4746 2056 4841; x_wconf 91' lang='lat' dir='ltr'><strong>babuit,</strong></span> <span class='ocrx_word' id='word_1_515' title='bbox 2086 4769 2119 4828; x_wconf 90' lang='lat' dir='ltr'><strong>et</strong></span> <span class='ocrx_word' id='word_1_516' title='bbox 2137 4752 2243 4830; x_wconf 88' lang='lat' dir='ltr'><strong>babet</strong></span> <span class='ocrx_word' id='word_1_517' title='bbox 2259 4759 2471 4851; x_wconf 86' lang='lat' dir='ltr'><strong>Ecclesiam,</strong></span> <span class='ocrx_word' id='word_1_518' title='bbox 2495 4779 2528 4835; x_wconf 90' lang='lat' dir='ltr'><strong>et</strong></span> <span class='ocrx_word' id='word_1_519' title='bbox 2542 4785 2586 4829; x_wconf 79' lang='lat' dir='ltr'><strong>vs·</strong></span> 
     </span>
     <span class='ocr_line' id='line_1_41' title="bbox 594 4843 2585 4960; baseline 0.013 -52"><span class='ocrx_word' id='word_1_520' title='bbox 594 4863 636 4911; x_wconf 86' lang='lat' dir='ltr'><strong>ex</strong></span> <span class='ocrx_word' id='word_1_521' title='bbox 661 4843 824 4912; x_wconf 92' lang='lat' dir='ltr'><strong>manibus</strong></span> <span class='ocrx_word' id='word_1_522' title='bbox 846 4844 944 4914; x_wconf 77' lang='lat' dir='ltr'><strong>meis·</strong></span> <span class='ocrx_word' id='word_1_523' title='bbox 996 4843 1055 4915; x_wconf 85' lang='lat' dir='ltr'><strong>Sic</strong></span> <span class='ocrx_word' id='word_1_524' title='bbox 1077 4866 1197 4912; x_wconf 91' lang='lat' dir='ltr'><strong>sumus</strong></span> <span class='ocrx_word' id='word_1_525' title='bbox 1222 4867 1322 4926; x_wconf 91' lang='lat' dir='ltr'><strong>oves,</strong></span> <span class='ocrx_word' id='word_1_526' title='bbox 1351 4869 1430 4914; x_wconf 90' lang='lat' dir='ltr'><strong>cum</strong></span> <span class='ocrx_word' id='word_1_527' title='bbox 1455 4869 1578 4916; x_wconf 90' lang='lat' dir='ltr'><strong>vocem</strong></span> <span class='ocrx_word' id='word_1_528' title='bbox 1628 4849 1684 4919; x_wconf 95' lang='lat' dir='ltr'><strong>lut</strong></span> <span class='ocrx_word' id='word_1_529' title='bbox 1707 4852 1886 4921; x_wconf 76' lang='lat' dir='ltr'><strong>arcemin</strong></span> <span class='ocrx_word' id='word_1_530' title='bbox 1911 4856 2046 4926; x_wconf 87' lang='lat' dir='ltr'><strong>excelso</strong></span> <span class='ocrx_word' id='word_1_531' title='bbox 2069 4857 2146 4929; x_wconf 92' lang='lat' dir='ltr'><strong>loco</strong></span> <span class='ocrx_word' id='word_1_532' title='bbox 2170 4862 2335 4950; x_wconf 89' lang='lat' dir='ltr'><strong>collocat,</strong></span> <span class='ocrx_word' id='word_1_533' title='bbox 2361 4893 2465 4960; x_wconf 91' lang='lat' dir='ltr'><strong>quam</strong></span> <span class='ocrx_word' id='word_1_534' title='bbox 2486 4865 2585 4936; x_wconf 84' lang='lat' dir='ltr'><strong>audire</strong></span> 
     </span>
     <span class='ocr_line' id='line_1_42' title="bbox 594 4943 2584 5060; baseline 0.011 -50"><span class='ocrx_word' id='word_1_535' title='bbox 594 4943 669 5012; x_wconf 83' lang='lat' dir='ltr'><strong>eius</strong></span> <span class='ocrx_word' id='word_1_536' title='bbox 696 4945 880 5030; x_wconf 89' lang='lat' dir='ltr'><strong>audimus,</strong></span> <span class='ocrx_word' id='word_1_537' title='bbox 918 4945 1016 5017; x_wconf 84' lang='lat' dir='ltr'><strong>iuxta</strong></span> <span class='ocrx_word' id='word_1_538' title='bbox 1044 4949 1257 5036; x_wconf 83' lang='lat' dir='ltr'><strong>praecedens</strong></span> <span class='ocrx_word' id='word_1_539' title='bbox 1286 4945 1436 5016; x_wconf 91' lang='lat' dir='ltr'><strong>dictum:</strong></span> <span class='ocrx_word' id='word_1_540' title='bbox 1479 4944 1579 5019; x_wconf 91' lang='lat' dir='ltr'><strong>Oves</strong></span> <span class='ocrx_word' id='word_1_541' title='bbox 1630 4944 1793 5020; x_wconf 89' lang='lat' dir='ltr'><strong>homines</strong></span> <span class='ocrx_word' id='word_1_542' title='bbox 1805 4954 1999 5046; x_wconf 89' lang='lat' dir='ltr'><strong>debebant,</strong></span> <span class='ocrx_word' id='word_1_543' title='bbox 2017 4962 2078 5028; x_wconf 92' lang='lat' dir='ltr'><strong>sed</strong></span> <span class='ocrx_word' id='word_1_544' title='bbox 2090 4962 2262 5043; x_wconf 50' lang='lat' dir='ltr'><strong>,omnibus</strong></span> <span class='ocrx_word' id='word_1_545' title='bbox 2276 4971 2490 5060; x_wconf 87' lang='lat' dir='ltr'><strong>temporibus</strong></span> <span class='ocrx_word' id='word_1_546' title='bbox 2503 4963 2584 5036; x_wconf 89' lang='lat' dir='ltr'><strong>multi</strong></span> 
     </span>
    </p>
   </div>
   <div class='ocr_carea' id='block_1_3' title="bbox 477 5050 2584 5149">
    <p class='ocr_par' dir='ltr' id='par_1_3' title="bbox 477 5050 2584 5149">
     <span class='ocr_line' id='line_1_43' title="bbox 477 5050 2584 5149; baseline 0.011 -38"><span class='ocrx_word' id='word_1_547' title='bbox 477 5063 483 5074; x_wconf 89' lang='lat'><strong>·</strong></span> <span class='ocrx_word' id='word_1_548' title='bbox 592 5065 691 5116; x_wconf 85' lang='lat' dir='ltr'><strong>meac</strong></span> <span class='ocrx_word' id='word_1_549' title='bbox 716 5067 837 5114; x_wconf 82' lang='lat' dir='ltr'><strong>vocem</strong></span> <span class='ocrx_word' id='word_1_550' title='bbox 857 5069 971 5118; x_wconf 89' lang='lat' dir='ltr'><strong>meam</strong></span> <span class='ocrx_word' id='word_1_551' title='bbox 993 5050 1156 5121; x_wconf 87' lang='lat' dir='ltr'><strong>audiunt.</strong></span> <span class='ocrx_word' id='word_1_552' title='bbox 1628 5065 1711 5124; x_wconf 90' lang='lat' dir='ltr'><strong>sunt</strong></span> <span class='ocrx_word' id='word_1_553' title='bbox 1726 5053 1846 5146; x_wconf 87' lang='lat' dir='ltr'><strong>impii,</strong></span> <span class='ocrx_word' id='word_1_554' title='bbox 1869 5059 1931 5149; x_wconf 90' lang='lat' dir='ltr'><strong>qui</strong></span> <span class='ocrx_word' id='word_1_555' title='bbox 1947 5061 2205 5133; x_wconf 88' lang='lat' dir='ltr'><strong>audirevocem</strong></span> <span class='ocrx_word' id='word_1_556' title='bbox 2221 5066 2286 5136; x_wconf 86' lang='lat' dir='ltr'><strong>filii</strong></span> <span class='ocrx_word' id='word_1_557' title='bbox 2302 5067 2367 5140; x_wconf 91' lang='lat' dir='ltr'><strong>Dei</strong></span> <span class='ocrx_word' id='word_1_558' title='bbox 2385 5071 2584 5145; x_wconf 48' lang='lat' dir='ltr'><strong>non’volunt</strong></span> 
     </span>
    </p>
   </div>
   <div class='ocr_carea' id='block_1_4' title="bbox 590 5145 2624 5474">
    <p class='ocr_par' dir='ltr' id='par_1_4' title="bbox 590 5145 2624 5474">
     <span class='ocr_line' id='line_1_44' title="bbox 694 5145 2583 5249; baseline 0.012 -32"><span class='ocrx_word' id='word_1_559' title='bbox 694 5145 818 5219; x_wconf 80' lang='lat' dir='ltr'><strong>&#39;l&#39;ertia</strong></span> <span class='ocrx_word' id='word_1_560' title='bbox 833 5149 1040 5223; x_wconf 90' lang='lat' dir='ltr'><strong>admonitio.</strong></span> <span class='ocrx_word' id='word_1_561' title='bbox 1072 5148 1162 5220; x_wconf 90' lang='lat' dir='ltr'><strong>Cum</strong></span> <span class='ocrx_word' id='word_1_562' title='bbox 1177 5150 1310 5220; x_wconf 88' lang='lat' dir='ltr'><strong>dictum</strong></span> <span class='ocrx_word' id='word_1_563' title='bbox 1327 5150 1389 5236; x_wconf 89' lang='lat' dir='ltr'><strong>sit,</strong></span> <span class='ocrx_word' id='word_1_564' title='bbox 1416 5173 1577 5222; x_wconf 87' lang='lat' dir='ltr'><strong>necessa·</strong></span> <span class='ocrx_word' id='word_1_565' title='bbox 1627 5155 1673 5223; x_wconf 87' lang='lat' dir='ltr'><strong>de</strong></span> <span class='ocrx_word' id='word_1_566' title='bbox 1689 5155 1820 5249; x_wconf 90' lang='lat' dir='ltr'><strong>quibus</strong></span> <span class='ocrx_word' id='word_1_567' title='bbox 1836 5159 1970 5229; x_wconf 91' lang='lat' dir='ltr'><strong>dictum</strong></span> <span class='ocrx_word' id='word_1_568' title='bbox 1988 5175 2055 5233; x_wconf 90' lang='lat' dir='ltr'><strong>est:</strong></span> <span class='ocrx_word' id='word_1_569' title='bbox 2081 5160 2307 5238; x_wconf 88' lang='lat' dir='ltr'><strong>Osculamini</strong></span> <span class='ocrx_word' id='word_1_570' title='bbox 2329 5171 2450 5242; x_wconf 86' lang='lat' dir='ltr'><strong>filium.</strong></span> <span class='ocrx_word' id='word_1_571' title='bbox 2500 5169 2583 5242; x_wconf 87' lang='lat' dir='ltr'><strong>lten:</strong></span> 
     </span>
     <span class='ocr_line' id='line_1_45' title="bbox 591 5247 2581 5359; baseline 0.01 -41"><span class='ocrx_word' id='word_1_572' title='bbox 591 5249 645 5320; x_wconf 90' lang='lat' dir='ltr'><strong>rio</strong></span> <span class='ocrx_word' id='word_1_573' title='bbox 666 5247 896 5320; x_wconf 89' lang='lat' dir='ltr'><strong>iudicandum</strong></span> <span class='ocrx_word' id='word_1_574' title='bbox 913 5274 987 5322; x_wconf 90' lang='lat' dir='ltr'><strong>esse</strong></span> <span class='ocrx_word' id='word_1_575' title='bbox 1002 5255 1045 5322; x_wconf 90' lang='lat' dir='ltr'><strong>de</strong></span> <span class='ocrx_word' id='word_1_576' title='bbox 1064 5253 1247 5322; x_wconf 89' lang='lat' dir='ltr'><strong>voluntate</strong></span> <span class='ocrx_word' id='word_1_577' title='bbox 1264 5251 1330 5322; x_wconf 87' lang='lat' dir='ltr'><strong>Dei</strong></span> <span class='ocrx_word' id='word_1_578' title='bbox 1346 5277 1387 5321; x_wconf 86' lang='lat' dir='ltr'><strong>ex</strong></span> <span class='ocrx_word' id='word_1_579' title='bbox 1407 5256 1515 5324; x_wconf 90' lang='lat' dir='ltr'><strong>verbo</strong></span> <span class='ocrx_word' id='word_1_580' title='bbox 1530 5257 1576 5324; x_wconf 87' lang='lat' dir='ltr'><strong>ab</strong></span> <span class='ocrx_word' id='word_1_581' title='bbox 1628 5252 1735 5327; x_wconf 90' lang='lat' dir='ltr'><strong>Hunc</strong></span> <span class='ocrx_word' id='word_1_582' title='bbox 1749 5260 1878 5335; x_wconf 86' lang='lat' dir='ltr'><strong>audite.</strong></span> <span class='ocrx_word' id='word_1_583' title='bbox 1923 5259 2131 5338; x_wconf 76' lang='lat' dir='ltr'><strong>Accusanda</strong></span> <span class='ocrx_word' id='word_1_584' title='bbox 2148 5282 2201 5339; x_wconf 92' lang='lat' dir='ltr'><strong>est</strong></span> <span class='ocrx_word' id='word_1_585' title='bbox 2216 5269 2325 5359; x_wconf 88' lang='lat' dir='ltr'><strong>igitur</strong></span> <span class='ocrx_word' id='word_1_586' title='bbox 2337 5270 2515 5344; x_wconf 86' lang='lat' dir='ltr'><strong>bominum</strong></span> <span class='ocrx_word' id='word_1_587' title='bbox 2529 5271 2581 5341; x_wconf 87' lang='lat' dir='ltr'><strong>im·</strong></span> 
     </span>
     <span class='ocr_line' id='line_1_46' title="bbox 590 5349 2624 5474; baseline 0.01 -55"><span class='ocrx_word' id='word_1_588' title='bbox 590 5351 668 5443; x_wconf 91' lang='lat' dir='ltr'><strong>ipso</strong></span> <span class='ocrx_word' id='word_1_589' title='bbox 692 5351 840 5436; x_wconf 89' lang='lat' dir='ltr'><strong>tradito,</strong></span> <span class='ocrx_word' id='word_1_590' title='bbox 881 5377 956 5423; x_wconf 89' lang='lat' dir='ltr'><strong>non</strong></span> <span class='ocrx_word' id='word_1_591' title='bbox 982 5379 1022 5422; x_wconf 86' lang='lat' dir='ltr'><strong>ex</strong></span> <span class='ocrx_word' id='word_1_592' title='bbox 1047 5353 1362 5440; x_wconf 79' lang='lat' dir='ltr'><strong>imaginationibus</strong></span> <span class='ocrx_word' id='word_1_593' title='bbox 1390 5349 1575 5438; x_wconf 83' lang='lat' dir='ltr'><strong>humanis,</strong></span> <span class='ocrx_word' id='word_1_594' title='bbox 1626 5358 1754 5448; x_wconf 84' lang='lat' dir='ltr'><strong>pictas:</strong></span> <span class='ocrx_word' id='word_1_595' title='bbox 1787 5383 1958 5434; x_wconf 74' lang='lat' dir='ltr'><strong>noscero</strong></span> <span class='ocrx_word' id='word_1_596' title='bbox 1981 5367 2131 5474; x_wconf 87' lang='lat' dir='ltr'><strong>sciamus</strong></span> <span class='ocrx_word' id='word_1_597' title='bbox 2154 5371 2369 5446; x_wconf 88' lang='lat' dir='ltr'><strong>audiendam</strong></span> <span class='ocrx_word' id='word_1_598' title='bbox 2393 5401 2462 5447; x_wconf 91' lang='lat' dir='ltr'><strong>esse</strong></span> <span class='ocrx_word' id='word_1_599' title='bbox 2483 5393 2580 5445; x_wconf 86' lang='lat' dir='ltr'><strong>vocem</strong></span> <span class='ocrx_word' id='word_1_600' title='bbox 2623 5384 2624 5397; x_wconf 63' lang='lat'>¹</span> 
     </span>
    </p>
   </div>
   <div class='ocr_carea' id='block_1_5' title="bbox 482 5451 1793 5548">
    <p class='ocr_par' dir='ltr' id='par_1_5' title="bbox 482 5451 1793 5548">
     <span class='ocr_line' id='line_1_47' title="bbox 482 5451 1793 5548; baseline 0.008 -24"><span class='ocrx_word' id='word_1_601' title='bbox 482 5521 489 5532; x_wconf 85' lang='grc'>,</span> <span class='ocrx_word' id='word_1_602' title='bbox 590 5455 742 5524; x_wconf 87' lang='lat' dir='ltr'><strong>tenenda</strong></span> <span class='ocrx_word' id='word_1_603' title='bbox 769 5455 941 5526; x_wconf 90' lang='lat' dir='ltr'><strong>estetiam</strong></span> <span class='ocrx_word' id='word_1_604' title='bbox 965 5451 1050 5525; x_wconf 85' lang='lat' dir='ltr'><strong>baec</strong></span> <span class='ocrx_word' id='word_1_605' title='bbox 1071 5456 1207 5544; x_wconf 86' lang='lat' dir='ltr'><strong>regula:</strong></span> <span class='ocrx_word' id='word_1_606' title='bbox 1234 5455 1317 5526; x_wconf 90' lang='lat' dir='ltr'><strong>Non</strong></span> <span class='ocrx_word' id='word_1_607' title='bbox 1339 5478 1412 5524; x_wconf 86' lang='lat' dir='ltr'><strong>esse</strong></span> <span class='ocrx_word' id='word_1_608' title='bbox 1434 5479 1574 5548; x_wconf 88' lang='lat' dir='ltr'><strong>ponen-</strong></span> <span class='ocrx_word' id='word_1_609' title='bbox 1625 5460 1691 5529; x_wconf 87' lang='lat' dir='ltr'><strong>filii</strong></span> <span class='ocrx_word' id='word_1_610' title='bbox 1713 5456 1793 5534; x_wconf 88' lang='lat' dir='ltr'><strong>Dei.</strong></span> 
     </span>
    </p>
   </div>
   <div class='ocr_carea' id='block_1_6' title="bbox 585 5555 2578 5971">
    <p class='ocr_par' dir='ltr' id='par_1_6' title="bbox 585 5555 2578 5971">
     <span class='ocr_line' id='line_1_48' title="bbox 590 5555 2578 5671; baseline 0.01 -48"><span class='ocrx_word' id='word_1_611' title='bbox 590 5557 651 5624; x_wconf 89' lang='lat' dir='ltr'><strong>das</strong></span> <span class='ocrx_word' id='word_1_612' title='bbox 665 5555 957 5627; x_wconf 87' lang='lat' dir='ltr'><strong>contradictorias</strong></span> <span class='ocrx_word' id='word_1_613' title='bbox 972 5559 1171 5629; x_wconf 88' lang='lat' dir='ltr'><strong>voluntates</strong></span> <span class='ocrx_word' id='word_1_614' title='bbox 1189 5559 1226 5627; x_wconf 92' lang='lat' dir='ltr'><strong>in</strong></span> <span class='ocrx_word' id='word_1_615' title='bbox 1246 5555 1452 5647; x_wconf 86' lang='lat' dir='ltr'><strong>Deo,&#39;quis</strong></span> <span class='ocrx_word' id='word_1_616' title='bbox 1475 5558 1573 5629; x_wconf 90' lang='lat' dir='ltr'><strong>Deus</strong></span> <span class='ocrx_word' id='word_1_617' title='bbox 1724 5562 1830 5635; x_wconf 86' lang='lat' dir='ltr'><strong>Nunc</strong></span> <span class='ocrx_word' id='word_1_618' title='bbox 1852 5567 2053 5639; x_wconf 79' lang='lat' dir='ltr'><strong>adtentum</strong></span> <span class='ocrx_word' id='word_1_619' title='bbox 2078 5574 2195 5648; x_wconf 83' lang='lat' dir='ltr'><strong>venio.</strong></span> <span class='ocrx_word' id='word_1_620' title='bbox 2248 5575 2362 5671; x_wconf 88' lang='lat' dir='ltr'><strong>Supra</strong></span> <span class='ocrx_word' id='word_1_621' title='bbox 2383 5593 2492 5650; x_wconf 86' lang='lat' dir='ltr'><strong>autem</strong></span> <span class='ocrx_word' id='word_1_622' title='bbox 2513 5571 2578 5654; x_wconf 78' lang='lat' dir='ltr'><strong>diri,</strong></span> 
     </span>
     <span class='ocr_line' id='line_1_49' title="bbox 587 5655 2574 5770; baseline 0.016 -49"><span class='ocrx_word' id='word_1_623' title='bbox 587 5679 691 5726; x_wconf 86' lang='lat' dir='ltr'><strong>verax</strong></span> <span class='ocrx_word' id='word_1_624' title='bbox 715 5673 775 5728; x_wconf 89' lang='lat' dir='ltr'><strong>est.</strong></span> <span class='ocrx_word' id='word_1_625' title='bbox 829 5655 920 5728; x_wconf 88' lang='lat' dir='ltr'><strong>Cum</strong></span> <span class='ocrx_word' id='word_1_626' title='bbox 943 5657 1052 5748; x_wconf 86' lang='lat' dir='ltr'><strong>igitur</strong></span> <span class='ocrx_word' id='word_1_627' title='bbox 1075 5659 1261 5748; x_wconf 87' lang='lat' dir='ltr'><strong>promissio</strong></span> <span class='ocrx_word' id='word_1_628' title='bbox 1286 5659 1330 5729; x_wconf 88' lang='lat' dir='ltr'><strong>sit</strong></span> <span class='ocrx_word' id='word_1_629' title='bbox 1357 5659 1569 5730; x_wconf 88' lang='lat' dir='ltr'><strong>universalis</strong></span> <span class='ocrx_word' id='word_1_630' title='bbox 1622 5687 1731 5756; x_wconf 90' lang='lat' dir='ltr'><strong>quare</strong></span> <span class='ocrx_word' id='word_1_631' title='bbox 1755 5660 1815 5736; x_wconf 91' lang='lat' dir='ltr'><strong>bic</strong></span> <span class='ocrx_word' id='word_1_632' title='bbox 1835 5674 2079 5768; x_wconf 74' lang='lat' dir='ltr'><strong>quaestionem</strong></span> <span class='ocrx_word' id='word_1_633' title='bbox 2100 5679 2146 5745; x_wconf 89' lang='lat' dir='ltr'><strong>de</strong></span> <span class='ocrx_word' id='word_1_634' title='bbox 2162 5673 2317 5750; x_wconf 85' lang='lat' dir='ltr'><strong>Ecclesia</strong></span> <span class='ocrx_word' id='word_1_635' title='bbox 2335 5694 2486 5764; x_wconf 88' lang='lat' dir='ltr'><strong>moveat,</strong></span> <span class='ocrx_word' id='word_1_636' title='bbox 2509 5675 2574 5770; x_wconf 71' lang='lat' dir='ltr'><strong>quit</strong></span> 
     </span>
     <span class='ocr_line' id='line_1_50' title="bbox 587 5760 2572 5866; baseline 0.014 -40"><span class='ocrx_word' id='word_1_637' title='bbox 587 5770 620 5827; x_wconf 88' lang='lat' dir='ltr'><strong>et</strong></span> <span class='ocrx_word' id='word_1_638' title='bbox 643 5760 811 5845; x_wconf 80' lang='lat' dir='ltr'><strong>gratuita,</strong></span> <span class='ocrx_word' id='word_1_639' title='bbox 845 5772 879 5830; x_wconf 87' lang='lat' dir='ltr'><strong>et</strong></span> <span class='ocrx_word' id='word_1_640' title='bbox 903 5761 1129 5831; x_wconf 76' lang='lat' dir='ltr'><strong>manifestum</strong></span> <span class='ocrx_word' id='word_1_641' title='bbox 1152 5761 1214 5841; x_wconf 91' lang='lat' dir='ltr'><strong>sit,</strong></span> <span class='ocrx_word' id='word_1_642' title='bbox 1247 5761 1451 5830; x_wconf 84' lang='lat' dir='ltr'><strong>mandatum</strong></span> <span class='ocrx_word' id='word_1_643' title='bbox 1475 5764 1569 5832; x_wconf 84' lang='lat' dir='ltr'><strong>divi·</strong></span> <span class='ocrx_word' id='word_1_644' title='bbox 1621 5763 1744 5835; x_wconf 88' lang='lat' dir='ltr'><strong>ludaei</strong></span> <span class='ocrx_word' id='word_1_645' title='bbox 1768 5770 2015 5861; x_wconf 87' lang='lat' dir='ltr'><strong>disputabant,</strong></span> <span class='ocrx_word' id='word_1_646' title='bbox 2048 5800 2086 5845; x_wconf 89' lang='lat' dir='ltr'><strong>se</strong></span> <span class='ocrx_word' id='word_1_647' title='bbox 2107 5802 2188 5848; x_wconf 90' lang='lat' dir='ltr'><strong>cum</strong></span> <span class='ocrx_word' id='word_1_648' title='bbox 2215 5782 2288 5854; x_wconf 87' lang='lat' dir='ltr'><strong>sint</strong></span> <span class='ocrx_word' id='word_1_649' title='bbox 2316 5781 2481 5866; x_wconf 87' lang='lat' dir='ltr'><strong>Ecclesia,</strong></span> <span class='ocrx_word' id='word_1_650' title='bbox 2513 5797 2572 5845; x_wconf 73' lang='grc' dir='ltr'><strong>ποῦ</strong></span> 
     </span>
     <span class='ocr_line' id='line_1_51' title="bbox 585 5854 2571 5971; baseline 0.01 -43"><span class='ocrx_word' id='word_1_651' title='bbox 585 5883 671 5930; x_wconf 88' lang='lat' dir='ltr'><strong>num</strong></span> <span class='ocrx_word' id='word_1_652' title='bbox 694 5871 875 5932; x_wconf 85' lang='lat' dir='ltr'><strong>aeternum</strong></span> <span class='ocrx_word' id='word_1_653' title='bbox 900 5875 933 5934; x_wconf 94' lang='lat' dir='ltr'><strong>et</strong></span> <span class='ocrx_word' id='word_1_654' title='bbox 957 5859 1143 5934; x_wconf 90' lang='lat' dir='ltr'><strong>immotum</strong></span> <span class='ocrx_word' id='word_1_655' title='bbox 1165 5885 1257 5951; x_wconf 87' lang='lat' dir='ltr'><strong>csse,</strong></span> <span class='ocrx_word' id='word_1_656' title='bbox 1282 5877 1323 5936; x_wconf 92' lang='lat' dir='ltr'><strong>ut</strong></span> <span class='ocrx_word' id='word_1_657' title='bbox 1340 5859 1420 5933; x_wconf 76' lang='lat' dir='ltr'><strong>‘utto</strong></span> <span class='ocrx_word' id='word_1_658' title='bbox 1443 5867 1566 5937; x_wconf 86' lang='lat' dir='ltr'><strong>creda·</strong></span> <span class='ocrx_word' id='word_1_659' title='bbox 1591 5854 1596 5959; x_wconf 68' lang='lat' dir='ltr'><strong>l</strong></span> <span class='ocrx_word' id='word_1_660' title='bbox 1620 5889 1747 5939; x_wconf 87' lang='lat' dir='ltr'><strong>errare.</strong></span> <span class='ocrx_word' id='word_1_661' title='bbox 1806 5869 2015 5966; x_wconf 80' lang='lat' dir='ltr'><strong>Respondet</strong></span> <span class='ocrx_word' id='word_1_662' title='bbox 2041 5875 2193 5971; x_wconf 89' lang='lat' dir='ltr'><strong>Paulus,</strong></span> <span class='ocrx_word' id='word_1_663' title='bbox 2231 5885 2488 5956; x_wconf 87' lang='lat' dir='ltr'><strong>discernendam</strong></span> <span class='ocrx_word' id='word_1_664' title='bbox 2513 5896 2571 5950; x_wconf 79' lang='lat' dir='ltr'><strong>csse</strong></span> 
     </span>
    </p>
   </div>
   <div class='ocr_carea' id='block_1_7' title="bbox 0 0 2918 6950">
    <p class='ocr_par' dir='ltr' id='par_1_7' title="bbox 0 0 2918 6950">
     <span class='ocr_line' id='line_1_52' title="bbox 0 0 2918 6950; baseline 0 4"><span class='ocrx_word' id='word_1_665' title='bbox 0 0 2918 6950; x_wconf 95' lang='lat' dir='ltr'><strong> </strong></span> 
     </span>
    </p>
   </div>
  </div>
 </body>
</html>
