5825 6950
542 693 615 773 ror
1125 635 1404 764 ranam.
1431 674 1971 764 scerrmaxncanca
2504 686 2576 768 sot

540 869 603 966 qui
621 879 760 941 tantum
777 861 946 934 nituntur
959 857 1215 935 traditionibus
1232 853 1409 928 humanis.
1453 851 1539 926 ldeo
1593 879 1650 928 me
1662 851 1833 944 honorat,
1859 879 1921 930 cor
1936 870 2054 930 sutem
2067 857 2198 951 procul
2213 872 2387 938 estame.
2422 861 2493 936 Sed
2512 889 2586 936 non

543 974 677 1044 dietum
706 983 774 1040 est:
824 963 974 1038 Frustra
1009 963 1133 1035 colunt
1170 983 1228 1032 me
1265 956 1443 1031 mandatis
1473 953 1541 1028 ho·
1596 960 1679 1030 satis
1710 973 1763 1030 est
1793 983 1866 1030 esse
1896 975 2014 1032 motus
2035 963 2175 1048 cordis,
2222 965 2344 1057 quales
2374 961 2483 1037 homo
2516 968 2590 1038 siue

544 1076 695 1150 minum.
1544 1081 1550 1088 ·
1597 1064 1706 1133 verbo
1724 1059 1813 1146 Dei,
1837 1076 1871 1134 et
1886 1063 1963 1133 sine
1980 1062 2119 1154 Spiritu
2134 1078 2256 1137 sancto
2270 1067 2473 1140 meditatur.
2511 1066 2592 1140 Ms-

598 1238 705 1313 Deus
720 1235 876 1335 spiritus
892 1241 963 1321 est,
989 1208 1238 1303 eruderantes
1253 1227 1385 1327 ipsum,
1411 1228 1452 1339 in
1468 1227 1547 1330 spi·
1598 1165 2022 1359 ffieffisstualzccffiie
2036 1169 2349 1361 lsszffifflgos’pffi
2358 1171 2593 1358 pgnffluffi

651 1344 725 1414 ΝΜ
740 1350 772 1411 ⁶¹
791 1340 942 1410 ‘’⁶7⁸3‘'st
958 1341 1095 1434 ⁰P0'm
1111 1328 1281 1405 ‘'dms“
1600 1393 1670 1463 qua
1700 1391 1783 1438 vere
1811 1381 1977 1441 cernatur
2000 1369 2053 1441 ira
2079 1385 2115 1442 ει
2135 1373 2378 1444 misericordia
2404 1372 2484 1446 Dei.
2540 1371 2594 1446 sic

652 1480 814 1552 Fuerunt
841 1475 905 1570 qui
925 1474 1002 1544 Deo
1027 1472 1176 1562 liguram
1208 1472 1368 1562 corporis
1397 1465 1549 1542 humani
1602 1495 1681 1542 cum
1692 1467 1810 1540 David
1827 1471 2086 1562 obiurgaretur,
2112 1495 2256 1544 accensa
2273 1475 2377 1546 estin
2395 1475 2593 1546 cordesius

553 1586 778 1660 tribuerunt,
811 1581 873 1650 sed
896 1578 931 1646 id
957 1575 1127 1644 delirium
1153 1573 1327 1644 refutatur
1355 1569 1425 1644 hoc
1452 1573 1550 1642 dicto
1602 1597 1695 1643 nova
1721 1573 1805 1656 lux,
1837 1595 1906 1664 qua
1929 1575 2075 1664 agnovit
2100 1571 2215 1648 Deum
2238 1600 2313 1646 nou
2335 1601 2409 1648 esse
2431 1578 2596 1662 otiosum,

553 1685 708 1760 Christi:
732 1681 831 1762 Deus
852 1692 904 1750 est
928 1677 1095 1771 spiritus,
1119 1676 1155 1745 id
1180 1691 1250 1760 est,
1275 1675 1424 1764 essentia
1442 1675 1551 1766 spiri·
1604 1675 1838 1764 negligentem
1856 1668 2012 1746 humana
2031 1676 2180 1764 scelera,
2204 1681 2265 1748 sed
2282 1703 2364 1748 vere
2389 1679 2493 1748 irasci
2519 1703 2595 1770 peo-

554 1788 681 1871 tualis,
704 1786 781 1854 sine
798 1783 892 1852 mole
909 1802 1092 1870 corporea.
1143 1776 1213 1848 Sed
1238 1779 1275 1846 id
1297 1779 1550 1848 declarandum
1604 1777 1703 1849 catis.
1753 1773 1893 1848 Rursus
1906 1790 2023 1847 autem
2042 1779 2162 1849 audita
2186 1779 2429 1864 absolutione,
2454 1782 2595 1870 agnovit

554 1905 626 1975 est,
658 1911 737 1960 cum
768 1884 930 1954 nominat
953 1880 1152 1972 spiritum,
1177 1880 1344 1970 iutelligit
1364 1881 1551 1950 essentiam
1605 1902 1687 1948 vere
1711 1901 1784 1947 esse
1810 1877 2093 1963 misericordem,
2126 1882 2361 1951 vivificantem
2385 1895 2419 1952 et
2441 1882 2593 1952 liberan-

557 1991 736 2086 quandam
770 1986 1048 2073 intelligentem,
1088 2007 1130 2072 ac
1152 1983 1348 2066 volentem,
1388 1982 1551 2064 liberam,
1606 1995 1676 2050 tem
1693 1980 1738 2049 ab
1754 1993 1894 2049 aeterna
1912 1980 1978 2053 ira.
2030 1980 2138 2053 Tales
2155 1998 2273 2053 motus
2296 1998 2379 2054 sunt
2402 1985 2549 2076 spiritus
2565 1996 2594 2055 et

556 2093 770 2184 sapientem,
802 2089 954 2169 bonam,
985 2085 1133 2164 iustam,
1164 2084 1314 2168 sortem,
1347 2081 1553 2153 vivificatri-
1605 2082 1752 2165 veritas,
1778 2081 1814 2150 id
1831 2094 1901 2165 εει,
1926 2083 2128 2174 spirituales
2144 2097 2260 2154 nrotus
2287 2098 2321 2155 et
2349 2084 2517 2156 veraDei
2535 2111 2593 2155 no·

559 2220 654 2278 cem,
684 2191 925 2276 iudicantem,
951 2200 1016 2259 etc.
1066 2183 1116 2256 Hi
1139 2185 1282 2256 effectus
1299 2199 1480 2278 utcunque
1496 2184 1554 2253 in·
1606 2184 1707 2270 ticia,
1733 2184 1894 2253 tribuens
1910 2185 1989 2253 Deo
2011 2186 2239 2276 sapientiam,
2266 2187 2466 2276 iusticiam,
2492 2189 2593 2258 buni-

560 2299 681 2368 dicant
703 2307 737 2363 et
759 2291 967 2362 describunt
997 2301 1161 2358 naturam
1192 2288 1433 2377 spiritualem,
1464 2287 1556 2356 sicut
1607 2300 1733 2369 tatem,
1768 2309 1876 2377 quare
1898 2285 2032 2356 talibus
2055 2291 2210 2360 motibus
2232 2286 2329 2359 Deus
2352 2314 2437 2360 vero
2462 2286 2591 2360 honore

561 2396 755 2470 humanam
770 2407 949 2472 mentem,
982 2413 1074 2484 quae
1096 2404 1148 2460 est
1169 2389 1300 2480 effigies
1315 2387 1399 2472 Dei,
1425 2401 1554 2458 utcun-
1608 2389 1771 2458 allicitur.
1824 2386 1970 2458 Summa
1993 2411 2078 2459 vero
2102 2385 2208 2462 huius
2232 2391 2416 2462 concionis
2439 2393 2589 2462 estreis·

562 2523 632 2593 que
648 2498 806 2565 indicant
822 2506 942 2563 nostra
957 2491 1203 2576 ratiocinatio,
1227 2490 1404 2571 voluntas,
1431 2490 1555 2562 electio
1609 2491 1679 2560 ctio
1702 2485 1918 2580 pharisaicae
1934 2491 2135 2580 opinionis,
2161 2515 2252 2586 quae
2267 2494 2368 2582 lingit
2382 2494 2588 2564 ceremonias

562 2604 695 2682 libera,
735 2597 927 2667 discrimen
963 2590 1195 2662 honestorum
1221 2607 1253 2663 et
1279 2594 1457 2684 turpium,
1495 2615 1556 2659 seu
1609 2606 1643 2660 et
1659 2607 1801 2662 externa
1820 2615 1926 2680 opera
1947 2593 2084 2677 placere
2097 2591 2174 2663 Deo
2192 2617 2233 2662 er
2250 2618 2356 2685 opere
2373 2611 2528 2688 operato,
2550 2607 2585 2663 ut

565 2704 737 2771 virtutum
760 2715 794 2769 et
824 2697 1013 2779 vitiorum,
1050 2696 1136 2764 vitia
1161 2708 1196 2763 et
1219 2708 1345 2767 mutus.
1413 2691 1557 2783 Cogita·
1611 2708 1749 2763 vocant.
1804 2690 1900 2762 llaec
1924 2687 2063 2764 ethnica
2083 2696 2262 2792 persuasio
2289 2711 2323 2767 et
2343 2697 2435 2766 illius
2457 2709 2585 2785 tempo·

564 2804 663 2876 tione
687 2822 770 2888 ergo
792 2813 973 2891 utcunque
995 2797 1211 2866 aestimanda
1227 2810 1279 2866 est
1301 2810 1428 2867 statura
1451 2796 1557 2887 spiri·
1610 2796 1658 2864 ris
1683 2792 1876 2864 Ecclesiam
1900 2809 2136 2885 oppresserat,
2177 2809 2211 2866 et
2232 2821 2370 2889 semper
2393 2813 2530 2886 vagatur
2552 2794 2588 2862 in

566 2919 646 2990 tus,
668 2926 743 2972 non
758 2903 923 2991 lingenda
939 2910 990 2968 est
1007 2900 1121 2968 moles
1133 2899 1304 2989 corporis.
1610 2900 1758 2971 mundo.
1812 2893 1896 2966 ldeo
1914 2893 2005 2966 hanc
2019 2900 2228 2970 concionem
2244 2899 2465 2985 memineris,
2495 2911 2534 2970 ut
2554 2897 2589 2964 iu

670 3004 979 3074 Considerandum
996 3014 1177 3070 astantem
1194 3013 1440 3088 argumentum
1450 2993 1557 3070 Chri·
1610 3013 1754 3091 promtu
1767 2999 2017 3070 refutationem
2035 2995 2176 3076 habeas.

568 3107 626 3180 sti.
684 3104 783 3178 Deus
812 3118 863 3175 cst
885 3104 1049 3193 spiritus,
1088 3124 1171 3189 ergo
1201 3101 1328 3190 spiritu
1354 3115 1389 3170 et
1412 3102 1558 3170 veritate

568 3213 773 3283 adorandus
797 3219 861 3276 est.
913 3201 988 3274 Cur
1010 3199 1078 3274 hoe
1103 3202 1287 3294 sequitur?
1325 3201 1418 3291 Quia
1441 3201 1559 3272 omnis

566 3311 728 3385 adoratio
750 3332 811 3378 seu
834 3305 1014 3376 invocatio
1037 3328 1118 3374 vere
1141 3316 1192 3374 est
1211 3304 1344 3393 agnitio
1368 3304 1559 3374 voluntatis

566 3411 648 3487 Dei.
707 3409 863 3501 Spiritus
892 3432 967 3477 non
989 3420 1102 3497 potest
1125 3407 1286 3495 agnosci,
1318 3406 1389 3475 uisi
1415 3429 1558 3477 accensa
1715 3400 1866 3476 Audivit
1901 3403 2032 3472 mulier
2059 3403 2267 3475 concionem
2298 3403 2342 3471 de
2374 3402 2594 3493 poenitentia,

568 3514 745 3607 spirituali
767 3512 864 3595 luce,
888 3525 923 3580 ει
946 3510 1093 3579 veritate
1113 3509 1152 3577 in
1174 3511 1291 3579 corde.
1341 3507 1488 3578 Necesse
1509 3521 1561 3576 est
1613 3532 1692 3577 crem
1709 3510 1891 3595 obiurgata
1909 3520 1959 3577 εει
1976 3520 2119 3595 propter
2141 3506 2335 3589 adtrlteria,
2360 3520 2480 3597 postea
2499 3506 2595 3575 audib

569 3619 679 3706 igitur
694 3614 810 3685 Deum
828 3613 985 3682 invocari
1005 3612 1042 3677 in
1058 3610 1186 3699 spiritu
1208 3626 1243 3680 et
1266 3610 1423 3682 veritate.
1477 3607 1558 3679 Nou
1612 3611 1665 3680 vit
1687 3605 1995 3698 reprehensionem
2017 3608 2187 3677 falsorum
2210 3608 2391 3693 cultuum,
2423 3610 2489 3677 sed
2514 3603 2596 3675 hanc
2644 3592 2645 3611 ¹

570 3733 625 3791 εει
641 3714 822 3787 invocatio
837 3714 914 3782 siue
930 3712 1134 3801 agnitione,
1159 3724 1199 3780 ut
1222 3731 1348 3798 magna
1372 3706 1559 3780 hominum
1612 3712 1775 3781 nondum
1789 3709 1975 3800 intelligit,
2000 3731 2110 3803 quare
2124 3710 2221 3780 velut
2236 3709 2403 3779 dubitans
2425 3709 2498 3778 iarn
2515 3707 2598 3781 inci·

570 3843 653 3913 pars
673 3812 850 3888 ethnicam
861 3813 1126 3895 ‚invocationem
1141 3827 1296 3891 exercet,
1321 3808 1416 3881 nibil
1431 3813 1561 3901 cogitat
1610 3814 1668 3906 pit
1693 3814 1891 3883 desiderare
1916 3812 2145 3883 illustriorem
2170 3812 2378 3881 doctrinam.
2429 3807 2524 3881 Cum
2545 3834 2598 3879 ve-

570 3925 611 3992 in
629 3933 748 3989 mente
762 3921 806 3987 de
821 3917 1003 3986 voluntate
1017 3912 1099 3997 Dei,
1124 3914 1265 3983 dubitat
1280 3936 1325 3983 an
1342 3914 1560 3984 exaudiatur.
1613 3917 1709 3999 niet,
1734 3915 1852 4007 inquit
1874 3912 2040 3997 Messias,
2068 3909 2153 3984 haec
2175 3936 2241 3983 nos
2264 3910 2426 3993 docebit,
2451 3926 2497 3983 ut
2511 3936 2600 3983 nunc
2644 3996 2645 4001 Ἰ

570 4022 639 4095 Ηίε
655 4020 753 4093 Deus
766 4032 828 4090 aut
841 4015 934 4087 nihil
949 4030 1019 4100 est,
1045 4030 1107 4086 aut
1123 4039 1179 4084 res
1195 4017 1300 4084 surda
1317 4030 1387 4099 est,
1410 4016 1502 4085 sicut
1523 4016 1561 4084 in
1613 4016 1719 4087 multi
1747 4028 1931 4109 expectant
1959 4016 2115 4111 synodos
2142 4029 2176 4086 et
2198 4038 2308 4085 novas
2329 4013 2600 4085 diiudicationes

571 4122 676 4197 Creta
691 4136 766 4192 erat
780 4135 893 4191 statua
907 4117 1002 4187 lovis
1015 4119 1092 4187 sine
1113 4118 1272 4187 auribus.
1324 4115 1430 4187 Tales
1443 4131 1561 4193 autem
1615 4117 1954 4199 contmversiarttm,
1989 4140 2054 4186 nec
2081 4118 2307 4209 acquiescunt
2330 4116 2368 4183 iu
2391 4116 2508 4187 verbo
2530 4117 2602 4189 Dei.
2638 4170 2645 4187 ,a

572 4239 657 4297 sunt
692 4246 816 4295 omnes
850 4222 966 4290 cultus
996 4219 1277 4289 ceremoniamm
1313 4221 1405 4309 apud
1438 4242 1563 4289 omnes
1614 4222 1667 4291 lta
1690 4214 1778 4291 haec
1804 4219 1936 4288 mulier
1960 4214 2077 4289 adhuc
2103 4219 2252 4290 fluctuat
2280 4218 2418 4301 auimo,
2451 4242 2525 4290 nec
2548 4218 2602 4287 illa
2644 4212 2645 4291 ζ

573 4328 721 4418 impios,
747 4346 959 4415 quocunque
980 4322 1126 4389 nomine
1149 4334 1330 4390 vocentur.
1389 4320 1491 4389 Talis
1512 4336 1563 4391 est
1613 4322 1797 4412 magnilica
1818 4344 1905 4390 voce
1933 4334 2116 4402 movetur,
2150 4344 2256 4413 qusm
2279 4319 2456 4389 audierat:
2496 4320 2603 4413 Aqua,
2644 4388 2645 4405 ,

571 4428 807 4509 ludaeorum,
831 4419 1165 4493 Mahometistarum
1192 4433 1227 4489 et
1250 4414 1473 4512 Papistamm
1504 4424 1563 4492 in·
1614 4448 1720 4517 quam
1736 4446 1799 4513 ego
1814 4423 1907 4491 dabo
1925 4421 1973 4503 ei,
1999 4423 2112 4491 hetin
2127 4444 2169 4491 eo
2181 4423 2263 4492 lons
2278 4422 2370 4491 sitae
2390 4420 2553 4492 salientis
2566 4424 2600 4491 is

572 4532 730 4609 vocatio,
763 4526 826 4620 qui
847 4525 986 4613 lingunt
1009 4548 1092 4594 suos
1116 4524 1233 4591 cultus
1255 4523 1372 4593 valere
1393 4548 1435 4593 ex
1457 4548 1563 4616 opere
1614 4527 1723 4596 vitam
1755 4540 1947 4597 aeternam.
2013 4522 2083 4595 Sed
2104 4537 2243 4608 tamen,
2281 4522 2363 4615 quia
2387 4522 2520 4593 docilis
2543 4539 2600 4605 est,

571 4644 740 4722 operato,
766 4631 842 4699 sine
857 4628 952 4697 bono
969 4640 1069 4696 motu
1083 4624 1262 4702 facientis,
1284 4625 1406 4708 idest,
1425 4626 1563 4696 etiamsi
1611 4650 1688 4697 non
1707 4627 1883 4712 reiicitur,
1909 4631 1970 4705 sed
1989 4626 2163 4695 liberatur
2181 4626 2378 4706 aberrare,
2404 4638 2440 4695 ει
2457 4648 2542 4695 vere
2562 4626 2601 4694 ad

571 4757 648 4803 non
662 4733 791 4820 cogites
807 4726 875 4799 Ilei
900 4730 1139 4810 voluntatem,
1170 4725 1226 4793 vel
1249 4726 1456 4795 irascentem
1480 4751 1562 4819 pcc·
1615 4730 1830 4821 agnitionem
1851 4725 1935 4811 Dei,
1968 4742 2002 4799 et
2016 4726 2166 4799 Messiae
2189 4726 2406 4811 traducitur,
2439 4742 2483 4799 nt
2505 4727 2603 4797 dein·

573 4845 673 4917 cato,
699 4832 755 4900 vel
771 4832 996 4921 recipientem
1011 4827 1252 4915 confugientes
1267 4829 1312 4895 ad
1333 4852 1425 4898 eum.
1495 4833 1498 4848 '
1613 4854 1694 4926 ceps
1712 4829 1789 4902 Deo
1806 4830 1946 4903 serviat.
1996 4828 2110 4900 Audit
2134 4828 2242 4918 igitur
2262 4850 2462 4918 expressam
2483 4850 2602 4899 vocem

672 4928 835 5007 Primum
857 4932 964 5019 igitur
985 4927 1052 4999 hoc
1067 4943 1246 5009 teneatur,
1278 4929 1316 4997 in
1339 4929 1564 5001 invocatione
1615 4934 1855 5005 testificantem
1871 4932 1916 5001 de
1931 4926 2079 5000 Massia:
2112 4928 2209 5019 Ego,
2231 4930 2369 5022 iuquit,
2394 4932 2460 5022 qui
2476 4931 2602 5024 loquor

573 5049 737 5128 oportere
754 5056 826 5103 esse
846 5034 1061 5121 agnitionem
1079 5030 1272 5099 voluntatis
1286 5026 1374 5114 Dei,
1398 5032 1564 5101 videlicet
1615 5050 1749 5117 tecum,
1798 5055 1875 5104 sum
1905 5030 2069 5103 Messias:
2110 5033 2193 5099 vide
2222 5030 2361 5120 insigne
2389 5033 2602 5125 exemplum.

572 5139 649 5209 irae
678 5150 714 5209 et
740 5134 1013 5205 misericordiae.
1081 5130 1179 5201 ldem
1220 5133 1388 5222 praecipit
1420 5132 1564 5217 Paulus,
1614 5134 1808 5207 Revelatnr
1822 5130 2053 5223 Evangelium
2070 5134 2214 5226 spretis,
2237 5147 2272 5204 et
2293 5155 2366 5200 non
2381 5134 2603 5207 tumentibus

574 5262 655 5313 sum
669 5239 736 5310 aits
762 5232 902 5307 Offerte
920 5234 1064 5303 cultum'
1080 5233 1309 5316 rationalem,
1335 5234 1460 5323 idest,
1487 5235 1563 5305 cul-
1614 5236 1740 5306 bducia
1756 5260 1840 5307 suae
1856 5236 2064 5327 sapientiae,
2089 5236 2180 5306 sicut
2195 5235 2312 5327 iuquit
2326 5228 2511 5306 Christus:
2536 5232 2606 5307 Re·

573 5353 652 5411 tum
667 5338 814 5415 mentis,
846 5337 886 5405 in
907 5359 979 5427 quo
1000 5356 1100 5403 ruens
1121 5356 1202 5402 vere
1227 5334 1362 5425 aliquid
1389 5359 1468 5407 cum
1486 5334 1563 5405 Deo
1613 5339 1735 5409 velasti
1750 5337 1919 5430 parvulis,
1933 5350 1968 5409 et
1982 5337 2198 5409 abscondisti
2213 5360 2233 5408 a
2249 5336 2485 5429 sapientibus.
2512 5334 2605 5409 llaec

574 5440 666 5531 agit,
706 5460 900 5529 agnoscens
931 5436 1021 5505 iram
1043 5450 1079 5505 et
1101 5434 1407 5518 misericordiam.
1449 5432 1499 5508 Et
1521 5437 1561 5506 in
1614 5442 1740 5510 misera
1769 5438 1899 5510 mulier
1929 5441 2029 5511 audit
2057 5436 2148 5511 hanc
2169 5452 2240 5510 tam
2261 5439 2391 5509 claram
2414 5462 2543 5510 vocem
2564 5440 2605 5507 de

574 5555 760 5635 praecepto
785 5540 920 5629 primo,
958 5536 1023 5607 ubi
1047 5538 1123 5607 veri
1144 5548 1180 5605 ει
1200 5538 1330 5605 summi
1351 5538 1467 5608 cultus
1490 5552 1563 5609 tra·
1613 5540 1763 5633 Messio,
1797 5556 1832 5613 et
1853 5564 2057 5636 quanquam
2086 5544 2181 5613 idem
2210 5540 2418 5630 significavit
2440 5536 2606 5613 Christus

573 5645 729 5728 duntur,
754 5642 899 5712 dicitur:
924 5636 1061 5727 Diliges
1074 5637 1261 5708 dominum
1274 5636 1390 5707 Deum
1406 5651 1507 5709 tuum
1522 5664 1563 5711 er
1613 5643 1735 5715 multis
1751 5644 1961 5715 testimoniis
1977 5644 2136 5737 publice,
2160 5656 2277 5715 tamen
2291 5664 2364 5711 non
2377 5644 2520 5714 accedit
2536 5642 2606 5733 pri·

574 5746 787 5829 totocorde;
813 5756 849 5812 et
868 5736 990 5812 Esaias
1011 5739 1073 5811 29.
1097 5741 1288 5809 damnatur
1308 5741 1425 5810 cultus
1447 5756 1561 5812 exter-
1613 5745 1722 5815 vatim
1746 5745 1861 5817 ullum
1891 5745 2117 5837 pontificem,
2162 5758 2224 5815 aut
2246 5738 2502 5828 Pharisaeum,
2545 5764 2605 5813 nec

574 5868 665 5933 nus,
688 5846 765 5916 siue
787 5842 1013 5915 invocatione
1034 5840 1167 5914 cordis:
1196 5837 1356 5935 Populus
1376 5836 1436 5917 bic
1457 5844 1563 5915 labiis
1613 5856 1687 5917 tam
1702 5845 1860 5941 placide,
1885 5860 1957 5919 tam
1972 5848 2156 5941 perspicus
2167 5842 2345 5940 sapientes
2358 5842 2442 5917 illos
2458 5846 2577 5919 ducet.

1844 3231 1930 3307 Scio
1956 3233 2058 3335 quod
2070 3229 2243 3307 Messias
2266 3231 2384 3305 venit.
