5825 6950
562 679 639 754 ,02
1154 661 1282 741 ann.
1310 661 1428 738 unu
1454 661 1664 742 semera
1692 665 1997 751 ursorum.
2321 622 2324 630 ¹
2511 691 2572 767 ou

569 861 642 935 stas
669 837 823 914 clarium
856 831 1067 908 nonhabet
1099 837 1307 909 mandatum
1345 837 1560 930 imponendi
1618 837 1774 931 Oportet
1805 868 1869 916 nos
1906 843 1984 917 fieri
2005 843 2139 917 similes
2158 846 2323 938 imaginis
2344 849 2497 932 filiillei.
2541 857 2579 934 Et

573 970 718 1043 poenas,
1618 939 1677 1014 hic
1693 947 1759 1031 ait,
1791 943 1985 1018 Ecclesiam
2003 950 2194 1020 subiectam
2210 975 2283 1021 esse
2305 956 2428 1041 morti,
2458 975 2580 1053 propter

676 1047 859 1129 Secundo,
892 1039 1043 1112 Etiamsi
1066 1037 1165 1112 Deus
1194 1040 1387 1133 aliquando
1411 1042 1564 1135 imponit
1618 1069 1781 1138 praesens
1797 1065 1996 1142 peccatum,
2018 1065 2059 1122 ut
2074 1053 2258 1124 aboleatur
2272 1053 2399 1126 vitiosa
2413 1082 2501 1129 caro.
2544 1061 2583 1138 Et

576 1173 726 1246 poenas,
759 1161 799 1218 ut
813 1145 945 1216 Davidi
967 1157 1047 1236 post
1071 1143 1306 1230 adulterium,
1338 1158 1458 1216 tamen
1482 1147 1567 1215 inde
1618 1163 1735 1219 tamen
1755 1152 1866 1238 addit,
1880 1176 1954 1224 esse
1972 1154 2174 1226 liberatosa
2191 1171 2306 1228 morte
2319 1161 2509 1244 credentes,
2529 1167 2584 1234 sci-

579 1279 653 1324 non
668 1250 841 1340 fitregula
857 1245 1082 1319 universalis:
1116 1257 1152 1314 et
1165 1268 1390 1340 nequaquam
1411 1249 1568 1319 sentieu-
1619 1252 1722 1338 licet,
1750 1255 1835 1347 quia
1849 1256 1972 1327 vivant
1989 1258 2137 1348 spiritu,
2170 1272 2204 1331 ct
2221 1259 2316 1334 Deus
2338 1285 2457 1337 rursus
2479 1265 2520 1338 sit
2540 1267 2585 1335 vi·

581 1360 667 1427 dum
700 1366 770 1437 est,
812 1351 952 1422 nullum
983 1361 1164 1439 peccatum
1189 1350 1321 1419 remitti
1342 1350 1419 1420 sinc
1441 1375 1567 1442 poena,
1620 1355 1823 1428 vificaturus
1838 1381 1998 1452 corpora.

581 1459 665 1552 quia
698 1453 952 1546 promissiones
981 1450 1087 1521 toties
1117 1452 1298 1521 inculcant
1326 1455 1432 1522 nobis
1463 1454 1568 1523 etiam

582 1582 777 1652 poenarum
809 1555 1064 1624 remissionem.
1131 1550 1237 1638 ltem,
1285 1552 1437 1624 Etiamsi
1466 1556 1569 1648 ,Deus

583 1681 716 1754 poenas
733 1657 934 1749 corporales
948 1656 1128 1748 aliquibus
1144 1655 1320 1744 imponit,
1354 1669 1472 1728 tamen
1495 1681 1570 1727 non
1723 1644 1847 1741 linque
1867 1647 1905 1716 in
1929 1644 1993 1722 hae
2014 1653 2203 1722 collatione
2226 1648 2312 1723 haec
2333 1653 2494 1741 tradidit,
2523 1651 2588 1726 Hu-

584 1777 732 1862 possuut
751 1759 883 1830 remitti
899 1771 1069 1850 potestate
1085 1759 1307 1844 clavium,ut
1324 1761 1453 1842 morbi,
1467 1761 1572 1846 bella,
1622 1773 1763 1818 “lanam
1794 1763 1958 1821 naturam
1987 1778 2060 1824 ⁰⁰¹1
2083 1777 2187 1846 120⁸oe
2213 1755 2411 1826 satisfacere
2437 1755 2503 1846 legi
2524 1756 2589 1838 Del

586 1880 619 1936 et
635 1864 768 1932 similes
781 1862 1008 1931 calamitates.
1623 1876 1730 1944 quare
1753 1852 1890 1924 iusticia
1915 1856 2066 1925 carnalis
2082 1871 2221 1930 nonest
2235 1857 2374 1928 iusticia
2390 1879 2502 1926 coram
2516 1856 2588 1939 Deo,

689 1963 872 2033 Praeterea
909 1961 1105 2060 peculiares
1142 1960 1355 2032 afflictiones
1393 1958 1573 2035 interdum
1624 1956 1869 2028 necvivificat.
1920 1951 2071 2027 Etiamsi
2095 1971 2213 2028 autem
2238 1959 2277 2028 in
2303 1959 2433 2029 sanctis
2453 1974 2502 2029 est
2521 1961 2589 2030 reli-

503 2061 509 2070 ’
586 2067 717 2136 sanctis
740 2068 995 2154 imponuntur,
1028 2076 1069 2131 ut
1082 2060 1204 2132 Esaias
1220 2078 1271 2135 est
1293 2067 1483 2152 dissectus,
1520 2064 1574 2134 le·
1624 2081 1692 2149 que
1715 2080 1817 2143 caro,
1849 2071 1966 2127 tamen
1994 2061 2132 2150 placent
2157 2061 2232 2132 Deo
2253 2076 2400 2152 propter
2417 2055 2589 2145 Christum,

587 2170 716 2239 remias
732 2168 927 2259 lapidatus,
954 2164 1105 2234 loannes
1119 2161 1277 2256 Baptista
1297 2169 1491 2238 decollatus
1511 2183 1574 2242 etc.
1626 2173 1660 2228 et
1678 2174 1762 2229 sunt
1775 2161 1917 2231 liberati
1932 2185 1951 2230 a
1966 2175 2100 2249 morte,
2112 2164 2161 2234 its
2176 2177 2216 2236 ut
2232 2163 2362 2255 spiritu
2377 2162 2505 2242 vivant·
2520 2164 2588 2256 quit

587 2273 663 2341 llae
685 2269 896 2339 afflictiones
919 2293 993 2337 non
1017 2280 1100 2337 suut
1123 2289 1257 2357 poenae
1280 2294 1344 2358 pro
1366 2272 1471 2341 certis
1494 2295 1575 2364 pec·
1625 2255 1788 2334 Christus
1804 2263 1843 2332 in
1858 2263 1973 2337 eisest
1990 2265 2127 2346 efficax,
2160 2279 2195 2338 et
2211 2265 2345 2357 incepit
2359 2285 2420 2336 eos
2435 2263 2590 2355 vivificare

588 2373 695 2456 catis,
729 2373 789 2440 sed
805 2371 996 2460 singularia
1014 2377 1139 2458 opera,
1171 2370 1473 2462 inquibusDcus
1499 2373 1576 2444 vult
1626 2363 1763 2454 Spiritu
1795 2379 1927 2442 sancto.
1991 2365 2083 2438 Caro
2112 2383 2228 2440 autem
2257 2381 2407 2460 propter
2431 2380 2589 2459 peccatum

588 2477 773 2545 ostendere
794 2495 894 2542 suam
920 2473 1079 2561 gloriam.
1139 2469 1239 2542 Sicut
1261 2487 1294 2543 et
1316 2472 1494 2568 Propheta
1517 2475 1573 2543 in.
1627 2467 1731 2536 morti
1755 2470 1929 2541 destinata
1952 2482 2022 2556 est,
2054 2482 2094 2540 ut
2117 2471 2249 2543 abolita
2269 2482 2459 2556 vetustate,
2489 2489 2590 2540 rursus

588 2577 681 2668 quit:
720 2573 838 2644 Etiam
865 2559 1070 2642 innocentes
1091 2572 1215 2645 bibent
1237 2575 1379 2645 calicem
1410 2592 1475 2650 ete.
1528 2573 1575 2646 Et
1626 2571 1817 2641 veSliamur
1830 2596 1954 2654 carne.
1980 2574 2019 2642 in
2037 2597 2105 2666 qua
2123 2570 2216 2644 nihil
2233 2575 2278 2644 sit
2293 2573 2388 2646 vitii.

587 2674 658 2754 huc
676 2677 827 2767 pertinet
843 2676 1035 2768 disputatio
1054 2671 1138 2758 lob,
1163 2676 1229 2766 qui*
1242 2693 1345 2766 negat
1368 2701 1404 2748 se
1430 2693 1574 2770 propter
1726 2669 1883 2744 Proinde
1910 2677 2068 2747 eontinet
2089 2672 2148 2745 hic
2172 2677 2271 2748 locus
2291 2672 2521 2765 multiplicem
2537 2671 2587 2742 do·

522 2813 526 2820 ·
587 2790 727 2872 peccata
743 2778 863 2867 afiligi.
915 2775 1026 2847 Docet
1044 2777 1138 2844 enirn
1156 2778 1232 2865 pios
1249 2793 1456 2875 utrumque,
1477 2783 1571 2874 quod
1625 2779 1787 2854 ctriuam.
1838 2775 1982 2864 Primo,
2007 2780 2104 2870 quod
2120 2771 2591 2864 humananaturanonpos·

579 2896 734 2972 propter
747 2879 957 2950 afflictiones
972 2903 1046 2948 non
1063 2881 1135 2951 sint
1155 2879 1288 2951 reiecti.
1341 2880 1449 2963 Item,
1477 2886 1571 2977 quod
1625 2883 1670 2953 sit
1692 2884 1889 2954 satisfacere
1912 2882 1981 2971 legi
2007 2879 2082 2951 Dei.
2135 2881 2324 2960 Secundo,
2358 2879 2454 2974 quod
2476 2875 2592 2946 iusticia

588 2983 799 3053 afflictiones
829 2983 1059 3074 imponantur
1087 2981 1193 3050 ctiam
1225 2984 1297 3053 alio
1323 2986 1473 3055 consilio
1493 2982 1572 3067 Dei,
1624 2987 1792 3072 carnalis,
1830 3008 1896 3056 nec
1928 2985 2092 3055 iustificet
2122 3007 2188 3054 nec
2210 2983 2366 3054 vivificet
2387 3003 2500 3052 coram
2520 2975 2591 3050 Deo.

587 3109 652 3154 nec
672 3107 809 3175 semper
823 3085 894 3153 sint
910 3107 1044 3172 poenae
1061 3095 1236 3153 certorum
1254 3101 1488 3178 peccatorum.
1624 3085 1766 3174 Tertio,
1791 3089 1972 3180 quomodo
1992 3088 2153 3175 placeant
2167 3087 2295 3172 sancti,
2332 3097 2367 3155 et
2382 3083 2590 3155 liberentura

689 3183 785 3255 Hine
807 3187 1031 3276 perspicuum
1062 3198 1114 3253 est
1145 3209 1219 3254 nou
1244 3211 1317 3255 esse
1340 3190 1499 3279 regulam
1519 3189 1572 3258 la·
1624 3205 1755 3276 morte,
1797 3191 1933 3260 etiamsi
1962 3185 2078 3260 adhuc
2114 3183 2234 3261 haeret
2268 3189 2307 3258 in
2345 3187 2396 3256 eis
2422 3197 2590 3279 peccatum.

585 3287 767 3372 ciendam,
793 3291 890 3380 quod
906 3287 1116 3357 afflictiones
1128 3287 1199 3357 sint
1212 3290 1489 3375 satisfactiones,
1513 3306 1573 3362 aut
1625 3293 1779 3382 Quarto,
1812 3304 2084 3384 propterquam
2106 3315 2245 3362 causam
2270 3285 2429 3360 Ecclesia
2454 3289 2497 3358 sit
2521 3284 2589 3353 sub·

584 3412 719 3483 poenae
734 3413 798 3482 pro
820 3390 924 3461 certis
948 3390 1106 3480 peccatis.
1160 3388 1209 3462 Ut
1234 3391 1343 3480 igitur
1363 3394 1572 3464 afflictiones
1625 3396 1710 3464 iecta
1726 3395 1981 3465 afflictionibus
1995 3408 2027 3464 et
2049 3395 2169 3463 murti.
2222 3391 2383 3483 Quinto,
2419 3392 2502 3485 quid
2524 3407 2588 3456 vere

584 3515 660 3561 non
691 3507 775 3564 sunt
806 3515 944 3583 semper
966 3516 1118 3582 poenae,
1150 3492 1198 3563 ita
1224 3495 1300 3564 sine
1322 3497 1426 3565 certis
1449 3498 1572 3585 poenis
1623 3499 1820 3589 significent
1837 3499 2006 3569 vocabula
2020 3493 2147 3568 Carnis
2160 3509 2194 3567 et
2211 3495 2382 3587 Spiritus.
2453 3510 2457 3519 '

583 3618 687 3685 saepe
715 3593 948 3665 remittuntur
977 3607 1132 3683 peccata,
1164 3595 1256 3665 sicut
1279 3600 1455 3687 promittit
1477 3596 1573 3670 Deus

582 3696 623 3765 in
640 3696 833 3786 scriptura,
858 3696 1043 3784 agentibus
1060 3698 1314 3785 poenitentiam
1331 3702 1573 3788 mitigaturum

581 3820 619 3867 se
651 3819 725 3867 esse
755 3798 981 3870 calamitates.
1037 3795 1085 3868 Et
1107 3794 1239 3870 Paulus
1275 3802 1410 3894 inquit:
1444 3802 1485 3874 Si
1509 3826 1573 3873 nos
1725 3794 1905 3867 Hactenus
1920 3796 2072 3868 absolvit
2086 3797 2283 3868 doctrinam
2299 3792 2589 3869 deiustificstiouc.

583 3900 652 3990 ipsi
670 3899 929 3982 indicaremus,
954 3924 1028 3969 non
1045 3900 1284 3972 iudicaremur
1298 3928 1318 3970 a
1334 3904 1502 3975 Domino.
1624 3898 1729 3969 Nunc
1753 3900 1862 3987 igitur
1883 3920 2024 3969 necesse
2043 3912 2094 3971 est
2118 3900 2202 3970 addi
2226 3902 2426 3971 doctrinam
2446 3900 2488 3967 de
2511 3918 2587 3965 nova

685 3998 871 4071 Postremo
888 4003 976 4071 illud
994 4003 1176 4072 sciendum
1192 4018 1261 4089 est,
1288 4003 1363 4075 Etsi
1379 4007 1574 4095 imponun-
1623 4002 1836 4071 obedientia.
1892 4000 1980 4069 Nam
1997 4016 2031 4073 et
2047 3999 2132 4074 haec
2156 4024 2235 4095 pars
2259 4004 2297 4073 in
2315 4000 2471 4074 Ecclesia
2490 4013 2589 4069 extare

582 4116 643 4172 tur
657 4126 792 4193 poenae
806 4102 863 4172 vel
879 4103 1060 4186 exercitia,
1083 4117 1202 4173 tamen
1216 4130 1291 4175 uon
1308 4122 1391 4178 sunt
1406 4131 1576 4201 compen·
1622 4107 1747 4188 debet,
1785 4117 1827 4173 ut
1856 4102 2095 4191 intelligatur,
2137 4104 2253 4199 qualis
2276 4106 2322 4176 sit
2346 4100 2588 4174 obedientiain

581 4205 735 4273 sationes
768 4228 834 4293 pro
866 4218 981 4275 morte
1011 4218 1174 4294 aeterna,
1208 4210 1291 4297 quia
1316 4224 1455 4281 tantum
1481 4234 1576 4280 mors
1620 4206 1770 4289 sanctis,
1799 4217 1834 4274 et
1849 4206 1953 4297 quale
1969 4206 2014 4277 sit
2028 4220 2230 4298 peccatum,
2266 4206 2517 4299 propterquod
2540 4224 2589 4269 es·

581 4301 717 4376 Christi
747 4320 798 4374 est
828 4306 1017 4375 satisfactio
1048 4320 1080 4377 et
1110 4311 1350 4397 compensatio
1374 4336 1439 4402 pro
1461 4326 1576 4383 morte
1621 4310 1747 4378 sidunt
1785 4309 1917 4396 gratia,
1958 4322 1993 4379 et
2025 4310 2194 4384 amittunt
2231 4306 2340 4379 fidem
2372 4322 2405 4379 et
2434 4306 2588 4400 Spiritum

581 4421 735 4481 aeterua.
768 4406 869 4478 Sicut
891 4409 1147 4499 scriptumest:
1181 4408 1275 4499 Quia
1293 4427 1400 4502 ponet
1419 4415 1574 4483 animam
1621 4423 1795 4481 sanctum.

581 4524 932 4600 suampropeccato.
987 4508 1092 4580 ltem:
1121 4505 1286 4599 Ornors,
1313 4530 1576 4603 eromorstua,
1724 4510 1882 4581 lnstituit
1909 4534 1991 4602 crgo
2011 4510 2144 4584 Paulus
2168 4511 2464 4605 propositionem:
2496 4504 2591 4579 Debi-

581 4624 648 4683 ctc.
702 4610 823 4698 Quare
836 4613 960 4700 opinio
985 4614 1270 4685 adversariorum
1295 4618 1340 4687 de
1365 4619 1576 4690 satisfactio·
1621 4628 1869 4694 arcessamus,
1890 4614 2284 4685 neobediamuscarni.
2338 4612 2590 4685 Namcumlide

581 4713 688 4781 nibus
704 4713 897 4783 reiicicnda
915 4727 977 4784 εει.
1622 4719 1856 4801 renascimur,
1896 4718 2059 4786 incoatur
2095 4719 2236 4789 novitas
2262 4716 2477 4815 spiritualis,
2511 4732 2588 4806 quae

683 4812 867 4884 Caeterum
884 4819 1027 4905 prodest
1048 4828 1240 4909 utrumque
1262 4818 1436 4889 inculcari
1450 4819 1574 4891 Eccle-
1619 4832 1670 4889 est
1690 4820 1824 4889 incoata
1851 4819 2051 4888 obedientia
2074 4842 2155 4911 erga
2177 4816 2323 4906 Deum,
2357 4843 2416 4889 seu
2439 4816 2520 4903 legis
2541 4814 2588 4880 in·

581 4913 664 4998 siis,
698 4928 730 4982 et
746 4917 841 5006 quod
860 4920 985 5006 puniat
1003 4916 1098 4988 Deus
1125 4934 1284 5010 peccata,
1318 4924 1423 4991 etiam
1446 4947 1571 5014 corpo·
1619 4923 1734 4993 coatio
1755 4922 1795 4990 in
1821 4920 1998 4991 cordibus.
2048 4918 2096 4994 Ut
2123 4924 2294 5015 scriptum
2321 4934 2390 4994 est:
2426 4916 2523 4989 Dabo
2545 4916 2588 4983 le·

582 5016 716 5085 ralibus
741 5017 882 5104 poenis,
923 5033 957 5088 et
981 5022 1077 5111 quod
1099 5021 1236 5110 mitiget
1259 5047 1390 5112 poenas
1412 5041 1572 5095 sutmu-
1617 5046 1822 5114 gemmeam
1842 5022 1881 5091 iu
1898 5024 2154 5101 sardaeorum.
2202 5020 2299 5112 Ergo
2321 5024 2393 5093 iam
2415 5022 2474 5090 illa
2499 5016 2589 5088 novi-

580 5128 629 5187 tet
645 5131 789 5208 propter
803 5118 1070 5209 poeniteutiam.
1121 5122 1216 5194 Sunt
1232 5139 1266 5195 et
1281 5127 1433 5195 docendi
1455 5126 1507 5217 pii
1532 5128 1570 5196 in
1617 5141 1669 5196 tas
1685 5122 1813 5196 habeat
1829 5146 1911 5194 siros
1926 5124 2085 5211 effeetus,
2111 5139 2274 5216 agnoscat
2291 5126 2404 5197 Deum
2418 5136 2452 5193 ει
2467 5122 2497 5193 ei
2512 5122 2587 5191 obe·

579 5219 852 5305 afflictionibus,
878 5235 918 5290 ut
931 5223 1042 5292 sciant
1059 5224 1267 5295 afllictiones
1285 5252 1358 5298 nou
1373 5250 1447 5297 esse
1469 5229 1569 5316 signa
1616 5228 1709 5313 diat,
1749 5243 1782 5298 ct
1810 5241 1980 5317 repugnet
2009 5228 2166 5301 motibus
2188 5227 2322 5314 carnis,
2371 5226 2434 5321 qui
2457 5222 2586 5317 rapiunt

578 5321 670 5403 irae,
702 5321 838 5391 etiamsi
854 5335 969 5394 essent
984 5348 1137 5415 poenae,
1170 5340 1203 5397 et
1220 5343 1400 5400 tamenne
1424 5331 1567 5424 quidem
1615 5330 1973 5402 coutravoluntatem
1989 5327 2068 5406 Dei.

578 5444 717 5511 semper
743 5446 873 5511 poenas
895 5448 986 5506 esse,
1020 5429 1079 5495 sed
1104 5430 1266 5499 exercitia
1290 5446 1350 5503 aut
1373 5434 1566 5521 singularia
1716 5432 1812 5504 Dicit
1828 5446 1943 5501 autem
1959 5430 2308 5503 diserte:Debitores
2323 5450 2454 5503 sumus.
2494 5422 2583 5496 Hane

577 5548 701 5615 opera,
725 5522 763 5592 in
780 5526 909 5617 quibus
924 5525 1020 5597 Deus
1039 5528 1114 5599 vult
1130 5554 1195 5599 uos
1210 5556 1397 5620 agnoscere
1415 5537 1568 5604 infirmi·
1615 5560 1736 5605 vocem
1773 5536 1922 5625 opponit
1959 5533 2050 5605 male
2088 5534 2366 5625 intelligentibus
2401 5533 2582 5603 libertatem

576 5636 683 5694 tatem
700 5640 879 5712 nostram,
906 5642 938 5699 et
954 5654 1076 5699 rursus
1093 5632 1210 5703 fidcet
1223 5635 1447 5706 invocatione
1466 5639 1565 5729 erigi,
1614 5638 1875 5723 evangelicam,
1901 5638 2152 5730 quaeliberat,
2186 5660 2232 5705 ne
2247 5656 2452 5705 accusemur
2475 5630 2581 5714 alege,

576 5740 618 5796 ut
648 5744 777 5800 crescat
809 5731 951 5801 novitas
980 5734 1184 5824 spiritualis.
1243 5736 1297 5807 lta
1322 5735 1480 5809 Ecclesia
1513 5752 1564 5810 est
1614 5740 1845 5822 nonliberat,
1872 5740 2149 5810 neobediamus.
2199 5736 2322 5807 Manet
2337 5737 2430 5805 enim
2455 5748 2579 5803 aeterna

576 5828 733 5903 subiecta
750 5832 1024 5923 afflictionibus,
1052 5836 1143 5909 sicut
1156 5838 1249 5909 iufra
1266 5864 1389 5913 rursus
1408 5842 1562 5913 dicetur:
1613 5854 1646 5913 et
1661 5838 1894 5913 immutabilis
1918 5842 2118 5930 ordinatio,
2150 5852 2191 5913 ut
2210 5840 2415 5911 obediamus
2430 5833 2520 5919 Deo,
2550 5840 2578 5897 el

1948 1525 2280 1608 Epilogus

1796 3656 1974 3742 Fratres,
2009 3656 2188 3733 debitores
2202 3684 2351 3742 sumus,
2377 3669 2440 3735 etc.
