5825 6950
599 648 676 727 sss
968 567 1018 702 Χ.
1187 637 1317 713 eutr.
1341 629 1696 713 uuuscnu‘m
1722 629 2024 712 exuendos.
2518 658 2567 734 43,

602 821 801 890 absterrent
813 835 881 884 nos
895 823 1035 905 peccata
1054 823 1191 896 nostra,
1215 825 1255 882 ut
1271 834 1387 905 neque
1407 823 1589 906 expectare
1640 819 1739 904 cepta
1759 806 1887 900 possit,
1912 807 1943 879 is
1960 804 2067 882 habet
2082 805 2186 882 Ps'uli
2208 801 2421 908 eiernpluni,
2442 821 2495 915 qui
2511 849 2569 896 mn.

603 919 799 1015 quidquam
822 913 936 985 sDeo
958 915 1160 987 audeamus.
1212 909 1313 982 Olir'n
1336 914 1385 983 ita
1406 915 1590 1004 legebatur
1642 905 2143 982 trahitomniainsecundam
2160 917 2318 986 tabulam
2334 921 2486 1013 decalogi.
2510 925 2569 998 Nun

604 1017 693 1091 haec
711 1015 891 1109 Epistola,
917 1029 959 1087 ut
973 1015 1034 1084 illa
1054 1028 1126 1084 tam
1143 1016 1247 1103 longa
1267 1015 1460 1106 disputatio
1485 1033 1609 1106 supe-·
1641 1011 1803 1081 doctrina
1817 1011 1918 1096 lidei,
1936 1013 1975 1082 in
1991 1038 2059 1106 qus
2074 1017 2236 1106 superior
2250 1016 2425 1110 Epistolae
2439 1049 2506 1116 pars
2516 1051 2571 1098 coo

604 1117 791 1195 riornihil
807 1120 850 1189 ad
874 1133 994 1189 nostra
1012 1131 1170 1208 tempora
1193 1117 1369 1207 pertinere
1386 1130 1589 1208 putaretur:
1640 1113 1811 1193 sumitur,
1846 1115 1998 1206 pertinet
2018 1116 2062 1184 ad
2093 1117 2242 1206 primam
2270 1122 2433 1199 tabulam.
2489 1125 2573 1220 Neque

606 1227 668 1295 sed
691 1223 877 1293 dicebatur
906 1243 981 1290 esse
1002 1218 1131 1309 scripta
1156 1231 1301 1309 propter
1327 1219 1420 1290 rixas
1445 1219 1590 1290 illorum
1642 1237 1726 1284 sane
1742 1209 1930 1286 methodus
1945 1219 1989 1286 de
2004 1217 2164 1288 moribus
2180 1220 2253 1290 ulla
2268 1223 2380 1315 magis
2397 1239 2501 1298 exacta
2518 1252 2575 1298 con

605 1342 807 1417 temporum
832 1324 877 1393 de
899 1319 1110 1392 ludaeorum
1137 1320 1358 1390 ceremoniis.
1409 1319 1483 1391 Nos
1506 1341 1592 1389 vero
1643 1316 1710 1408 cipi
1726 1330 1862 1407 potest,
1888 1340 1995 1410 quam
2010 1320 2197 1412 decalogus
2213 1337 2276 1396 est.

607 1427 779 1511 sciamus,
807 1437 849 1496 ut
864 1419 1097 1510 Evangeliurn
1114 1423 1158 1492 ad
1185 1444 1309 1492 ornnes
1330 1435 1459 1494 aetates
1482 1420 1592 1513 perti-

608 1543 687 1613 net,
712 1529 761 1599 ita
784 1521 875 1596 hauc
893 1523 1092 1616 Epistulam
1114 1525 1159 1593 ad
1185 1546 1309 1593 omnes
1331 1537 1461 1596 aetates
1483 1522 1596 1613 perti·

608 1653 714 1713 nere,
740 1651 829 1722 quae
846 1625 1075 1718 praecipuum
1091 1623 1278 1714 Evangelii
1296 1626 1413 1697 locum
1429 1625 1591 1717 explicat.

594 1730 674 1805 ‘Est
695 1744 811 1800 sutem
834 1723 893 1798 hic
915 1749 993 1796 mos
1015 1724 1154 1808 Paulo,
1195 1740 1236 1797 ut
1260 1727 1363 1796 initio
1388 1729 1504 1797 tradat
1528 1729 1594 1795 do·

608 1833 760 1907 ctrinsm
781 1827 1067 1912 iustificationis,
1109 1850 1199 1921 quae
1224 1829 1372 1918 contigit
1392 1827 1594 1921 perfidem.

607 1935 733 2006 Postea
756 1931 923 2001 subiiciat
943 1943 1127 2019 praecepta
1155 1931 1199 1999 de
1222 1931 1393 2000 moribus.
1470 1929 1594 2018 Qrsau'-

608 2059 716 2130 quarn
731 2034 827 2103 enim
843 2056 916 2102 non
933 2031 1122 2103 iustificant
1136 2055 1261 2122 opera,
1288 2044 1406 2101 tamen
1423 2033 1594 2125 quoniam

608 2140 649 2209 in
684 2157 833 2227 corpore
866 2132 1051 2222 degimus„
1096 2133 1173 2203 sine
1210 2133 1377 2224 operibus
1407 2131 1494 2204 haec
1523 2135 1594 2203 vita

611 2237 759 2327 transigi
775 2259 848 2306 non
865 2247 999 2328 potest,
1023 2247 1058 2304 et
1079 2235 1165 2305 iides
1190 2236 1295 2305 debet
1317 2258 1354 2305 se
1377 2259 1537 2306 exercere
1557 2248 1596 2306 ut

609 2341 795 2411 ostendere
817 2338 867 2405 in*
880 2358 983 2406 cruce
1009 2337 1170 2407 ethonis
1191 2338 1370 2426 operibus.
1426 2337 1597 2431 Sequitur

609 2443 719 2533 igitur
734 2454 903 2532 tanquam
918 2461 1033 2506 novus
1049 2439 1159 2520 liber,
1183 2441 1370 2508 continens
1385 2440 1495 2528 legem
1520 2463 1595 2508 rna·

609 2544 684 2636 gis,
717 2564 823 2635 quarn
849 2535 1096 2628 Evangelium.
1145 2535 1193 2610 Et
1215 2539 1302 2633 quia
1323 2541 1409 2630 legis
1433 2541 1595 2611 doctrin‘s

609 2667 685 2716 non
700 2644 821 2733 ignota
836 2655 887 2712 est
902 2636 1079 2711 humanae
1094 2642 1240 2726 rationi,
1265 2641 1345 2710 ideo
1360 2644 1491 2713 multae
1512 2665 1594 2713 sen·
1746 2630 1949 2725 Propositio
1970 2637 2144 2727 generalis
2170 2652 2222 2710 est
2238 2641 2467 2734 complectens
2479 2661 2580 2709 crucem

610 2745 742 2820 tentiae
757 2743 985 2835 reperiuntur
992 2742 1038 2811 'in
1051 2739 1221 2826 Hesiodo,
1247 2737 1441 2838 Phocylide
1458 2758 1494 2815 et
1506 2745 1596 2830 aliis,
1645 2746 1680 2804 ct
1698 2735 1793 2839 hona
1810 2758 1927 2825 opera.
1979 2735 2149 2812 Praebete
2169 2765 2321 2835 corpora
2345 2757 2452 2814 vestra
2467 2737 2583 2810 bostiam

612 2834 747 2918 similes
760 2841 816 2915 his
833 2867 923 2938 quae
939 2856 1023 2913 sunt
1037 2846 1131 2934 apud
1149 2842 1311 2913 Paulum.
1370 2843 1495 2940 Neque
1515 2849 1594 2916 ideo
1645 2835 1741 2922 ileo,
1766 2851 1802 2908 et
1818 2839 1953 2909 cultum
1975 2839 2185 2914 rationalem
2200 2857 2268 2918 etc.
2320 2843 2391 2916 Hic
2411 2843 2495 2914 vides
2511 2841 2584 2956 aliter

612 2949 810 3042 putandum
825 2958 876 3014 est
893 2941 985 3014 nihil
1004 2945 1173 3018 interesse
1194 2944 1289 3014 inter
1304 2941 1440 3018 Christi
1462 2948 1596 3018 doctri·
1645 2939 1737 3008 tradi
1754 2953 1937 3033 praecepte
1955 2937 2237 3036 aPhilosophis,
2260 2945 2371 3018 aliter
2383 2947 2426 3018 ab
2438 2939 2583 3034 Apostoli·

571 3128 573 3131 ,
611 3074 695 3120 uam
722 3062 755 3119 et
781 3040 1056 3138 philosophiam.
1126 3045 1253 3136 Legem
1285 3050 1380 3116 enim
1409 3072 1470 3118 seu
1495 3073 1595 3140 prae.
1645 3037 1735 3109 Nam
1751 3040 1884 3112 Paulus
1901 3044 2060 3114 inserens
2081 3047 2394 3139 amplificationem
2418 3043 2579 3140 propositio

612 3165 711 3241 cepta
725 3151 770 3219 de
784 3149 944 3217 moribus
960 3160 1072 3237 potest
1089 3145 1596 3244 philosophiaaliquaexparte
1646 3143 1705 3227 ni,
1732 3144 1837 3210 fidem
1860 3145 1966 3214 etism
1989 3148 2149 3240 requirit.
2200 3148 2386 3238 Significat
2410 3149 2495 3218 enim
2512 3165 2581 3236 open

611 3254 762 3325 tradere.
813 3247 863 3320 At
888 3245 1119 3339 Evangelium
1143 3273 1285 3339 prorsus
1309 3275 1382 3321 non
1407 3255 1505 3324 novit
1530 3251 1597 3323 hu.
1646 3258 1680 3314 et
1700 3245 2052 3318 alilictiouesdebere
2068 3244 2201 3322 hostias
2225 3275 2312 3324 esse.
2363 3251 2443 3334 Nou
2461 3261 2583 3319 suntan-

609 3353 716 3424 mana
732 3352 845 3436 ratio,
869 3353 968 3445 quod
992 3353 1100 3440 gratis
1121 3375 1238 3422 coram
1255 3349 1332 3422 Deo
1357 3355 1597 3440 iustificemur,
1646 3360 1715 3414 lem
1731 3341 1864 3416 hostiae
1878 3351 1974 3439 apud
1989 3349 2130 3442 impios.
2181 3352 2253 3424 Sed
2277 3356 2375 3445 apud
2397 3349 2459 3424 hos
2474 3350 2524 3442 qui
2536 3369 2583 3416 cro

613 3480 695 3527 cum
710 3454 887 3525 credimus
901 3476 967 3523 uos
982 3453 1176 3545 ingratiam
1193 3479 1211 3522 a
1228 3467 1327 3545 patre
1338 3454 1600 3546 propterCltri-
1647 3451 1738 3519 dunt
1760 3445 1838 3520 Deo
1870 3450 2006 3543 placere
2041 3453 2252 3527 afflictiones
2280 3470 2419 3529 nostras
2450 3467 2481 3525 et
2507 3469 2585 3542 opert·

611 3573 704 3629 stum
727 3555 848 3646 recipi.
898 3553 996 3642 Quid
1021 3570 1137 3626 autem
1161 3557 1288 3626 efficiat
1310 3558 1384 3639 lex,
1408 3582 1514 3649 supra
1541 3561 1598 3628 di·
1647 3552 1730 3643 qnia
1743 3547 1875 3623 Christi
1894 3555 2052 3624 membra
2067 3576 2210 3644 sumus,
2238 3570 2272 3629 et
2298 3556 2482 3651 gubernari
2497 3550 2583 3669 sDeo:

611 3670 787 3732 ctumest.
838 3650 884 3726 Et
901 3671 1018 3726 tamen
1035 3655 1194 3746 Apostoli
1219 3680 1299 3726 curn
1324 3663 1471 3731 tradunt
1495 3685 1597 3751 prae-
1648 3666 1722 3723 tum
1744 3654 1955 3725 afflictiones
1982 3670 2141 3745 nostras,
2166 3672 2242 3729 tum
2265 3684 2387 3754 opera.
2436 3655 2478 3729 Et
2497 3660 2585 3767 λογιιη

578 3785 583 3793 ·
612 3773 711 3847 cepta
736 3760 781 3830 de
804 3758 980 3841 morituro,
1023 3760 1127 3848 lunge
1160 3758 1264 3827 aliter
1288 3766 1453 3845 tradunt,
1491 3788 1595 3855 quiam
1647 3750 1797 3850 λατρεία
1820 3756 2015 3847 opponitur
2043 3780 2118 3829 uon
2148 3764 2256 3832 modo
2290 3760 2448 3856 pecuinis
2469 3760 2586 3833 virtinu

611 3854 837 3957 Philosophi.
878 3856 1014 3928 Multas
1029 3854 1124 3928 enim
1141 3861 1332 3930 sententias
1349 3881 1536 3953 aspergunt
1554 3869 1598 3935 de
1647 3858 1707 3924 sed
1725 3860 1832 3927 etiam
1850 3860 2019 3929 omnibus
2033 3852 2200 3933 humanis
2214 3866 2393 3937 exercitiis
2409 3877 2439 3933 et
2455 3858 2587 3969 operibus

611 3963 795 4033 voluntate
814 3956 900 4041 Dei,
925 3972 960 4029 et
983 3963 1028 4029 de
1041 3958 1171 4033 Christi
1192 3962 1380 4033 beneficiis.
1431 3964 1491 4034 Ad
1516 3964 1599 4038 haec
1648 3983 1738 4051 quoe
1758 3973 1843 4029 ⁸⁰¹1!
1865 3960 1943 4029 sine
1965 3960 2093 4033 timore
2105 3960 2172 4033 Dei
2196 3980 2232 4037 et
2253 3967 2333 4039 siue
2356 3967 2491 4037 fiducia.
2531 3958 2587 4071 bili

612 4068 744 4133 dorent
758 4063 797 4131 in
816 4056 872 4130 his
888 4061 1201 4144 insidiisdiaboli‚
1230 4086 1303 4133 non
1322 4088 1423 4153 posse
1439 4088 1505 4137 nos
1522 4093 1598 4136 mo·
1648 4056 1799 4158 λογικὸν
1824 4084 1899 4131 non
1929 4059 2103 4151 significat
2126 4059 2339 4155 hominem,
2379 4083 2419 4141 ut
2443 4066 2479 4137 in
2498 4059 2588 4172 scholi

611 4189 669 4234 res
686 4186 821 4254 regere,
846 4162 915 4232 uisi
932 4162 1062 4253 spiritu
1078 4160 1211 4237 Christi
1228 4166 1469 4254 gubernemur
1483 4184 1517 4241 et
1531 4170 1599 4240 lide
1650 4156 1829 4230 huminem
1846 4163 2062 4251 dfflcfibssnl.
2086 4166 2220 4237 animi
2237 4170 2425 4257 rationale,
2448 4168 2503 4240 sed
2515 4164 2589 4252 iiim·

611 4266 816 4339 resistamus
830 4265 987 4337 diabolo.
1233 4292 1237 4304 ·
1650 4262 1729 4334 licat
1750 4262 1983 4352 cogitantem,
2024 4281 2064 4338 ut
2084 4267 2130 4338 sit
2147 4266 2277 4367 λογικὴ
2298 4269 2466 4367 λατρεία,
2500 4270 2531 4337 iu
2546 4282 2589 4355 qut

1650 4365 1842 4455 cogitatur,
1868 4388 1930 4435 seu
1948 4366 2123 4455 cernitur,
2156 4393 2219 4443 seu
2239 4369 2514 4468 apprehenditur
2528 4364 2590 4435 Deos

965 4492 1103 4607 caput
1148 4499 1247 4585 xpp
1653 4489 1715 4551 per
1740 4468 1888 4537 serburn
1911 4465 2047 4567 ἄλογος
2067 4472 2190 4561 latria,
2217 4498 2300 4545 cum
2325 4478 2434 4546 corda
2454 4495 2520 4542 non
2538 4487 2590 4537 sen·

1651 4566 1746 4637 tiuut
1763 4568 1924 4639 timorem
1941 4568 2028 4661 Dei,
2055 4597 2128 4643 uon
2145 4575 2335 4665 eriguntur
2357 4579 2446 4663 tide,
2469 4594 2533 4645 non
2550 4588 2592 4637 oo·

718 4665 946 4760 Superiorem
966 4659 1150 4757 Epistulae
1180 4678 1315 4755 partem
1347 4666 1601 4739 collocabimus
1649 4683 1734 4739 runt
1752 4666 1889 4756 Deum,
1922 4671 2060 4744 etiamsi
2085 4678 2221 4767 egregia
2244 4702 2356 4767 opera
2379 4684 2541 4770 praestent
2556 4690 2592 4735 to·

617 4770 657 4840 in
681 4790 809 4860 genere
831 4765 1009 4848 iudiciali,
1050 4780 1212 4835 versatur
1246 4768 1341 4836 enirn
1365 4771 1602 4856 inducendo.
1650 4785 1733 4837 niatu
1754 4770 1921 4857 rationis,
1938 4796 2019 4843 cum
2039 4776 2181 4846 interim
2198 4781 2388 4865 dubitent,
2410 4768 2593 4869 snrupicisl

614 4868 806 4963 Sequentia
822 4869 954 4959 capito,
978 4883 1166 4958 quaesunt
1182 4868 1276 4937 velut
1300 4872 1477 4961 appendix
1502 4872 1599 4941 illius
1650 4895 1714 4941 uos
1727 4869 1842 4959 Deus,
1866 4899 1912 4943 un
1930 4877 2094 4949 exaudiet
2109 4895 2174 4949 etc.

548 5051 551 5056 ⁴
614 4970 877 5059 disputationis,
900 4968 1081 5058 pertinent
1096 4971 1139 5036 ad
1155 4991 1265 5058 genus
1282 4974 1493 5057 suasorium,
1515 4974 1597 5066 quia

699 5073 710 5089 .
1180 5073 1188 5089 .
1750 5022 1889 5099 Deinde
1912 5039 2068 5099 recenset
2094 5048 2298 5123 praecepta,
2340 5034 2379 5105 in
2402 5033 2524 5130 quibus
2547 5044 2592 5095 not

614 5084 798 5142 “munem
820 5084 1000 5159 praecipu
1031 5071 1076 5138 de
1099 5074 1267 5145 'mim‘
1342 5071 1414 5143 Nec
1435 5096 1526 5163 ⁰9⁰⁸
1547 5087 1598 5144 εει
1648 5126 1724 5194 sine
1740 5152 1864 5217 magna
1880 5152 1983 5199 causa
2000 5130 2115 5221 primo
2131 5131 2209 5203 loco
2227 5136 2365 5225 posuit,
2389 5150 2429 5207 ut
2441 5159 2518 5206 suae
2531 5127 2595 5224 quii·

1647 5251 1715 5319 que
1734 5230 1909 5300 vocationi
1928 5232 2076 5314 serviat,
2103 5246 2138 5304 et
2153 5230 2246 5304 nihil
2260 5236 2341 5307 sine
2357 5239 2465 5311 verbo
2478 5234 2535 5310 Dei
2552 5230 2595 5299 dt

1647 5342 1721 5400 ceat
1728 5379 1742 5416 ,
1769 5325 1863 5401 nihil
1877 5332 2047 5433 suscipiat
2061 5333 2138 5405 sine
2153 5339 2324 5412 mandato
2338 5337 2422 5413 Dei.

1743 1464 1819 1537 Nos
1834 1482 1954 1539 tamen
1970 1467 2077 1540 etiarn
2093 1472 2288 1562 partiemur
2301 1491 2491 1570 praecepta,
2512 1479 2576 1550 iuxta

1643 1566 1738 1638 vitae
1752 1590 1895 1658 genere.
1948 1566 1998 1644 Ut
2011 1571 2107 1641 enini
2123 1573 2193 1643 alia
2210 1588 2262 1646 est
2285 1575 2418 1667 privata
2437 1579 2514 1665 vita,
2534 1583 2577 1650 alis

1647 1670 1806 1758 publica,
1831 1695 1893 1742 seu
1911 1685 1951 1743 ut
1964 1669 2175 1766 Philosophi
2193 1677 2375 1770 appellant
2389 1679 2531 1769 politica,
2548 1683 2577 1753 its

1646 1771 1800 1863 duplicia
1823 1768 1881 1843 hic
1903 1789 2086 1867 praecepta
2105 1792 2200 1849 sunt.
2273 1776 2317 1848 ln
2339 1781 2529 1851 duodecimo
2544 1807 2578 1852 ca

1648 1873 1719 1963 pite
1741 1875 1865 1945 recitat
1889 1891 2072 1970 praecepta
2099 1879 2210 1968 magis
2236 1880 2283 1950 ad
2317 1881 2480 1972 privatam
2505 1884 2578 1954 vitan

1646 1975 1872 2065 pertinentis.
1936 1977 2096 2072 Sequens
2126 1994 2231 2073 caput
2254 1985 2299 2050 ad
2322 1982 2490 2074 politicam
2507 1987 2579 2055 vitan

1646 2077 1808 2168 pertinet,
1831 2083 1932 2150 docet
1948 2081 2043 2149 enim
2058 2103 2124 2151 nos
2136 2083 2181 2151 de
2195 2083 2411 2173 magistratu.
2442 2081 2579 2178 Caputll.

1647 2181 1690 2248 de
1711 2181 1886 2249 scandalis
1914 2183 2102 2268 admonet,
2143 2207 2190 2254 ne
2220 2185 2442 2257 offendamus
2462 2187 2581 2257 libertate

1647 2295 1765 2350 nostra
1780 2282 1975 2352 imbecilles
1989 2282 2124 2357 iratres.
2177 2277 2221 2355 In
2236 2288 2385 2380 reliquis
2407 2289 2526 2358 duobus
2541 2311 2581 2357 ca·

1647 2383 1781 2472 picibus
1802 2383 2014 2470 pollicetur,
2054 2399 2094 2456 ut
2120 2383 2161 2458 lit
2190 2386 2228 2456 in
2257 2389 2436 2481 epistolis,
2467 2391 2580 2460 olicino

1645 2507 1748 2554 suurn
1762 2479 1955 2572 Romanis,
1978 2499 2013 2562 et
2029 2488 2199 2561 adscribit
2214 2490 2453 2568 salutationes.

614 5169 674 5243 hic
702 5170 882 5243 subtiliter
919 5193 1088 5262 qrsaerere
1129 5173 1302 5242 rationem
1343 5175 1597 5264 dispositionis.

613 5272 697 5345 Non
712 5273 808 5342 enim
829 5273 977 5363 perinde
991 5267 1179 5344 cohaerent
1194 5277 1373 5358 rnernhra,
1398 5289 1440 5348 ut
1461 5276 1499 5345 iu
1524 5278 1597 5347 dis·

616 5374 818 5464 putatione,
838 5375 901 5443 sed
918 5372 1058 5463 singula
1074 5388 1276 5465 praecepte,
1301 5398 1415 5446 novae
1436 5379 1597 5467 proposi·
2614 5458 2615 5471 χ

612 5476 727 5544 tiones
747 5488 849 5556 sunt,
880 5490 940 5543 aut
962 5476 991 5543 si
1015 5476 1096 5569 quis
1118 5468 1188 5543 hoe
1211 5476 1367 5558 mavult,
1392 5478 1478 5547 novi
1501 5480 1596 5551 libri.
1649 5566 1652 5573 .
1748 5480 1874 5553 Postea
1896 5501 2220 5559 commemorantur
2245 5488 2344 5561 varia
2369 5490 2482 5561 officis
2503 5480 2595 5560 cerilt·

612 5574 659 5645 Et
676 5589 794 5645 temen
808 5576 836 5645 si
852 5576 935 5675 quis
950 5575 988 5645 in
1004 5591 1104 5646 tanto
1126 5598 1272 5659 acervo,
1298 5573 1505 5649 methodum
1528 5581 1596 5652 ali·
1645 5581 1710 5670 tis,
1736 5586 1835 5654 etad
1862 5601 2058 5657 extremum
2092 5585 2257 5679 prohibet
2278 5592 2487 5665 vindictam.
2550 5574 2595 5693 Ui}

612 5698 719 5767 quam
733 5691 793 5746 aut
812 5680 988 5750 rationem
1007 5691 1128 5746 tenere
1141 5676 1257 5765 eupit,
1282 5690 1322 5747 ut
1344 5678 1382 5748 in
1404 5702 1513 5769 psucs
1537 5706 1595 5753 ca·
1645 5684 1846 5757 meminerit
1867 5686 1994 5772 lector,
2020 5688 2192 5779 privatam
2217 5692 2415 5763 vindictam
2441 5684 2595 5797 prohibeo

523 5815 526 5822 ‚
612 5778 685 5868 pits
706 5780 886 5865 conferre,
926 5790 962 5849 et
985 5778 1114 5847 ordine
1136 5778 1465 5883 complecti-omnia
1492 5807 1594 5876 prse-
1645 5782 1735 5857 Nam
1756 5782 1992 5881 Evangeliurn
2014 5814 2087 5861 uun
2109 5788 2277 5885 prohibet
2299 5796 2492 5869 vindictam
2510 5785 2594 5875 legitt-
