5825 6950
577 674 653 752 eor
1184 665 1312 742 eutr.
1336 665 1455 744 sest.
1481 663 1693 742 semma
1722 629 2064 749 assuerim·
2349 770 2353 780 ⁴
2522 679 2584 752 su

679 844 787 940 Quod
812 858 931 917 autem
953 841 1118 914 nominat
1137 843 1232 912 lilios
1255 842 1461 931 adoptatos,
1494 841 1571 912 dis·
1605 843 1670 916 .de
1702 840 1978 932 glorificatione,
2012 864 2104 936 quae
2133 841 2294 940 sequitur
2316 841 2588 928 iustificationem.

579 951 696 1026 cernit
714 976 736 1022 a
758 945 903 1022 Christo
922 947 1080 1042 reliquos
1109 941 1269 1030 sanctos,
1306 942 1416 1036 idque
1443 943 1572 1014 discri-
1623 940 1676 1016 Et
1688 938 1772 1015 huic
1792 944 1871 1014 loco
1894 944 2064 1017 admiscet
2085 947 2366 1039 propositionem
2388 951 2431 1018 de
2449 951 2590 1026 afflictio-

578 1080 663 1126 mcn
680 1055 873 1126 tenendum
898 1063 969 1134 est,
1003 1065 1042 1120 ut
1065 1047 1216 1119 sciamus
1235 1041 1420 1117 Christum
1442 1059 1572 1118 nature
1624 1047 1751 1131 nibus,
1787 1047 1884 1139 quod
1908 1045 1970 1116 illa
1995 1073 2087 1117 nova
2111 1049 2316 1120 obedientia
2340 1063 2492 1124 versetur
2514 1055 2591 1126 inter

579 1158 696 1228 lilium
710 1151 778 1226 nei
789 1176 883 1237 esse,
908 1163 941 1221 et
957 1151 1139 1244 aequalem
1153 1147 1264 1238 patri,
1289 1161 1323 1248 et
1338 1150 1573 1220 consubstan-
1624 1147 1846 1233 afflictiones,
1862 1146 1946 1243 quia
1960 1164 2133 1242 repugnet
2147 1152 2259 1233 carni,
2274 1151 2418 1238 diabolp
2426 1167 2461 1226 et
2468 1157 2593 1244 mundo,

578 1259 719 1342 tialem,
742 1253 1016 1343 sicutscripturu
1030 1264 1097 1322 est:
1132 1248 1298 1320 Vidimus
1324 1249 1473 1339 gloriam
1497 1250 1573 1320 eius
1626 1244 1785 1335 horest,
1812 1250 1878 1322 toti
1896 1273 2006 1342 regno
2024 1252 2168 1344 pcccati.

579 1375 750 1452 tauquam
773 1355 948 1446 unigeniti
970 1378 992 1424 a
1013 1368 1113 1446 patre
1137 1364 1202 1422 etc.
1260 1349 1332 1423 Sed
1354 1353 1573 1424 sanctisunt
1727 1349 1835 1442 Quod
1850 1365 1968 1424 autem
1981 1349 2514 1442 dicit,cohaeredesChristi,ti
2529 1359 2595 1452 qui.

579 1462 774 1552 adoptione
788 1459 865 1540 lilii,
880 1457 964 1550 quia
979 1449 1314 1548 propterChristum
1329 1454 1461 1545 recepti
1479 1467 1573 1539 sunt,
1625 1455 1705 1524 dem
1722 1454 1830 1524 simul
1853 1455 2060 1547 affligimur.
2112 1454 2208 1528 llaec
2232 1457 2428 1548 propositio
2449 1459 2596 1534 describit

578 1578 615 1635 et
627 1566 808 1635 donantur
822 1555 957 1630 Christi
975 1557 1244 1642 donis,scilicet
1258 1556 1404 1649 spiritu,
1426 1570 1462 1627 et
1477 1579 1572 1626 nova
1624 1557 1885 1637 necessitatene,
1920 1558 2021 1652 quasi
2037 1558 2148 1630 dicat:
2182 1557 2331 1630 Necesse
2347 1574 2399 1634 est
2415 1559 2500 1652 peti,
2528 1585 2594 1632 cun

580 1667 675 1752 vita,
700 1663 872 1757 rapientia
891 1674 925 1731 et
943 1659 1082 1730 iusticia
1099 1673 1163 1734 etc.
1625 1673 1661 1732 et
1677 1653 1841 1760 Christus
1861 1682 1984 1752 passus
2007 1661 2064 1736 sit.
2122 1656 2173 1734 Et
2194 1660 2258 1733 illo
2281 1663 2391 1733 verbo
2415 1661 2596 1754 complecti-

1627 1773 1687 1832 tur
1718 1775 1828 1832 totam
1861 1785 1992 1834 novam
2011 1761 2272 1850 obedientiam,
2306 1777 2500 1835 versantem
2520 1765 2596 1835 inter

1627 1861 1849 1948 alllictiopet.
1897 1861 1971 1936 Nec
1991 1864 2172 1959 sequitur:
2210 1865 2249 1938 Si
2276 1867 2451 1957 patimur,
2482 1865 2596 1956 glorifi-

682 1965 807 2040 Donec
822 1963 1040 2034 conscientia
1056 1963 1132 2032 sine
1148 1963 1216 2033 lide
1232 1975 1303 2046 est,
1328 1961 1367 2030 iu
1383 1959 1576 2056 pavoribus
1628 1963 1809 2046 cabimur,
1836 1961 1932 2058 Ergo
1955 1978 2096 2038 nostrae
2118 1967 2330 2039 alllictiones
2355 1981 2438 2038 sunt
2462 1969 2596 2058 pretium

581 2070 873 2164 desperabunda,
914 2066 1005 2154 sugit
1029 2063 1166 2148 Deum,
1205 2065 1364 2149 dubitat,
1399 2088 1446 2133 an
1470 2086 1577 2132 erau—
1629 2066 1686 2134 vel
1703 2067 1871 2136 meritum
1893 2067 1986 2140 vitae
2011 2083 2184 2144 aeternae.
2237 2069 2298 2141 Sic
2322 2071 2419 2138 enim
2442 2071 2531 2140 lieret
2551 2069 2596 2138 iu·

582 2179 676 2258 diat,
700 2197 745 2242 an
766 2169 929 2259 respiciat
940 2185 1003 2242 etc.
1058 2165 1138 2236 Non
1155 2166 1297 2236 invocat
1311 2169 1436 2234 Deum.
1492 2163 1575 2234 ldeo
1630 2181 1723 2238 certa
1742 2167 1944 2261 promissio,
1960 2170 2043 2265 quia
2060 2194 2166 2241 nemo
2184 2185 2235 2242 est
2252 2171 2337 2242 satis
2353 2171 2496 2264 patiens,
2509 2194 2594 2241 nemo

582 2278 716 2351 Pacilus
733 2269 1012 2344 consolationem
1039 2282 1075 2339 et
1096 2268 1357 2341 invocationem
1379 2267 1576 2356 coniungit,
1629 2271 1798 2342 satisfacit
1819 2271 1901 2362 legi.
1953 2270 2042 2344 ltem
2060 2269 2194 2344 Paulus
2217 2273 2311 2343 clare
2333 2273 2467 2366 inquit:
2495 2269 2594 2342 Gratis

583 2397 619 2454 ct
650 2391 786 2450 tantum
809 2368 866 2444 his
892 2372 1041 2452 tribuit,
1077 2371 1140 2463 qui
1162 2371 1232 2438 iam
1258 2392 1320 2458 per
1340 2365 1577 2460 Evangelium
1630 2371 1754 2442 salvati
1775 2373 1868 2445 estis.
1921 2368 1970 2444 Et
1985 2369 2167 2446 Christus:
2193 2371 2331 2462 Dicite,
2357 2375 2450 2446 servi
2473 2367 2595 2444 inutiles

582 2485 653 2556 lide
673 2480 871 2566 eriguntur.
928 2472 1020 2543 Nam
1046 2497 1125 2542 cum
1146 2472 1213 2541 ait:
1248 2469 1450 2543 Clamamus
1473 2469 1577 2541 Abba
1630 2497 1763 2548 sumus.
1814 2469 1863 2545 Et
1877 2469 1952 2546 hic:
1984 2473 2067 2547 Non
2081 2488 2165 2548 sunt
2189 2478 2316 2567 dignae
2342 2477 2540 2548 afflictiones
2558 2477 2594 2544 ad

583 2587 708 2662 Pater,
729 2577 799 2649 hoc
815 2575 1009 2667 significat,
1036 2574 1111 2645 lam
1128 2574 1353 2662 agnoscimus
1367 2571 1482 2644 Deum
1505 2595 1579 2641 esse
1629 2577 1785 2646 futuram
1801 2576 1951 2665 gloriam
1965 2591 2030 2651 etc.
2081 2573 2130 2649 Et
2145 2578 2370 2667 Augustinus
2385 2579 2511 2671 iuquit:
2527 2574 2592 2646 Vita

584 2702 743 2782 patrem,
776 2692 809 2750 et
827 2703 908 2747 vere
924 2695 991 2746 nos
1007 2676 1194 2759 exaudire,
1228 2688 1262 2744 et
1282 2668 1348 2744 hec
1368 2675 1436 2744 fide
1458 2674 1578 2744 conci·
1630 2692 1771 2749 aeterna
1788 2678 1898 2749 nullis
1914 2671 2082 2750 humanis
2103 2681 2239 2750 meritis
2262 2682 2444 2759 redditur,
2468 2680 2524 2749 sed
2537 2670 2589 2748 Dei

584 2792 704 2884 pimus
720 2779 1018 2864 cumulationem,
1042 2790 1075 2848 et
1091 2777 1298 2847 invocamus
1312 2774 1440 2846 Deum.
1630 2778 1798 2850 donantis
1813 2780 1925 2872 gratia
1939 2780 2112 2872 largiente
2126 2783 2291 2856 donatur.
2343 2779 2537 2856 Retinenda
2553 2789 2593 2848 est

687 2883 786 2956 llaec
800 2884 886 2951 fides
908 2893 944 2950 et
970 2880 1105 2972 agnitio
1124 2879 1387 2948 misericordiae
1402 2876 1470 2947 Dei
1495 2877 1578 2948 lacit
1630 2881 1740 2972 igitur
1755 2876 2047 2964 haectententia,
2078 2886 2174 2978 quod
2200 2899 2320 2954 nostra
2343 2883 2535 2954 obedientia
2551 2877 2594 2947 vel

586 2989 732 3090 proprie
763 2983 954 3055 discrimen
987 2985 1082 3053 inter
1110 2976 1334 3052 Christianos
1367 2993 1402 3052 et
1438 2979 1579 3071 impios,
1629 2982 1840 3055 afflictiones
1854 3007 1928 3054 non
1945 2997 2030 3056 suot
2046 2985 2232 3069 meritum,
2264 2985 2323 3055 vel
2348 2985 2498 3077 pretium
2519 2983 2595 3050 ritae

586 3093 670 3190 quie
686 3091 725 3161 in
740 3085 860 3179 impiis
875 3099 1020 3154 manent
1035 3083 1209 3154 dubitatio
1228 3097 1264 3153 et
1287 3079 1488 3173 indig'natio
1515 3083 1577 3151 ad·
1630 3098 1804 3156 aeternae.
1855 3082 1926 3158 Sed
1943 3087 2040 3178 quod
2060 3085 2128 3155 fide
2145 3087 2253 3176 gratis
2274 3102 2420 3180 propter
2434 3081 2591 3158 Christum

584 3216 708 3266 versus
723 3189 851 3262 Deum.
905 3185 975 3258 Sed
998 3187 1034 3254 in
1057 3185 1283 3256 credentibus
1304 3186 1391 3253 fides
1411 3198 1465 3254 est
1485 3208 1578 3254 nova
1630 3187 1823 3258 elliciamur
1837 3187 1901 3258 lilii
1917 3199 1951 3258 et
1967 3182 2135 3258 haeredes
2151 3189 2243 3260 vitae
2256 3205 2436 3274 aeternae,
2466 3188 2510 3260 ita
2529 3209 2590 3256 me·

585 3296 720 3388 agnitio
740 3287 1096 3372 misericordiueDei,
1117 3299 1150 3356 et
1165 3299 1338 3378 repugnat
1352 3286 1579 3371 dubitationi,
1631 3303 1690 3360 net
1705 3289 1889 3360 certitudo.
2081 3375 2085 3382 Ι

586 3413 622 3470 et
650 3395 775 3469 statuit
803 3415 869 3463 nos
900 3413 982 3460 vere
1015 3401 1161 3481 propter
1187 3384 1370 3460 Christum
1407 3389 1578 3461 exaudiri.
1733 3388 1830 3482 Quid
1848 3390 1957 3482 igitur
1974 3389 2075 3483 ponit
2092 3388 2269 3462 conditio:
2297 3389 2338 3462 Si
2361 3385 2594 3485 compatimur?

586 3501 686 3572 Haec
701 3499 777 3590 ipse
793 3495 878 3564 fides
896 3506 947 3563 est
960 3493 1156 3563 consolatio
1175 3505 1209 3562 et
1225 3491 1434 3571 vivificatio,
1469 3504 1504 3561 et
1526 3504 1578 3559 te·
1631 3489 1865 3586 Respondeat
1899 3490 1983 3563 Non
2001 3492 2154 3583 pretium
2168 3507 2231 3564 aut
2250 3496 2438 3577 meritum,
2468 3494 2522 3565 sed
2543 3514 2592 3559 os·

587 3600 797 3680 stimonium
813 3596 969 3689 Spiritus
985 3593 1098 3664 sancti
1114 3594 1152 3661 in
1167 3593 1356 3677 cordibus,
1373 3595 1418 3661 de
1432 3617 1504 3686 quo
1519 3586 1579 3662 hic
1630 3596 1846 3688 cessitatem,
1876 3595 1959 3691 quia
1976 3594 2038 3665 illa
2052 3596 2256 3667 obedientia
2272 3610 2327 3669 est
2345 3597 2406 3667 illa
2421 3596 2490 3689 ipsa
2511 3591 2595 3663 novi·

587 3702 766 3798 loquitur:
802 3696 960 3789 Spiritus
988 3698 1050 3767 dat
1068 3694 1311 3766 testimonium
1336 3695 1478 3785 spiritui
1511 3718 1577 3763 no·
1631 3711 1703 3783 tas,
1745 3722 1814 3787 qua
1847 3697 2010 3767 incoatur
2038 3696 2077 3765 in
2109 3698 2339 3769 credentibus
2370 3698 2439 3769 vita
2466 3708 2596 3775 aeterua,

588 3822 685 3894 stro,
709 3804 834 3885 idest,
867 3798 1021 3889 Spiritus
1044 3810 1187 3867 sauctus
1209 3820 1272 3888 per
1294 3797 1442 3865 verbum
1456 3792 1577 3867 Evan·
1630 3798 1726 3870 iuxta
1741 3799 1855 3881 illud,
1882 3800 1918 3874 2.
1933 3794 2098 3872 Corinth.
2115 3796 2172 3874 5.:
2199 3797 2334 3872 Sinon
2355 3800 2441 3872 nudi
2461 3794 2596 3868 invenie·

589 3908 672 4000 gelii
689 3903 795 3975 elficit
811 3898 1090 3971 consolationem
1107 3899 1146 3967 in
1159 3899 1253 3967 veris
1270 3899 1475 3997 pavoribus.
1631 3924 1722 3972 mur.
1778 3897 1845 3970 Vel
1862 3912 1913 3971 est
1928 3900 2141 3987 necessaria,
2155 3915 2327 3998 tanquam
2343 3903 2483 3975 effectus
2497 3917 2594 3969 neces·

690 4002 823 4075 Davidi
837 4015 976 4093 peccata
992 4001 1138 4073 fuerunt
1149 4000 1314 4080 remissa,
1340 4022 1423 4089 crgo
1436 4000 1577 4070 nullum
1629 4002 1723 4072 sario
1737 4025 1889 4096 sequens
1904 4002 2203 4078 iustificationem.

588 4107 718 4182 habuit
732 4104 880 4175 mortale
896 4114 1088 4194 peccatum.
1115 4097 1223 4186 ltem,
1238 4097 1356 4172 David
1373 4103 1417 4171 ab
1433 4116 1577 4171 aeterno

588 4212 659 4283 luit
671 4207 875 4289 ordinatus,
906 4203 1202 4295 praedestinatus,
1234 4202 1328 4292 Ergo
1352 4204 1472 4273 omnia
1499 4229 1578 4295 pce·
1632 4168 1827 4243 Exsslim
1844 4178 1985 4289 ‘ulem’
2006 4164 2193 4340 gulam
2208 4180 2296 4289 ”ml
2313 4166 2595 4268 ⁶⁰”dld'nflil'05'

590 4327 667 4385 ceta
689 4312 835 4382 luerunt
856 4305 890 4375 ei
910 4305 1080 4390 venialia,
1113 4317 1148 4375 et
1167 4304 1308 4374 nullum
1333 4299 1457 4376 habuit
1481 4330 1578 4376 mor·
1871 4294 1994 4343 ”ms
2037 4281 2383 4369 '‘msl‘miwf'ssl‘·

590 4414 675 4487 tale.
731 4409 964 4502 Respondeu:
997 4405 1081 4476 Non
1109 4418 1161 4476 est
1192 4406 1422 4477 iudicandum
1451 4431 1579 4477 secun·
1736 4404 1896 4479 Instituit
1912 4420 2028 4479 autem
2043 4407 2297 4501 amplissimam
2313 4407 2593 4483 etornatissimam

591 4518 679 4589 dum
707 4512 915 4585 electionem
947 4510 1002 4577 vel
1028 4509 1406 4600 praedestinationem,
1439 4511 1500 4579 sed
1525 4535 1578 4581 se·
1632 4511 1932 4596 consolationem,
1972 4533 2079 4603 quam
2107 4512 2239 4602 poteris
2260 4512 2475 4603 distinguere
2496 4510 2530 4579 in
2547 4525 2593 4575 tex

591 4620 748 4691 cundum
770 4634 936 4705 praesens
954 4612 1113 4680 verbum.
1162 4608 1244 4680 Hoc
1267 4615 1369 4682 docet
1390 4611 1580 4695 Davidem,
1633 4626 1854 4705 argumenta.

592 4708 692 4815 quod
721 4716 934 4787 adulterium
966 4713 1011 4782 sit
1039 4723 1218 4803 peccatum
1250 4714 1418 4795 mortale,
1452 4729 1486 4784 et
1510 4714 1579 4783 nisi
1736 4712 1897 4783 Primum
1927 4723 2082 4782 sumtum
2114 4725 2166 4784 est
2193 4715 2239 4784 ab
2258 4714 2355 4787 exitu
2376 4710 2593 4786 afflictionum

592 4834 671 4911 agat
693 4817 964 4911 poenitentiam,
1001 4838 1075 4883 non
1101 4814 1294 4884 remittitur
1317 4816 1361 4886 ei.
1422 4815 1475 4886 De
1501 4840 1579 4905 pec·
1634 4831 1755 4909 estque
1773 4813 1889 4883 simile
1904 4810 2016 4883 locoa
2040 4814 2218 4905 praemiis.
2264 4813 2395 4905 lngens
2417 4812 2520 4905 gloria
2539 4829 2592 4877 no·

593 4937 671 4993 cato
701 4943 782 5008 ergo
816 4932 849 4987 et
882 4916 1020 4988 iusticia
1051 4929 1102 4987 cst
1133 4916 1363 4985 iudicandum
1387 4920 1580 4987 secundum
1634 4919 1690 4987 bis
1706 4920 1876 4987 reddetur
1893 4937 1958 5006 pro
1984 4910 2039 4985 bis
2059 4916 2332 5004 afflictionibus,
2361 4914 2453 5008 Ergo
2477 4910 2593 5009 patien-

593 5045 760 5115 pracsens
788 5020 953 5097 verbum,
995 5041 1070 5087 non
1096 5020 1291 5088 secundum
1314 5018 1521 5088 electionem
1547 5035 1581 5091 et
1635 5034 1688 5089 ter
1703 5030 1922 5111 expectemus
1939 5014 2071 5088 exitum
2088 5031 2122 5088 et
2137 5018 2395 5094 liberationem.

594 5123 814 5194 voluntatem
830 5144 903 5187 non
923 5119 1122 5190 revelatam.
1171 5120 1259 5189 lllae
1283 5121 1512 5210 cogitationes
1538 5125 1582 5193 dc

595 5221 918 5317 praedestinatione
955 5234 1037 5291 sunt
1073 5224 1332 5310 removendae,
1383 5246 1455 5292 non
1496 5246 1580 5294 con-

597 5337 732 5415 gruunt
748 5324 792 5393 ad
811 5320 1020 5391 sententiam
1036 5319 1160 5404 Pauli,
1193 5325 1256 5417 qui
1274 5325 1485 5415 pronunciat
1510 5348 1582 5396 esse
1739 5320 1946 5395 Secundum
1969 5337 2234 5414 argumentum,
2266 5327 2312 5396 ab
2339 5316 2590 5417 exemploCret·

597 5428 791 5498 secundum
806 5424 907 5496 istam
923 5424 1121 5496 doctrinam
1140 5426 1371 5496 iudicandum
1388 5439 1452 5496 etc.
1637 5438 1810 5495 terarum.
1870 5422 1962 5495 Tota
1979 5450 2096 5496 rerum
2119 5442 2244 5497 natura
2260 5429 2410 5499 subiecta
2425 5439 2590 5496 estcorru·

1639 5526 1774 5618 ptioni,
1799 5538 1832 5597 et
1849 5526 1975 5596 abusui
1993 5526 2183 5618 impiorum
2201 5529 2332 5601 interea
2353 5530 2461 5601 donec
2482 5526 2588 5593 libere·

1639 5630 1755 5710 bitur,
1780 5626 1874 5717 Ergo
1892 5640 1925 5696 et
1943 5650 2008 5697 nos
2024 5644 2245 5719 expectemus
2259 5632 2507 5701 liberationem.

700 5726 893 5825 Postquam
907 5728 1055 5798 tradidit
1069 5728 1289 5814 doctrinam,
1314 5730 1410 5823 quod
1425 5740 1586 5819 oporteat
1739 5724 1873 5823 Estque
1891 5723 1950 5799 bic
1968 5729 2131 5800 sublimis
2154 5734 2282 5827 aliquis
2305 5735 2342 5802 iu
2356 5730 2461 5803 Paulo
2482 5734 2587 5799 motus

601 5832 745 5905 existere
763 5852 890 5902 novam
906 5828 1165 5918 obedientiam,
1197 5832 1318 5904 atterit
1341 5830 1586 5920 gradationem
1639 5854 1710 5925 quo
1729 5831 1872 5903 intuens
1890 5825 2100 5903 horribilem
2116 5835 2358 5906 contusionem
2374 5833 2459 5904 vitae
2482 5822 2587 5900 huma·

760 1825 812 1899 In
827 1852 901 1928 quo
916 1823 1126 1897 clamamus
1142 1821 1251 1894 Atha
1267 1816 1394 1900 Pater.

1635 5183 1780 5259 Scimus
1795 5185 1903 5268 enim,
1921 5180 2149 5285 quodomm’s
2165 5195 2333 5260 creatura
2348 5182 2538 5285 ingemiscit
2545 5188 2592 5253 tlt.

787 5587 835 5663 Si
847 5585 1075 5683 autemfih'i,
1100 5600 1132 5661 et
1146 5585 1322 5663 haeredes
1335 5600 1401 5668 etc.
