5825 6950
291 940 293 1005 l

290 1090 292 1115 l

290 1195 291 1211 ι

289 1560 298 1917 l

290 1305 291 1327 ι
343 1265 449 1333 lectam
478 1287 553 1334 esse
573 1264 718 1336 diabolo
736 1280 771 1339 et
794 1265 921 1356 morti,
960 1282 1107 1360 propter
1129 1278 1310 1360 peccatum

352 684 416 762 660
478 681 577 759 xnt.
625 687 664 760 2.
697 679 1096 760 auuorartouus
1122 681 1177 757 ΙΝ
1200 679 1356 763 EPIST.
1381 681 1533 760 PAULI
1557 681 1625 760 au
1651 681 1919 764 ROMANOS.
1968 685 2077 766 CAP.
2104 685 2205 766 v111.
2280 689 2357 764 670

349 881 423 944 nae,
450 869 485 928 et
511 853 672 927 omniurn
702 879 825 930 rerum
854 856 1143 952 corruptionem,
1176 858 1312 946 caedes,
1501 871 1509 884 ·
1610 851 1685 957 Spe
1698 855 1797 930 enim
1812 855 2111 936 salvationum.

347 959 441 1040 bella,
467 959 657 1044 vastitates,
681 972 716 1030 et
735 973 872 1032 caetera
897 961 990 1031 mala
1013 961 1152 1032 mundi.
1202 957 1313 1033 Videt

346 1075 459 1156 quanta
473 1059 520 1131 sit
534 1059 691 1153 potentia
706 1063 858 1153 peccati,
891 1077 1022 1159 quanta
1046 1061 1208 1158 tyrannis
1232 1063 1312 1133 dia·

344 1162 421 1248 boli,
450 1175 484 1234 et
500 1185 606 1256 quam
622 1162 811 1253 indignum
826 1165 872 1236 sit
895 1181 1060 1236 naturam
1083 1189 1202 1236 rerum
1225 1166 1312 1236 snb-

1466 991 1644 1084 Quartnm
1672 1011 1921 1092 argumentum
1962 1025 1984 1072 s
2024 999 2231 1074 definitione
2263 1003 2352 1096 spei.

1362 1094 1452 1189 Spes
1468 1111 1518 1168 est
1533 1121 1655 1170 earum
1681 1122 1821 1186 rerum,
1852 1126 1944 1194 quae
1963 1105 2125 1175 nondum
2145 1118 2228 1177 sunt
2248 1128 2352 1198 prae-

1363 1211 1495 1270 sentes:
1521 1199 1592 1292 Spe
1607 1199 1696 1272 salvi
1711 1201 1794 1272 lacti
1809 1225 1949 1289 sumus,
1973 1205 2009 1276 iel
2028 1220 2097 1290 est,
2131 1229 2193 1298 spe
2209 1205 2351 1279 liberati

1362 1323 1486 1371 sumus
1501 1324 1520 1370 a
1535 1316 1647 1372 morte
1662 1316 1696 1373 et
1724 1303 1893 1376 omnibus
1915 1307 2037 1392 malis,
2071 1303 2166 1398 Ergo
2187 1309 2350 1380 nondum

1363 1416 1504 1492 praesto
1521 1417 1572 1473 εει
1589 1403 1649 1474 illa
1667 1404 1831 1476 liberatio
1848 1423 1996 1480 amorte
2013 1425 2047 1484 et
2070 1409 2215 1480 caeteris
2236 1411 2351 1486 malis.

423 1511 494 1586 Hie
509 1515 672 1608 primum'
687 1517 967 1590 considerandus
987 1532 1038 1590 est
1064 1519 1210 1591 allectus
1232 1517 1311 1611 pio-
1470 1500 1541 1574 S‘d
1573 1499 1630 1574 000
1650 1510 1892 1599 010000000οΠ0
1916 1525 1987 1592 ⁸⁸¹·
2020 1535 2066 1580 00
2088 1535 2162 1580 000
2187 1511 2223 1580 00
2246 1535 2351 1604 lm·

341 1617 454 1690 mi„
469 1619 571 1688 omni
587 1619 792 1696 ,fflicfiom'
827 1619 1312 1707 Moracmc122205m0„02
1362 1605 1475 1674 sentia
1492 1605 1602 1676 simus
1623 1608 1764 1678 liberati
1781 1633 1800 1679 a
1818 1611 1985 1701 peccato?
2018 1609 2249 1705 Respondeo:
2278 1609 2351 1683 lm-

339 1720 507 1814 quodum,
523 1722 915 1812 providemmmodum
932 1722 1166 1799 fibmfionpffl
1208 1722 1311 1810 lum,
1363 1707 1521 1798 putative
1550 1731 1672 1779 sumus
1705 1709 1743 1778 in
1776 1714 1972 1802 praesentia
2003 1715 2085 1784 iusti
2109 1729 2142 1785 et
2167 1715 2350 1788 liberatio

339 1827 526 1894 bemmnse
546 1837 709 1895 crescunt
728 1826 880 1898 assidue.
935 1825 998 1898 Sic
1020 1825 1126 1895 etiam
1146 1826 1311 1896 crocian·
1363 1821 1518 1898 0000000·
1571 1807 2350 1902 3000000000000000000310000οΜ

342 1362 489 1441 bominis.

293 1922 297 1973 !
339 1923 504 1996 ,Μῑωῑ
529 1915 841 2016 Ρι,,ῃ,ῃ·[,,,ι,ιῑ,,
863 1949 970 2010 um,
1000 1949 1081 1996 mm
1104 1928 1229 1998 videm
1252 1927 1311 1996 in.
1362 1933 1433 2002 quo
1450 1933 1572 2010 sumus
1587 1912 1725 1985 liberati
1741 1913 1779 1982 in
1795 1937 1876 2006 spe,
1902 1917 1940 1987 id
1957 1931 2027 1999 εει,
2062 1917 2352 2011 speramusinte-

292 2308 297 2347 ι
422 2278 508 2352 Sire
539 2279 650 2368 igitur
677 2279 834 2370 privatae
862 2277 1073 2350 afflictiones
1102 2293 1203 2364 sunt,
1234 2301 1310 2350 srve

293 2438 297 2457 .
337 2383 454 2476 publica
481 2405 589 2452 causa
620 2381 800 2468 dolemus,
831 2379 998 2474 proponit
1029 2381 1308 2451 consolationem
1359 2413 1552 2490 bahem⁸
1580 2419 1824 2491 mmmmm
1851 2439 1918 2516 ,pec

290 2916 297 2929 ·
337 2917 389 2964 oon
402 2892 612 2964 conceditur
625 2891 657 2960 ei
674 2892 786 2976 vitae,
811 2891 921 2977 lucis,
955 2903 1017 2961 aut
1032 2889 1183 2962 aliarum
1207 2913 1305 2961 crea·

338 2028 433 2116 protis
451 2026 611 2117 pericula
627 2023 823 2113 Ecclesiae,
854 2043 889 2100 et
911 2029 1035 2099 vident
1056 2027 1195 2101 differri
1218 2030 1310 2100 libe-
1361 2033 1459 2100 80000
1491 2013 1699 2087 0000000000·
1756 2014 1841 2087 0000
1871 2019 1985 2112 000000
2009 2015 2125 2090 00000
2147 2017 2351 2091 0000000000

338 2130 510 2213 gastonem,
534 2141 570 2198 er
584 2151 739 2200 „tmere
753 2131 858 2200 mal„
1364 2113 1590 2199 infirmitate,
1624 2129 1659 2186 et
1680 2139 1885 2190 exercemur
1907 2123 2103 2192 terroribus
2128 2121 2281 2214 peccati,
2316 2143 2351 2194 et

1253 2221 1280 2298 ,“
1361 2214 1440 2284 aliis
1462 2215 1726 2290 afflictionibus.
1778 2217 1847 2289 Sed
1873 2223 1967 2293 inter
1989 2221 2053 2293 bas
2074 2245 2260 2292 aerumnas
2280 2224 2351 2294 eri-

1360 2338 1521 2406 gerenos
1536 2319 1704 2390 debemur
1722 2331 1755 2388 et
1772 2333 1945 2410 statuere,
1971 2328 2068 2420 quod
2090 2325 2127 2394 in
2151 2325 2349 2416 praesentia

338 2483 539 2574 rbexemplo
554 2483 643 2552 coeli
658 2498 692 2555 et
707 2495 840 2565 terrae,
867 2496 901 2555 et
916 2483 1025 2556 totius
1039 2496 1199 2565 naturae,
1216 2506 1307 2576 quae
1358 2519 1455 2591 fiune
1472 2521 1583 2592 ,imus
1599 2523 1700 2609 ium,
1727 2537 1761 2594 et
1775 2439 2350 2619 placeanffiti'fflnssrggtgfflffi

338 2601 374 2706 in
393 2587 550 2708 ”ibim
579 2585 709 2704 ”imni
731 2584 938 2705 impim'im'
997 2583 1161 2706 Tymimi
1185 2598 1307 2706 imin
1351 2635 1461 2697 tium·
1515 2622 1616 2697 Sicut
1631 2647 1736 2717 supra
1760 2625 1896 2720 inquit:
1932 2629 2112 2702 lustificati
2135 2630 2205 2700 lide
2227 2653 2349 2724 pacem

338 2713 483 2780 superea,
518 2685 628 2786 lmprr
640 2688 813 2772 fruuntur
828 2689 957 2779 opibus
979 2690 1127 2767 munds,
1149 2681 1305 2758 Ecclesia
1356 2717 1540 2800 pubem·

336 2815 417 2873 '³1⁰2
441 2791 664 2861 0000000000
680 2788 801 2860 mia
815 2789 959 2860 ‘mdiu
974 2803 1075 2870 ‘⁰¹¹¹'
1096 2790 1306 2872 ‘midam‘
1457 2839 1507 2915 Et
1539 2837 1598 2914 bic
1626 2843 1785 2915 cernitur
1808 2845 1957 2938 insignis
1983 2847 2185 2921 differentia
2208 2848 2289 2921 fidei
2314 2864 2348 2922 ει

1355 2943 1441 3036 spei.
1476 2943 1581 3015 Fides
1597 2945 1634 3013 in
1650 2948 1845 3037 praesentia
1861 2951 1986 3042 accipit
2004 2951 2246 3022 remissionem
2263 2975 2348 3044 pec·

1354 3059 1536 3132 catorum,
1563 3061 1597 3119 et
1612 3047 1882 3138 imputationem
1899 3053 2067 3124 iustitiae.
2120 3051 2208 3145 Spes
2228 3067 2346 3124 autem

1354 3147 1451 3218 aliud
1482 3149 1660 3219 obiectum
1691 3143 1818 3241 babet,
1851 3153 2033 3238 videlicet,
2066 3167 2223 3248 expectat
2250 3156 2345 3228 inte·

1353 3271 1452 3340 gram
1471 3250 1731 3321 liberationem.

1455 3363 1509 3438 Ac
1525 3370 1569 3439 de
1585 3391 1645 3462 spe
1665 3371 1851 3464 praecipue
1867 3367 1953 3443 baec
1977 3375 2048 3446 duo
2071 3377 2222 3446 tenenda
2247 3390 2343 3451 suut.

1353 3466 1538 3553 Primum,
1564 3474 1660 3563 qnod
1676 3474 1720 3544 sit
1736 3490 1979 3567 praeceptum,
2006 3500 2146 3570 sperare
2160 3478 2269 3549 vitam
2284 3502 2343 3549 ae·

336 3009 471 3066 torsmm
487 3015 590 3066 usus.
640 2989 734 3064 Sunt
748 3005 866 3065 autem
882 2993 1047 3063 conditae
1064 3016 1135 3077 res,
1166 3007 1207 3063 ut
1231 3014 1306 3062 ser·

335 3099 410 3168 siant
436 3097 509 3188 piis
539 3095 585 3164 ad
615 3093 765 3183 gloriam
786 3091 866 3171 Ilei.
924 3092 1048 3183 Quare
1069 3117 1150 3164 cum
1173 3093 1305 3165 sintin

337 3195 479 3270 horribili
500 3198 640 3281 abusu,
676 3209 709 3266 ει
732 3211 879 3289 propter
898 3209 1082 3288 peccatum
1106 3191 1209 3267 Adae
1232 3195 1304 3266 sint

337 3303 488 3372 subiectae
506 3298 751 3391 corruptioni,
783 3311 969 3394 expectant
982 3309 1018 3368 et
1034 3297 1110 3390 ipse
1124 3313 1305 3371 creaturae

334 3403 574 3477 liberationem.

291 3555 297 3602 ²
409 3554 474 3631 Eli
497 3556 612 3646 080000
631 3550 719 3626 0000
735 3554 951 3641 000001000οι
976 3553 1127 3629 offiium
1145 3558 1188 3623 ’00
1210 3566 1303 3625 lem
1352 3584 1499 3643 ternam.
1549 3570 1641 3643 Nam
1658 3576 1717 3668 qui
1735 3600 1808 3647 uon
1824 3592 1980 3670 expectat
2001 3580 2192 3671 promissa,
2227 3580 2256 3649 is
2278 3604 2344 3651 ne·

335 3662 484 3733 sustinent
498 3661 628 3749 ingens
643 3680 752 3741 onus,
774 3656 910 3729 scilicet
924 3659 1076 3729 abusum
1095 3654 1302 3748 impiorum,
1352 3687 1410 3767 gar
1432 3672 1548 3745 neum
1571 3699 1727 3745 veracem
1750 3701 1836 3751 ως,
1899 3679 1982 3750 1d00
2004 3694 2043 3751 ut
2065 3682 2244 3753 tribuam„
2265 3680 2344 3755 Deo

334 3777 490 3835 rttsmen
515 3773 702 3850 expectaui
723 3758 990 3843 liberellmlems
1021 3754 1119 3851 3¹8⁰
1143 3780 1210 3827 ¹¹⁰⁸
1229 3780 1301 3829 000
1352 3777 1466 3864 gloria
1497 3776 1675 3857 veritatis,
1704 3788 1858 3849 'necesse
1896 3794 1947 3850 est
1982 3804 2121 3873 sperare
2156 3782 2341 3874 promissa.

334 3866 530 3953 0000000000
559 3856 622 3932 000
643 3884 848 3931 0000000000
871 3883 1079 3946 00000000οε
1113 3872 1149 3931 00
1170 3860 1302 3931 000000·
1351 3876 1544 3949 Sciendum
1563 3892 1613 3948 est
1630 3892 1870 3970 autem,spem
1887 3904 1961 3951 non
1978 3906 2052 3953 esse
2068 3884 2341 3967 dubitationem,

335 3990 394 4037 nos
406 3989 562 4038 moram:
589 3962 653 4035 etsi
670 3962 765 4031 enim
782 3963 948 4064 differtur
969 3960 1154 4049 liberatio,
1182 3974 1301 4033 tamen
1351 3982 1411 4053 „d
1427 4002 1627 4073 repugnare
1641 3980 1877 4065 dubitationi,
1904 3996 2050 4079 ,amque
2069 3985 2221 4057 vinem,

332 4070 497 4163 00000000
515 4064 833 4155 0000080000000·
1452 4097 1522 4171 Sed
1551 4099 1697 4171 obiiciat
1726 4100 1875 4195 aliquis,
1915 4096 2079 4191 Agnosco
2106 4120 2341 4197 praeceptum,

287 4189 292 4218 Ι
406 4186 544 4290 Paulus
558 4232 611 4289 est
626 4235 712 4286 usus
727 4216 919 4285 admodum
930 4214 1298 4305 significantibusver.
1351 4203 1410 4271 scd
1427 4202 1624 4295 requiritur
1638 4198 1797 4273 conditio
1813 4205 2042 4291 meritorum,
2074 4230 2135 4278 seu
2157 4207 2341 4295 dignitatis

286 4393 290 4406 ,
333 4314 388 4403 lit,
407 4336 442 4393 et
456 4320 546 4391 iecit
559 4311 874 4411 prosopopoeiam,
900 4312 1069 4389 Creatura
1092 4341 1165 4389 una
1190 4320 1299 4407 gemis
1348 4319 1505 4388 nostrae,
1524 4326 1570 4373 an
1586 4304 1690 4374 etiam
1709 4304 1847 4395 indigni
1863 4329 2002 4397 sperare
2019 4307 2167 4378 salutem
2185 4306 2340 4378 debent?

285 4425 291 4512 ἐ
334 4423 528 4511 etparturit.
577 4418 645 4491 His
659 4418 778 4490 verbis
795 4417 969 4507 significat
989 4429 1167 4490 creaturas
1189 4420 1298 4491 susti·
1347 4402 1445 4475 Hm
1459 4404 1617 4498 (1000000
1633 4405 1820 4497 l’ffllssllffle
1836 4420 1969 4477 fflfoel
1992 4408 2150 4492 000000,
2176 4421 2209 4478 ‘i
2234 4432 2340 4478 ‘¹⁰¹¹-

333 4542 396 4591 nere
408 4523 598 4608 iniuriam,
629 4522 690 4591 sed
713 4520 817 4590 dolor
836 4520 939 4591 istius
961 4519 1115 4591 iniuriae
1135 4521 1299 4612 pervenit
1347 4507 1389 4579 lit
1413 4529 1524 4597 wem·
1583 4502 1680 4576 Haec
1702 4530 1770 4579 vox
1796 4523 1848 4580 est
1872 4532 1938 4577 vox
1961 4508 2065 4597 legis,
2098 4522 2130 4578 et
2156 4504 2337 4599 chirogra-

334 4622 583 4709 aduersariam,
605 4624 645 4692 in
661 4646 766 4715 qoam
782 4622 890 4693 simut
905 4622 1069 4693 saeviunt
1083 4622 1205 4715 impii,
1220 4646 1298 4694 sae-
1345 4603 1458 4727 phura
1474 4608 1513 4675 in
1534 4606 1713 4678 mentibus
1728 4610 1878 4727 narrata,
1902 4612 1996 4729 qupd
2015 4609 2169 4727 'damnat
2190 4632 2274 4693 nos.
2298 4632 2337 4680 ae

337 4722 448 4799 vientes
476 4729 519 4797 in
550 4737 745 4796 creaturas:
784 4735 824 4794 ut
855 4747 935 4794 cum
965 4723 1108 4818 tyranni
1140 4737 1176 4794 et
1194 4724 1297 4817 impii
1346 4704 1511 4803 1>r0i¹¹bt³t
1527 4730 1687 4799 ‘P‘ffl'es
1710 4732 1793 4803 q¹¹¹³
1811 4732 1932 4780 ⁸⁰¹¹⁸¹¹⁵
1948 4712 2099 4801 ¹⁰d¹8⁰¹·

334 4830 453 4921 rapiunt
466 4841 668 4910 creaturas,
694 4839 728 4897 et
745 4838 1007 4919 persequuntur
1021 4818 1230 4901 Ecclesiam.
1448 4826 1513 4899 Est
1530 4826 1640 4918 igitur
1657 4820 1744 4897 baec
1757 4826 1909 4898 secunda
1926 4830 2088 4898 doctrina
2105 4825 2254 4899 maxime
2272 4848 2335 4897 ne-

1345 4930 1514 5013 cessaria,
1540 4927 1718 5019 videlicet,
1742 4929 1925 5001 sciendum
1940 4941 1991 5000 est
2005 4928 2078 5023 spei
2092 4952 2230 4999 causam
2251 4951 2337 5014 esse,

1345 5054 1421 5101 non
1445 5030 1570 5101 merita
1597 5044 1737 5111 nostra,
1763 5054 1827 5101 nec
1845 5030 2051 5120 dignitatern
2070 5047 2245 5115 nostram,
2272 5030 2332 5098 sed

1344 5130 1533 5223 gratuitam
1559 5130 1829 5223 promissionem
1846 5127 1991 5206 Christi.
2042 5130 2254 5205 Mandatum
2271 5142 2334 5215 est,

412 5239 574 5312 Tertium
590 5236 637 5307 ab
654 5232 814 5324 exemplo
830 5228 1097 5325 Apostolorum.
1139 5228 1215 5303 Nos
1231 5232 1295 5327 qui
1316 5221 1320 5290 Ι
1344 5248 1385 5305 ut
1409 5256 1591 5330 speremus
1615 5234 1785 5317 salutem,
1811 5247 1845 5305 et
1864 5234 2069 5303 mandatum
2094 5249 2165 5315 est,
2195 5246 2234 5303 ut
2258 5254 2332 5302 non

335 5342 559 5415 excellentiora
586 5340 679 5408 dona
710 5328 901 5420 habemus,
932 5332 1149 5424 affligimur?
1180 5334 1294 5405 lucta·
1315 5319 1321 5415 l
1345 5349 1492 5433 propter
1507 5347 1663 5405 nostram
1684 5335 1911 5425 dignitatem,
1940 5336 2000 5405 sed
2024 5336 2131 5425 gratis
2152 5354 2332 5427 speremus

335 5466 397 5514 nur
409 5468 486 5517 tum
499 5436 713 5515 conscientia
727 5447 952 5529 peccatorum
962 5448 1179 5515 nostrorum,
1193 5458 1293 5505 scan-
1345 5450 1491 5527 propter
1507 5430 1703 5531 Christum,
1719 5434 1801 5531 quia
1818 5438 1889 5505 vita
1908 5450 2048 5505 aeterna
2068 5436 2172 5506 datur
2188 5446 2334 5525 propter

377 5064 445 5141 Sed
455 5076 487 5139 et
501 5088 571 5137 nos
586 5060 663 5161 ipsi
670 5060 863 5160 primitias
876 5059 1033 5160 spiritus
1047 5054 1234 5139 habentes.

285 5545 286 5638 l
335 5544 491 5632 dslomm,
514 5566 596 5617 cum
610 5538 807 5612 terroribus
820 5536 1071 5617 diaboli,cum
1088 5535 1294 5609 infirmitate
1345 5532 1528 5607 Christum
1554 5536 1730 5623 credenti,
1767 5560 1840 5608 uon
1863 5550 2007 5628 propter
2036 5536 2241 5627 dignitatem
2265 5556 2331 5602 no·

285 5721 286 5730 .
334 5660 449 5733 nostra,
471 5672 550 5721 cnm
566 5640 720 5718 externis
735 5637 902 5729 periculis
921 5651 957 5709 et
977 5637 1293 5729 persecutionibus,
1343 5652 1465 5712 stram.
1514 5632 1612 5727 Ergo
1634 5638 1771 5708 etiamsi
1792 5660 1914 5710 sumus
1933 5638 2092 5729 indigni,
2117 5650 2234 5709 tamen
2251 5654 2331 5725 spes

336 5756 578 5840 despectamus
600 5740 863 5815 liberationem.
922 5736 1043 5828 Quare
1064 5761 1128 5811 vos
1148 5744 1292 5835 quoque
1341 5740 1494 5831 gratuita
1524 5738 1677 5811 tenenda
1698 5752 1768 5831 est,
1809 5753 1845 5812 et
1873 5741 2093 5829 agnoscenda
2124 5734 2330 5827 indignitas.

336 5852 501 5939 speretis
1342 5836 1460 5936 Atmse
1490 5837 1540 5911 ita
1570 5839 1798 5937 accipiendae
1829 5854 1914 5915 sunt
1950 5840 2147 5915 sententiae
2179 5838 2225 5910 de
2254 5855 2327 5931 spe.
