5825 6950
350 663 413 738 tat
522 661 626 742 Xlll.
675 668 712 742 2.
737 663 1106 748 COMMENTARII
1129 669 1182 746 tn
1206 664 1359 750 Ettsr.
1385 663 1534 746 PAULI
1555 662 1625 740 ΑΙ)
1650 659 1916 744 ROMANOS·
1968 665 2071 754 CAP.
2097 675 2194 754 XlV.
2298 688 2373 764 738

432 835 615 910 Secundo:
649 836 843 936 Postquam
878 840 1114 928 dictumest,
1153 847 1323 940 quaesit
1375 856 1480 913 vocat
1503 863 1642 914 aurum.
1691 833 1767 911 Alii
1788 840 1919 914 addent
1941 843 2106 936 stipulas,
2133 849 2170 922 id
2194 866 2262 940 etl.
2290 859 2371 950 opi-

340 965 415 1012 sera
433 935 609 1025 Ecclesia,
647 941 719 1012 iam
742 945 947 1014 addendum
976 960 1046 1026 est,
1078 945 1174 1018 banc
1201 974 1321 1019 veram
1373 943 1505 1014 niones
1523 943 1787 1028 incommodas,
1814 953 1847 1012 et
1871 942 2008 1032 aliquid
2033 953 2163 1022 erroris
2187 949 2369 1054 hahentes,

336 1041 541 1126 Ecclesiam,
573 1065 663 1136 quae
689 1058 740 1115 est
770 1046 914 1136 exigua,
946 1071 988 1116 ac
1020 1061 1158 1118 tantum
1181 1065 1320 1121 sancto·
1373 1047 1464 1116 sicut
1480 1047 1585 1117 initio
1600 1044 1719 1116 statim
1736 1044 1900 1114 conditae
1914 1062 1998 1118 sunt
2010 1057 2251 1146 ceremoniae,
2277 1085 2368 1156 quae
2500 1041 2503 1051 ¹

336 1168 428 1223 rum,
462 1145 616 1214 retinere
643 1169 761 1215 veram
787 1149 986 1217 doctrinam
1011 1147 1220 1240 Evangelii,
1258 1176 1320 1224 sen
1372 1171 1489 1218 secum
1509 1159 1690 1218 traxerunt
1714 1145 1819 1216 falsas
1832 1147 2034 1237 opiniones.

336 1244 498 1316 articulos
520 1245 621 1330 lidei,
655 1248 745 1319 sicut
770 1245 905 1320 Paulus
930 1275 1008 1320 eam
1041 1269 1161 1337 vocat,
1201 1257 1318 1326 sedem
1475 1249 1524 1322 Ut
1547 1245 1780 1318 Ambrosium
1802 1246 1965 1320 existimo
1995 1275 2069 1323 esse
2100 1280 2223 1330 verum
2253 1287 2365 1334 mern·

335 1347 498 1418 veritatis.
549 1346 620 1418 Seu
644 1343 731 1420 haec
755 1349 832 1446 ipsa
855 1376 938 1422 vera
956 1348 1114 1426 Ecclesia
1132 1351 1236 1428 hahet
1253 1360 1318 1427 do·
1371 1351 1476 1422 hrum
1492 1349 1693 1436 Ecclesiae,
1719 1349 1749 1420 is
1768 1363 1884 1419 tamen
1911 1351 2027 1446 iuquit
2051 1358 2095 1427 de
2117 1357 2252 1432 ieiunio
2276 1390 2365 1458 qua-

334 1451 479 1522 ctrinam
501 1449 589 1519 alias
613 1452 746 1540 magis,
771 1452 858 1522 alias
879 1455 999 1525 minus
1025 1480 1150 1547 puram
1176 1472 1211 1530 et
1236 1483 1315 1551 per.
1369 1454 1604 1543 dragesimae:
1632 1450 1775 1524 Caetera
1794 1449 1925 1522 ieiunia
1944 1470 2027 1525 sunt
2047 1459 2261 1546 voluntatis,
2294 1460 2362 1536 boc

332 1553 500 1646 spicuam.
566 1549 684 1624 Habet
708 1568 743 1625 et
766 1557 879 1626 multa
904 1557 1044 1628 inhrma
1067 1561 1244 1644 membra,
1277 1575 1319 1632 ut
1370 1555 1585 1628 necessitatis
1607 1568 1668 1626 est.
1735 1551 1832 1624 Haec
1862 1555 1985 1648 opinio
2009 1572 2059 1631 est
2080 1562 2212 1656 stipula
2239 1567 2360 1638 addita

332 1653 494 1745 Apostoli
517 1667 617 1724 erant
633 1651 812 1748 Ecclesia,
838 1681 904 1728 nec
927 1671 1047 1730 tamen
1071 1661 1317 1754 intelligebant
1369 1659 1551 1754 doctrinae
1570 1655 1664 1729 lidei.

331 1772 405 1826 snte
421 1752 556 1828 Christi
572 1759 889 1844 resurrectionem,
913 1761 1017 1854 quale
1040 1776 1129 1834 esset
1153 1766 1314 1835 luturum
1470 1758 1541 1830 Sed
1569 1755 1724 1828 Basilius
1748 1756 1886 1830 addidit
1908 1755 2160 1852 Muuasticen,
2187 1779 2356 1863 tanquam

330 1881 474 1948 regnum
491 1853 641 1932 Christi.
691 1859 816 1931 Petrus
838 1865 943 1932 etiarn
966 1877 1046 1953 post
1061 1867 1181 1936 datum
1198 1865 1314 1958 Spiri·
1368 1858 1536 1954 stipulas,
1563 1873 1597 1930 et
1619 1861 1738 1932 laudat
1762 1855 1830 1930 hoc
1851 1881 1962 1948 genus
1983 1864 2076 1934 vitae
2100 1868 2301 1942 immodicis
2324 1889 2359 1945 et

331 1975 399 2032 tum
427 1972 591 2030 sanctum
619 1957 736 2032 adlsuc
765 1963 1047 2052 imaginabatur,
1073 1968 1189 2041 cultus
1226 1970 1313 2057 legis
1367 1963 1463 2032 falsis
1485 1962 1702 2055 praeconiis,
1738 1986 1819 2032 cum
1848 1962 1992 2053 quidem
2023 1967 2068 2034 ab
2090 1965 2269 2064 Episcopo
2292 1999 2357 2048 suo

328 2063 541 2131 necessarios
557 2084 649 2146 esse,
675 2067 735 2134 sed
755 2067 800 2133 de
822 2066 922 2134 coelo
939 2069 1164 2154 admonitus,
1188 2071 1315 2141 didicit
1367 2062 1697 2156 reprehenderetur.
1755 2062 1862 2152 Quod
1878 2077 1995 2134 autern
2012 2091 2086 2136 non
2103 2071 2149 2141 sit
2167 2071 2244 2143 leve
2260 2098 2357 2147 arm.

327 2187 473 2253 regnum
497 2158 634 2234 Christi
652 2188 725 2235 non
752 2190 826 2238 esse
848 2167 1008 2257 politiam
1026 2167 1228 2258 Iudaicam,
1253 2175 1314 2243 sed
1368 2181 1464 2254 tum,
1496 2167 1681 2238 instituere
1702 2188 1814 2235 novos
1836 2164 1970 2250 cultus,
2002 2191 2105 2260 saepe
2126 2190 2247 2247 monet
2268 2177 2355 2248 scri-

326 2269 438 2338 cultus
455 2264 657 2357 spirituales
670 2291 711 2338 sc
728 2281 935 2361 perpetuos,
961 2265 1039 2342 Act.
1055 2274 1093 2345 9.
1367 2284 1488 2360 ptura,
1515 2284 1549 2340 et
1567 2271 1650 2340 satis
1667 2267 1838 2356 significat
1857 2262 1941 2336 haec
1956 2291 2027 2338 nna
2042 2275 2235 2346 sententia:
2262 2275 2355 2350 Fru-

421 2367 550 2437 Postea
582 2367 722 2440 incoata
755 2371 1018 2463 praedicatione
1048 2370 1314 2465 Apostolorum,
1365 2385 1435 2441 stra
1454 2373 1578 2442 colunt
1600 2395 1656 2440 me
1679 2368 1854 2442 mandatis
1878 2363 2076 2441 hominum.
2129 2371 2249 2448 Grave
2272 2403 2354 2470 pse.

325 2469 464 2541 lncebat
500 2470 540 2537 iu
567 2469 654 2562 ipsis
685 2473 847 2544 doctrina
878 2496 964 2565 pura
988 2488 1023 2545 et
1046 2478 1248 2567 perspicua,
1278 2491 1313 2548 et
1365 2488 1482 2543 catum
1518 2487 1571 2544 est
1609 2486 1731 2544 contra
1767 2471 1921 2562 primum
1957 2489 2199 2567 praeceptum,
2238 2482 2355 2553 cultus

324 2587 440 2642 tamen
465 2569 600 2642 interca
623 2588 725 2645 erant
754 2574 861 2646 multi
894 2574 1051 2668 inin-mi,
1089 2579 1152 2670 qui
1173 2581 1310 2651 tametsi
1365 2601 1439 2646 non
1467 2577 1651 2646 mandatos
1684 2597 1702 2642 a
1733 2569 1809 2642 Deo
1840 2573 2024 2644 instituere
2053 2591 2115 2648 aut
2144 2583 2354 2671 approbare.

323 2687 437 2744 esseut
452 2695 534 2742 vera
551 2677 708 2744 membra
724 2671 923 2764 Ecclesiae,
948 2692 982 2748 et
997 2692 1158 2751 tenerent
1176 2682 1310 2752 artico·
1365 2677 1454 2748 Nam
1480 2679 1636 2770 primurn
1660 2689 1902 2770 pracceptum,
1926 2699 2005 2745 cum
2029 2674 2195 2772 prohibet
2216 2683 2353 2756 alienos

273 2826 277 2867 :
324 2777 372 2846 los
386 2775 493 2861 hdei,
518 2789 637 2846 tamen
658 2778 795 2870 aliquid
818 2781 996 2851 addebant
1017 2783 1165 2867 erroris,
1191 2785 1310 2877 utqui
1364 2781 1491 2853 cultus.

274 2882 277 2899 '
323 2879 557 2948 observabant
576 2878 692 2950 cultus
714 2881 819 2974 tegis,
856 2906 921 2951 nec
949 2883 1033 2952 satis
1060 2884 1309 2974 intelligebant
1466 2879 1668 2975 Cyprianus
1690 2889 1791 2968 urget
1814 2901 1946 2970 poenas
1967 2881 2172 2969 canonicas,
2200 2908 2351 2980 quartam

323 2979 586 3068 abrogationem
601 2981 688 3070 legis
701 2999 734 3052 et
749 3005 851 3053 veros
866 2983 995 3055 cultus.
1034 2984 1105 3055 Hic
1118 3010 1219 3058 error
1233 3011 1308 3056 non
1362 3001 1447 3054 tunc
1462 2998 1534 3055 erat
1551 3005 1653 3068 usus,
1678 2997 1711 3052 et
1728 2981 1914 3052 confirmat
1927 2983 2132 3073 opiniones,
2157 2990 2257 3079 quasi
2279 2992 2350 3060 sint

326 3096 391 3152 erat
407 3082 519 3166 levis,
545 3096 581 3153 et
603 3079 758 3172 aliquam
777 3084 964 3176 caliginem
993 3086 1202 3159 offundebat
1222 3091 1308 3159 arti·
1362 3084 1598 3170 necessariae,
1635 3098 1669 3153 et
1699 3096 1843 3176 propter
1868 3107 1925 3153 eas
1948 3084 2175 3158 remittantur
2197 3105 2348 3181 peccata,

331 3187 409 3256 culis
440 3183 537 3256 hdei.
609 3185 662 3255 lta
686 3181 849 3259 Christus
876 3187 1052 3278 praedicit
1080 3191 1126 3258 de
1152 3188 1309 3262 Ecclesia
1361 3190 1541 3259 interdum
1565 3185 1684 3279 inquit
1708 3183 1968 3255 absolutionem
1989 3186 2066 3256 siue
2088 3189 2159 3258 illis
2183 3190 2347 3264 inutilem

324 3286 488 3378 postremi
505 3285 695 3376 temporis,
711 3288 848 3359 fissuras
863 3311 1007 3379 magnas
1023 3293 1204 3378 tenebras,
1219 3317 1309 3387 quae
1361 3314 1445 3361 esse.
1497 3289 1658 3361 Fortasse
1672 3286 1846 3356 sentiebat
1858 3287 2097 3368 commodius,
2120 3315 2226 3384 quarn
2244 3294 2346 3364 locu-

323 3391 422 3460 etiam
448 3387 577 3458 electos
599 3387 812 3481 impedient,
846 3414 918 3486 quo
946 3391 1066 3464 missus
1093 3416 1218 3485 puram
1243 3397 1309 3468 do·
1362 3407 1418 3462 tus
1441 3407 1512 3479 est,
1547 3405 1665 3462 tamen
1697 3388 1752 3457 illi
1779 3411 1916 3458 errores
1941 3413 2013 3458 non
2036 3406 2120 3465 sunt
2143 3393 2257 3481 leves,
2287 3399 2348 3466 sed

323 3487 747 3568 ctrinamhabiturisint,
1361 3499 1554 3565 admodum
1586 3494 1715 3561 densae
1746 3491 1925 3581 stipulae,
1963 3493 2192 3564 obscurantes
2222 3519 2347 3589 puram

419 3590 547 3663 Manet
562 3592 672 3681 igitur
685 3594 805 3686 aliqua
819 3615 901 3663 vera
916 3590 1092 3679 Ecclesia,
1117 3621 1208 3691 quae
1222 3600 1308 3672 reti-
1361 3598 1560 3670 doctrinam
1572 3596 1620 3667 de
1639 3592 1818 3662 beneficiis
1831 3588 1982 3679 Christi,
2010 3606 2044 3665 et
2060 3596 2106 3665 de
2121 3597 2201 3669 fide.

321 3707 378 3767 net
391 3694 562 3767 articulos
574 3695 676 3775 lidei,
701 3698 763 3767 sed
779 3696 960 3765 interdum
982 3699 1103 3769 minus
1122 3723 1250 3792 puros,
1275 3715 1309 3773 et
1464 3698 1577 3767 Porro
1595 3720 1698 3787 saepe
1714 3694 1901 3785 scriptores
1919 3697 2140 3768 commodius
2163 3717 2349 3772 senserunt

320 3800 524 3869 obscuratos
566 3797 747 3889 aliquibus
790 3797 1026 3869 incommodis
1066 3803 1309 3891 opinionibus,
1360 3826 1466 3895 quam
1483 3801 1693 3895 loquuntur,
1720 3798 1802 3890 quia
1821 3796 1981 3890 plerique
1993 3799 2137 3869 luerunt
2153 3802 2346 3872 admodum

323 3914 357 3971 et
377 3896 593 3970 habentibus
615 3900 752 3991 aliquid
775 3903 918 3974 erroris.
968 3898 1022 3971 Ac
1043 3901 1172 3995 loquor
1190 3900 1308 3975 adhuc
1360 3904 1574 3973 indicendo
1607 3901 1822 3988 negligentes
1844 3912 1876 3968 et
1900 3899 2113 3991 improprii,
2154 3914 2187 3971 et
2215 3903 2347 3973 multas

321 4006 364 4072 de
386 4000 481 4071 veris
503 3996 682 4071 Ecclesiae
703 4001 893 4084 membris,
925 4015 961 4072 et
980 4006 1130 4091 sanctis,
1163 4030 1237 4077 non
1262 4009 1319 4077 de·
1359 4005 1550 4077 sententias
1564 4026 1605 4071 ac
1619 4001 1792 4070 formulas
1807 4022 1825 4067 a
1841 4000 1947 4091 vulgo
1963 4016 2187 4084 mutuantur,
2209 4004 2246 4072 in
2264 4005 2346 4097 qni-

321 4106 417 4184 aliis,
451 4103 513 4197 qui
544 4104 671 4173 amissa
696 4102 776 4173 luce
802 4102 906 4173 verbi
937 4105 1106 4177 amittunt
1132 4106 1308 4199 Spiritum
1358 4110 1424 4177 bus
1447 4104 1583 4200 aliquid
1607 4104 1696 4173 inest
1717 4124 1895 4187 errorum,
1929 4116 1969 4173 ut
1989 4128 2118 4174 nornen
2137 4105 2347 4176 satisfactio-

320 4221 497 4291 sanctum,
524 4217 560 4274 et
574 4220 773 4297 sequuntur
791 4204 942 4275 rationis
960 4206 1152 4290 iudicium,
1175 4225 1304 4282 etcum
1358 4234 1445 4279 num
1468 4210 1577 4278 sumit
1601 4204 1824 4293 Augustinus
1846 4226 1866 4272 n
1890 4206 2016 4293 vulgo,
2049 4207 2186 4277 etiamsi
2209 4230 2345 4278 errores

320 4320 441 4397 putent
457 4330 495 4377 se
511 4308 704 4377 admodum
721 4306 778 4399 pia
801 4308 960 4390 tradere,
985 4309 1110 4382 dicunt
1131 4312 1247 4382 aliena
1272 4328 1306 4383 et
1358 4316 1403 4382 de
1427 4309 1726 4381 satisfactionibus
1752 4306 1869 4396 palam
1893 4302 2131 4398 reprehendit.
2183 4306 2345 4403 Torquet

321 4412 440 4502 impia.
490 4406 590 4479 Sicut
606 4432 702 4477 nnnc
723 4431 865 4501 quoque
889 4410 994 4479 multi
1016 4426 1103 4483 sunt
1123 4428 1304 4505 praestan·
1357 4438 1394 4483 se
1418 4414 1458 4483 in
1484 4407 1549 4481 bac
1573 4409 1746 4478 sententia
1773 4408 2057 4498 interpretanda:
2083 4405 2204 4479 Omne
2221 4432 2344 4500 prcca-

321 4526 368 4583 tes
382 4511 566 4592 doctrina,
592 4510 697 4581 bonis
718 4511 896 4595 mqrihus,
921 4512 1035 4602 specie
1055 4515 1215 4603 pietatis,
1240 4519 1302 4609 qui
1355 4529 1431 4588 tom
1449 4528 1500 4585 est
1516 4510 1777 4589 voluntarium,
1800 4509 1863 4578 ubi
1880 4509 2036 4599 disputat
2052 4510 2097 4579 de
2115 4522 2254 4599 peccato
2268 4511 2344 4579 ori-

321 4617 485 4687 sidentur
498 4610 566 4681 sihi
579 4611 798 4681 sanctissima
819 4612 956 4698 dicere,
981 4637 1062 4683 cum
1088 4619 1215 4707 procul
1238 4620 1303 4687 ab·
1356 4617 1466 4710 ginis,
1492 4638 1571 4685 cnm
1587 4627 1705 4683 tamen
1721 4610 1894 4681 sententia
1913 4611 1961 4682 sit
1981 4610 2085 4681 civile
2109 4612 2262 4697 dictum,
2297 4614 2343 4681 de

265 4745 267 4762 =
320 4718 388 4787 sint
410 4744 430 4788 a
453 4738 536 4783 sera
559 4717 657 4799 lnce,
682 4707 750 4782 hoc
772 4727 840 4801 est,
864 4736 887 4783 a
903 4738 988 4785 vero
1006 4716 1188 4789 intellectu
1204 4723 1302 4791 verbi
1356 4718 1511 4791 externis
1526 4714 1663 4786 delictis
1681 4712 1862 4785 traditum.

265 4827 267 4870 ί
320 4820 396 4888 Dei.
447 4815 503 4888 De
526 4817 657 4887 talibus
679 4816 840 4886 nondum
864 4815 1010 4910 loquor,
1044 4843 1165 4889 verum
1188 4818 1305 4893 adhuc
1457 4818 1519 4889 Sic
1533 4828 1662 4887 vocant
1681 4836 1826 4884 coenam
1843 4810 1989 4883 Domini
2010 4812 2247 4899 oblationem,
2274 4838 2342 4908 po-

320 4936 454 4992 tantum
484 4918 523 4987 ht
553 4917 687 4988 mentio
715 4918 760 4985 dc
792 4916 885 4985 veris
915 4920 1085 4991 membris
1114 4916 1305 5013 Ecclesiae,
1357 4922 1432 5014 puli
1459 4944 1576 5006 more,
1616 4940 1696 4987 cum
1728 4914 1875 4985 nonsit
1906 4912 2066 4985 instituta
2095 4915 2247 5000 oblatio,
2278 4919 2341 4988 sed

320 5046 404 5115 qnae
420 5042 548 5110 magna
564 5044 605 5089 ex
621 5033 718 5109 parte
731 5032 815 5089 sum
831 5017 984 5095 infirma.
1355 5020 1521 5096 Christus
1533 5021 1607 5111 ipse
1623 5017 1730 5089 fuerit
1746 5019 1926 5099 sacerdos,
1952 5015 2104 5087 offerens
2120 5017 2340 5093 sacrificium.

418 5122 481 5195 Sic
514 5122 624 5211 igitur
659 5119 777 5213 iuquit
808 5115 968 5194 Paulus:
1016 5120 1303 5195 Fundamentum
1357 5124 1411 5196 Ac
1433 5149 1479 5193 ne
1500 5124 1603 5193 liehat
1630 5120 1774 5212 quidem
1798 5118 1883 5187 olim
1910 5115 1947 5185 in
1978 5118 2179 5189 ceremonia
2209 5142 2339 5190 coenae

322 5226 413 5295 aliud
437 5248 544 5293 nemo
567 5236 681 5312 potest
702 5243 855 5314 ponere,
882 5238 1022 5314 praeter
1036 5225 1073 5293 id
1092 5229 1187 5321 quod
1209 5230 1304 5319 posi·
1356 5228 1492 5297 oblatio
1509 5224 1666 5313 corporis
1687 5234 1721 5293 et
1742 5217 1943 5307 sangoinis,
1966 5219 2026 5287 scd
2052 5232 2134 5291 aute
2155 5242 2339 5291 consecra·

322 5342 390 5397 ιιιιιι
411 5342 477 5399 est.
530 5324 601 5397 Sed
623 5324 715 5393 alius
738 5324 1004 5415 superaedificat
1031 5349 1178 5413 aurum,
1213 5331 1304 5399 alim
1357 5332 1493 5399 tionem
1511 5325 1754 5399 offerebantur
1769 5342 1878 5411 panes
1903 5333 1937 5390 et
1958 5318 2048 5390 aliae
2071 5343 2144 5405 res,
2174 5333 2207 5391 et
2223 5344 2339 5392 sacer-

322 5427 473 5517 lignum,
511 5427 660 5519 stipulas
683 5440 748 5497 etc.
820 5424 1107 5497 Fundamentum
1138 5428 1304 5519 intelligit
1356 5431 1575 5501 dosdicebat
1588 5452 1624 5497 se
1639 5423 1767 5495 olierre
1784 5442 1924 5514 preces,
1947 5421 2139 5510 gratiarum
2153 5422 2340 5503 actionem,

322 5529 601 5616 articuloshdei,
627 5522 695 5600 hoc
709 5539 782 5612 est,
805 5548 979 5597 summam
996 5530 1179 5599 doctrinae
1195 5527 1304 5602 Chri·
1356 5547 1390 5602 et
1407 5544 1520 5601 totum
1537 5530 1690 5608 cultum,
1719 5522 1782 5617 qui
1805 5522 1858 5591 ibi
1880 5521 1956 5591 lieri
1978 5522 2078 5598 solet.
2128 5518 2206 5593 Etsi
2232 5524 2340 5613 igitur

323 5634 471 5716 stianae,
504 5644 541 5701 et
564 5628 765 5700 doctrinam
787 5630 832 5697 dr
856 5629 1037 5698 beneficiis
1058 5628 1212 5716 Christi,
1242 5636 1304 5705 sed
1356 5633 1491 5703 oblatio
1514 5654 1587 5699 non
1607 5651 1682 5699 nuo
1701 5625 1809 5695 modo
1831 5622 2008 5695 intellecta
2029 5624 2115 5708 tots,
2141 5637 2258 5695 tamen
2273 5646 2339 5715 po·

323 5735 363 5801 sd
385 5732 496 5818 hanc,
528 5730 666 5825 inquit,
703 5730 839 5801 addent
865 5730 928 5797 alii
956 5730 1080 5801 utilem
1104 5734 1304 5806 doctrinam
1358 5750 1430 5806 stea
1445 5756 1577 5803 nomen
1600 5733 1779 5801 detortum
1802 5724 1913 5795 estad
1934 5724 2153 5797 oblationem
2170 5724 2339 5817 corporis,

326 5848 356 5903 et
369 5834 652 5923 explicationem,
669 5846 703 5902 et
717 5852 819 5899 veros
833 5830 950 5900 cultus
969 5832 1186 5926 spirituales:
1219 5831 1308 5909 baec
1357 5839 1454 5911 unde
1469 5834 1577 5907 secuti
1593 5846 1675 5905 suut
1692 5829 1851 5919 lugentes
1868 5824 2010 5904 abusus·

371 5940 550 6011 llssssrs.
576 5938 687 6007 Ores.
730 5936 815 6003 vor.
838 5934 916 6003 XV.
1677 5928 1728 6003 47
