5825 6950
555 661 631 765 aas
1153 649 1281 726 euru
1307 649 1426 732 uus.
1449 648 1660 728 scatent
1689 649 1989 732 nxuuurrcs.
2068 611 2071 615 ’
2281 611 2316 726 f
2502 672 2564 748 ηρ

447 841 453 850 ’
557 835 695 904 stianus
708 830 815 920 longe
830 829 933 901 aliter
948 827 1081 899 sentire
1095 826 1218 912 debet,
1244 826 1309 919 qui
1325 827 1391 898 seit
1403 848 1546 896 eausam
1601 841 1719 896 torrrm
1754 825 1867 898 iustos
1895 849 1990 916 esse,
2036 843 2072 900 et
2096 834 2227 904 mereri
2261 835 2367 908 sitam
2399 854 2568 918 eetemam.

559 934 775 1006 infirmitatis
796 932 836 1002 in
857 944 1011 1024 utroque
1041 953 1125 1000 sexu
1153 952 1228 998 esse
1251 944 1400 1002 naturae
1424 951 1548 998 corru-
1602 926 1703 1000 Nihil
1721 930 1850 998 deiide
1866 930 1905 998 in
1923 926 2131 1017 Christum,
2155 935 2250 1008 nihil
2266 939 2310 1008 de
2326 937 2453 1012 auxilio
2467 944 2570 1036 Spiri-

560 1038 739 1131 ptiouem,
763 1048 940 1106 ettamen
962 1047 1107 1124 propter
1128 1031 1242 1101 Deum
1266 1030 1365 1100 serui
1387 1031 1550 1102 tribueu-
1601 1032 1693 1102 ritus
1714 1032 1827 1105 sancti
1850 1033 2011 1106 docebat.
2064 1031 2160 1107 Haec
2175 1039 2308 1130 Pelagii
2332 1044 2484 1114 doctrina
2506 1073 2569 1118 non

562 1145 650 1210 dum
666 1162 739 1206 esse
755 1132 942 1219 honorem,
966 1148 1095 1206 etcum
1113 1134 1213 1206 Deus
1228 1157 1302 1204 uon
1318 1133 1447 1204 frustra
1465 1156 1552 1202 eon·
1603 1134 1822 1221 evangelica,
1860 1138 1920 1203 sed
1948 1132 2193 1228 philosophica
2216 1157 2313 1224 seat,
2346 1145 2433 1219 sieut
2462 1172 2570 1238 prope.

563 1241 696 1314 diderit
711 1235 962 1320 huncsexum,
987 1237 1249 1326 agnoscendum
1271 1259 1345 1304 esse
1367 1258 1457 1325 opus
1472 1231 1551 1313 Dei,
1603 1237 1750 1304 modum
1776 1231 2067 1308 scholasticorum
2093 1244 2278 1314 doctorum
2303 1249 2468 1318 sententia
2492 1252 2572 1320 idem

566 1360 601 1414 et
626 1340 891 1413 ordinationem
914 1339 1072 1417 divinam
1095 1338 1427 1426 magnifaciendam.
1480 1333 1553 1406 Nec
1605 1337 1702 1418 vult,
1729 1337 1797 1406 uisi
1815 1342 1908 1432 quod
1935 1335 1970 1408 hi
1988 1342 2122 1433 aliquid
2140 1361 2286 1416 assuunt
2303 1350 2573 1438 superstitionum

567 1461 618 1517 est
641 1444 761 1515 minor
774 1442 963 1514 infirmitas
977 1440 1181 1510 animorum
1197 1441 1236 1508 in
1255 1440 1360 1525 viris,
1383 1438 1422 1508 in
1443 1460 1553 1526 nego·
1606 1439 1893 1514 monasticarum.
1946 1439 1991 1513 Et
2006 1467 2102 1512 rrunc
2119 1470 2240 1518 rnrssrs
2256 1449 2358 1532 multi
2380 1452 2574 1534 delabuntur

567 1549 630 1618 tiis
646 1569 737 1640 quae
751 1545 839 1617 viris
853 1542 1037 1615 commissa
1050 1555 1145 1613 sunt.
1197 1536 1423 1613 Christianus
1436 1556 1554 1611 autern
1578 1543 1582 1619 l
1607 1541 1644 1608 in
1679 1542 1871 1630 opiniones
1902 1541 2139 1634 Pelagiauas,
2180 1551 2263 1644 quia
2289 1566 2372 1623 suut
2392 1552 2574 1644 plausibiles

568 1661 714 1742 propter
728 1647 844 1719 Deum
857 1630 925 1716 lert
940 1658 974 1715 et
990 1645 1128 1735 mitigat
1142 1644 1421 1715 imbecillitatem
1439 1643 1476 1712 in
1497 1665 1556 1712 so-
1579 1624 1583 1704 l
1606 1644 1752 1717 rationi.

570 1753 634 1822 ciis
652 1746 759 1821 buius
780 1749 873 1820 vitae
886 1748 1060 1819 divinitus
1078 1746 1274 1830 adiunctis,
1299 1761 1334 1816 et
1348 1741 1555 1824 cohaeredi·
1696 1742 1918 1832 Augustinus
1934 1745 2043 1838 igitur
2059 1773 2122 1818 sua
2137 1765 2251 1823 aetate
2267 1753 2461 1823 doctrinam
2471 1749 2575 1824 Evan-

568 1856 637 1925 laus
651 1868 813 1922 aeternae
830 1849 982 1940 gloriae,
1008 1863 1042 1920 et
1058 1848 1125 1919 scit
1141 1849 1255 1920 Deum
1280 1848 1387 1932 velle,
1414 1860 1454 1916 ut
1476 1848 1557 1914 illas
1607 1846 1691 1936 getii
1713 1849 1757 1915 de
1780 1849 1889 1934 gratia
1927 1866 1962 1921 et
1984 1851 2053 1920 lide
2082 1851 2120 1920 in
2145 1849 2329 1924 Christum
2364 1880 2449 1944 pene
2482 1859 2576 1925 eatin-

570 1979 751 2039 cnremus,
774 1968 944 2046 tanquam
965 1964 1099 2042 partem
1120 1950 1260 2040 generis
1281 1945 1448 2034 humani,
1482 1973 1558 2018 uon
1609 1964 1698 2019 etam
1724 1950 1894 2035 restituit,
1919 1967 1954 2022 et
1976 1977 2100 2022 rursus
2125 1957 2296 2029 accendit.
2356 1955 2500 2047 Propter
2522 1955 2575 2029 hoe

571 2053 998 2147 despiciamnsdiabnlica
1022 2053 1200 2143 superbia.
1252 2051 1349 2122 Haec
1369 2066 1474 2142 atque
1488 2051 1556 2118 alia
1608 2052 1819 2120 beneficium
1833 2049 1990 2123 Ecclesia
2007 2052 2039 2124 ei
2058 2056 2250 2146 plurimum
2273 2059 2389 2133 debet.
2438 2057 2489 2128 De
2510 2086 2575 2149 pec-

570 2163 609 2228 in
623 2155 717 2228 bane
738 2157 947 2230 senteutiam
963 2157 1000 2224 in
1016 2151 1220 2227 Christiana
1236 2155 1477 2245 disputatione
1493 2176 1557 2242 po·
1609 2167 1686 2223 cato
1710 2153 1857 2242 originis
1880 2157 1994 2226 multo
2016 2157 2177 2248 loquitur
2192 2159 2321 2229 maiori
2337 2159 2574 2254 perspicuitate,

486 2296 490 2300 ·
570 2263 643 2332 tius
664 2261 815 2331 dicenda
842 2270 962 2340 erant,
987 2280 1095 2350 quam
1121 2257 1183 2327 illa
1207 2257 1372 2328 scurrilia
1396 2254 1556 2327 convicia
1611 2279 1717 2348 quam
1736 2257 1861 2325 caeteri
1880 2280 2015 2332 omues,
2063 2256 2276 2350 Distinctius
2295 2265 2403 2333 etiam
2420 2277 2451 2333 et
2468 2266 2576 2334 rectius

572 2385 673 2436 sexus
692 2377 726 2433 et
742 2363 885 2432 divinae
898 2359 1147 2430 ordinationis.
1582 2355 1586 2444 l
1610 2357 1771 2449 loquitur
1794 2361 1837 2426 de
1861 2358 1973 2429 libero
2002 2363 2173 2446 arbitrio,
2208 2363 2302 2455 quod
2333 2365 2466 2434 viribus
2488 2367 2574 2434 liberi

672 2462 729 2538 De
760 2462 966 2533 discrimine
1001 2460 1166 2532 ciborum
1200 2461 1321 2531 laudat
1351 2460 1441 2528 ritus
1474 2459 1559 2528 sine
1582 2449 1585 2491 ²
1611 2459 1751 2530 arbitrii
1770 2454 1934 2530 homiues
1950 2463 2062 2532 facere
2080 2465 2216 2553 possint
2242 2481 2386 2534 externa
2407 2467 2489 2553 legis
2509 2492 2577 2560 ope-

571 2569 682 2639 verbo
707 2563 775 2634 Dei
799 2565 1000 2647 institutos,
1035 2576 1205 2656 tanquam
1228 2564 1345 2633 cultus
1364 2559 1453 2646 Dei,
1484 2562 1558 2631 imo
1583 2497 1586 2630 i
1610 2586 1670 2646 ra,
1694 2574 1729 2631 et
1744 2557 1890 2632 honesta
1909 2587 2016 2652 opera
2031 2565 2171 2649 civilia,
2198 2568 2256 2636 sed
2274 2569 2353 2637 siue
2369 2567 2576 2660 Spiritusan·

571 2687 741 2762 tauquam
764 2666 1025 2758 perfectionem.
1091 2663 1260 2736 Ridicula
1287 2688 1355 2734 vor
1377 2678 1430 2734 est
1452 2689 1558 2755 quam
1610 2678 1666 2733 cto
1681 2687 1753 2732 non
1773 2660 2063 2752 possinthabere
2090 2683 2207 2738 motus
2231 2669 2453 2760 spirituales,
2477 2695 2572 2740 verum

571 2774 691 2863 ponit:
722 2769 764 2854 Si
789 2771 841 2837 vis
868 2768 1041 2857 perlectus
1067 2790 1160 2852 esse,
1196 2767 1330 2838 bonum
1359 2780 1410 2838 est
1432 2766 1557 2836 vinum
1583 2816 1586 2838 .
1612 2766 1778 2836 timorem
1793 2763 1879 2850 Dei,
1905 2790 2022 2838 veram
2039 2769 2225 2851 fiduciam,
2251 2791 2372 2841 veram
2391 2773 2575 2860 patientiam,

571 2900 646 2946 non
665 2873 804 2951 bibere,
825 2885 860 2941 et
876 2893 1019 2940 carnem
1034 2893 1107 2940 nou
1129 2871 1363 2952 manducare,
1380 2869 1453 2940 ‘nbi
1468 2868 1559 2937 male
1610 2863 1679 2935 hoc
1699 2881 1768 2946 est,
1793 2869 2005 2953 novitatem,
2038 2895 2144 2964 quam
2174 2888 2314 2964 oportet
2332 2874 2429 2945 iniis
2445 2875 2578 2958 existere,

573 2975 721 3048 detorsit
747 2973 883 3043 dietum
907 2969 1028 3056 Pauli,
1060 2972 1121 3065 qui
1143 2997 1224 3041 cnm
1246 2972 1381 3067 inquit:
1416 2967 1559 3040 Bonum
1613 2967 1676 3060 qui
1704 2981 1786 3038 sunt
1811 2969 1981 3040 salvandi.
2623 2971 2624 2986 ¹

574 3095 627 3149 est
650 3099 792 3146 carnem
821 3098 894 3142 non
927 3075 1048 3157 edere,
1088 3078 1207 3157 addit,
1248 3075 1277 3144 si
1305 3073 1404 3143 fratri
1435 3085 1560 3142 noceat
1715 3067 1844 3140 Tradit
1859 3071 2154 3146 utilediscrimen
2172 3077 2293 3147 literae
2314 3092 2346 3149 et
2364 3051 2511 3169 spiritns,
2526 3079 2579 3146 do·
2623 3059 2624 3064 ἵ

414 3259 421 3266 ,
511 3211 524 3232 s
573 3178 786 3268 exemplum.
843 3173 1072 3246 Cumautem
1097 3177 1302 3247 accessesit
1325 3176 1557 3264 talessuper-
1612 3185 1667 3242 cet
1683 3173 1726 3240 de
1743 3173 1892 3261 gratuita
1910 3177 2138 3261 remissione,
2164 3193 2286 3248 monet
2308 3183 2485 3274 quomodo
2504 3179 2578 3248 Pan-

574 3281 737 3351 stitiones
768 3277 807 3346 in
831 3273 989 3348 Ecclesia
1018 3273 1249 3368 reprehendi,
1289 3278 1435 3367 pariunt
1464 3274 1559 3342 enim
1613 3275 1668 3343 lns
1692 3273 1947 3365 intelligendus
1972 3279 2036 3362 sit,
2076 3303 2156 3349 cum
2186 3274 2324 3373 inquit:
2356 3278 2409 3352 Er
2436 3283 2579 3373 operibus

574 3382 663 3452 alios
683 3381 815 3450 multos
836 3401 992 3470 errores,
1027 3383 1221 3470 prudenter
1243 3384 1288 3450 de
1309 3379 1381 3448 illis
1404 3378 1560 3448 inconsi-
1614 3376 1702 3466 legis
1723 3401 1828 3446 nemo
1851 3379 2077 3471 iustihcatur,
2111 3385 2207 3475 quod
2237 3383 2404 3455 videlicet
2428 3409 2496 3452 non
2516 3398 2578 3453 tan·

576 3488 697 3556 derate
712 3484 816 3555 dietis
831 3483 1063 3553 iudicandum
1082 3498 1143 3557 est.
1614 3491 1692 3550 tum
1726 3478 1888 3552 detrahat
1929 3483 2214 3555 iststilicationem
2256 3487 2490 3569 ceremoniis,
2532 3486 2579 3553 sed

624 3623 628 3628 ·
678 3584 721 3655 ln
735 3585 878 3676 dialogo
893 3583 1204 3673 coutraPelagium
1221 3597 1315 3655 recte
1332 3582 1491 3673 disputat
1506 3606 1562 3649 re·
1613 3584 1720 3651 etiam
1756 3584 1951 3653 moralibus
1994 3588 2171 3676 operibus.
2245 3586 2326 3659 Hac
2360 3589 2579 3658 admonitione

576 3690 808 3759 novationem
830 3711 903 3758 unu
921 3687 999 3755 lieri
1028 3702 1165 3755 tantum
1188 3685 1326 3753 viribus
1342 3684 1447 3756 liberi
1466 3678 1562 3753 arbi·
1615 3684 1718 3752 valde
1748 3707 1839 3773 opus
1871 3687 1940 3757 luit
1967 3684 2154 3757 Ecclesiae.
2236 3687 2330 3760 Nam
2364 3688 2529 3782 Origenes
2554 3701 2580 3756 et
2623 3718 2624 3727 ¹

576 3790 660 3877 trii,
684 3792 746 3859 sed
764 3812 855 3880 opus
870 3810 944 3859 esse
959 3788 1091 3857 auxilio
1106 3786 1263 3878 Spiritus
1279 3787 1401 3858 sancti.
1451 3786 1563 3859 Recte
1614 3786 1718 3854 multi
1741 3808 1829 3859 enm
1842 3788 1952 3858 secuti
1979 3803 2179 3880 sparserant
2198 3791 2326 3861 falsam
2343 3791 2581 3885 interpretatio·

578 3893 684 3963 etiam
706 3904 811 3979 negat
835 3902 975 3960 sanctos
998 3912 1072 3957 esse
1099 3889 1176 3955 sine
1201 3901 1362 3978 peccato,
1404 3902 1441 3958 et
1463 3888 1563 3980 ponit
1615 3910 1696 3955 nem
1712 3889 1750 3955 in
1767 3884 1944 3971 Ecclesia,
1969 3902 2106 3960 tantum
2122 3894 2333 3963 ceremoniis
2347 3892 2483 3965 detrahi
2500 3892 2582 3962 iusti-

576 3993 810 4063 memorabile
831 3993 982 4063 dictum:
1009 3990 1114 4060 'I’unc
1138 3991 1221 4059 iusti
1245 4012 1385 4073 sumus,
1420 3993 1563 4083 quando
1616 3990 1836 4072 ficationem,
1863 4004 1897 4060 et
1918 3991 2092 4063 finxerant
2116 3989 2277 4067 homiues
2302 3996 2372 4086 legi
2395 3998 2582 4073 satisfacere,
2623 4074 2624 4079 ἵ

579 4117 646 4164 nos
661 4108 861 4185 peccatores
874 4116 948 4163 esse
963 4093 1125 4173 latemur,
1152 4106 1184 4162 et
1200 4092 1337 4160 iusticia
1354 4107 1472 4159 rsostra
1489 4115 1563 4160 uon
1618 4103 1652 4160 et
1680 4094 1790 4159 iustos
1814 4115 1889 4161 esse
1922 4110 2065 4183 propter
2088 4118 2205 4183 opera.
2271 4097 2360 4167 ldea
2384 4099 2582 4185 Augustinus

576 4221 623 4266 es
646 4197 790 4289 proprio
811 4196 959 4278 merito,
988 4199 1047 4263 sed
1072 4218 1113 4261 ex
1136 4192 1199 4261 Dei
1216 4193 1455 4264 misericordia
1480 4218 1566 4263 con·
1618 4192 1749 4263 diserte
1770 4190 1862 4262 barse
1887 4197 2129 4287 quaestionem
2151 4210 2276 4267 tractat
2299 4200 2339 4268 iu
2363 4202 2454 4271 libro
2470 4200 2511 4269 de
2525 4196 2583 4286 spi-

580 4298 697 4387 tingit.
748 4297 819 4371 Sed
843 4312 962 4389 postea
984 4319 1058 4364 uon
1081 4294 1164 4364 satis
1184 4296 1288 4367 dicit:
1323 4310 1462 4384 peccata
1484 4318 1567 4364 san·
1589 4224 1593 4373 l
1618 4296 1690 4364 ritu
1714 4309 1746 4363 et
1771 4296 1894 4378 litera,
1935 4312 1968 4368 et
2001 4296 2153 4370 altirnrat
2179 4298 2333 4370 Paulum
2360 4300 2584 4369 universaliter
2623 4316 2624 4319 ’

567 4414 718 4470 .etornm
742 4399 908 4490 intelligit
929 4400 974 4467 de
998 4397 1195 4468 actualibus
1219 4399 1385 4485 peccatis,
1409 4412 1449 4467 nt
1465 4398 1565 4466 ilam-
1590 4378 1594 4502 l
1618 4397 1718 4489 loqui
1742 4398 1848 4465 etiam
1870 4400 1915 4467 de
1944 4399 2156 4483 moralibus,
2194 4424 2274 4470 cum
2302 4420 2407 4491 negat
2435 4425 2498 4471 nos
2525 4402 2583 4484 laga

581 4503 650 4569 ruis
663 4503 877 4584 libidinum,
902 4516 961 4568 aut
979 4499 1183 4567 iracundiae
1201 4514 1235 4567 et
1250 4500 1440 4569 similibus.
1486 4498 1566 4567 Nou
1591 4528 1594 4557 ε
1619 4500 1731 4569 iustos
1755 4520 1840 4571 esse.
1898 4501 1984 4569 item
2008 4516 2112 4591 negat
2135 4498 2298 4576 homines
2323 4506 2390 4596 legi
2408 4504 2584 4575 satisfacere

581 4603 751 4691 intelligit
766 4607 810 4673 de
825 4603 994 4673 interiore
1010 4614 1044 4671 et
1062 4615 1229 4693 perpetua
1246 4602 1487 4684 dubitatione,
1514 4624 1568 4669 se-
1619 4598 1724 4672 Rom.
1751 4602 1864 4691 capite
1880 4602 1916 4676 8.

521 4728 528 4735 ’
582 4706 747 4783 ecaritate,
779 4704 1074 4789 concupiscentia.
1133 4703 1282 4773 Constat
1304 4703 1413 4791 igitur
1437 4702 1569 4771 multos
1721 4699 2119 4773 Hancadmonitiunem
2134 4705 2348 4798 Augustini,
2376 4725 2410 4783 et
2433 4706 2583 4780 hunclo-

580 4829 655 4877 esse
671 4807 708 4877 in
723 4806 863 4898 scriptis
876 4803 1088 4900 Hieronymi
1104 4830 1177 4875 non
1193 4806 1336 4894 exiguos
1349 4805 1481 4896 lapsus.
1619 4827 1699 4873 cum
1716 4806 1828 4893 ipsius
1845 4805 2040 4898 plurimum
2056 4807 2163 4878 refert
2179 4812 2398 4897 meminisse,
2422 4812 2500 4907 quia
2516 4828 2582 4877 eum

1619 4906 1710 4975 ratio
1732 4929 1805 4975 nou
1835 4906 1919 4978 satis
1947 4908 2135 4999 perspiciat
2166 4914 2445 5000 magnitudinem
2470 4908 2583 5002 peccati

1619 5007 1788 5096 originis,
1812 5023 1846 5078 et
1862 5009 2034 5078 naturalis
2056 5015 2314 5102 corruptionis,
2340 5018 2441 5086 laeile
2465 5010 2584 5083 delabi-

685 5108 906 5197 Angustinur
927 5110 1057 5179 multas
1078 5105 1293 5177 necessarias
1309 5111 1568 5182 controversias
1619 5123 1678 5180 tur
1696 5111 1739 5179 ad
1760 5108 1840 5180 illas
1856 5111 2061 5202 opiniones,
2088 5127 2130 5185 ut
2153 5127 2254 5203 putet
2277 5117 2345 5205 legi
2368 5114 2537 5193 satisfieri,
2557 5123 2584 5177 et

522 5291 525 5296 y
581 5210 762 5289 tractavit,
793 5210 960 5282 refutavit
982 5208 1173 5287 Arrianus,
1206 5204 1458 5293 Manichaeos,
1490 5210 1566 5283 Do·
1618 5204 1781 5284 homines
1805 5227 1949 5305 propter
1963 5238 2069 5304 opera
2087 5214 2198 5286 iustos
2221 5240 2305 5287 esse.
2359 5216 2583 5303 ltaeregione

932 4970 987 5044 De
1010 4973 1223 5063 Augustino.

468 5318 475 5346 ¹
578 5313 725 5382 natistas
751 5325 786 5383 et
808 5310 1024 5400 Pelagianos.
1074 5309 1165 5377 Nam
1190 5310 1406 5397 irrepserant
1427 5312 1498 5381 iam
1526 5314 1564 5383 in
1616 5314 1827 5383 obscuratur
1843 5331 1877 5383 et
1894 5316 2070 5387 amittitur
2089 5317 2226 5387 iusticia
2250 5320 2331 5387 fidei
2351 5334 2384 5389 et
2403 5344 2480 5389 vera
2498 5336 2582 5383 exer·

577 5411 771 5487 Ecclesiam
788 5408 1054 5505 philosophicae
1070 5412 1272 5502 opiniones,
1298 5436 1385 5504 quas
1400 5410 1564 5500 Pelagius
1615 5413 1697 5483 eitia
1727 5416 1925 5504 spiritualis
1956 5418 2200 5505 excutiuntur,
2234 5422 2365 5493 scilicet
2395 5444 2472 5490 vera
2495 5419 2583 5485 invo-

577 5516 818 5604 confirmavit,
846 5513 1081 5600 Evangelium
1107 5514 1364 5584 transformans
1385 5512 1561 5605 iuphilo·
1614 5517 1726 5599 catio,
1753 5539 1858 5607 qsram
1873 5532 2012 5607 oportet
2028 5519 2095 5590 niti
2110 5522 2185 5590 sola
2200 5521 2451 5594 misericordia.
2497 5517 2581 5589 Sicut

576 5611 756 5703 sophiam,
789 5617 1024 5687 contendebat
1049 5616 1143 5684 enim
1166 5610 1258 5683 nihil
1283 5641 1356 5686 esse
1380 5637 1560 5709 peceatum
1612 5640 1710 5687 uisne
1744 5618 1950 5687 deridemur
1975 5620 2021 5690 ab
2047 5623 2275 5705 adversariis,
2307 5626 2368 5716 qui
2392 5624 2511 5692 volrrnt
2537 5616 2580 5680 vi·

573 5719 743 5809 originis,
781 5714 945 5787 homines
974 5718 1042 5805 legi
1065 5715 1131 5785 Dei
1155 5716 1352 5788 satisfacere
1374 5744 1494 5809 posse,
1527 5737 1561 5793 et
1612 5720 1689 5791 deri
1721 5720 1999 5810 prudentiores,
2039 5746 2080 5793 ac
2114 5725 2352 5795 vociferantur
2386 5747 2450 5795 uos
2478 5722 2580 5807 inepte

574 5820 635 5891 illa
655 5838 799 5891 externa
815 5818 1160 5893 obedieutismmi
1178 5819 1422 5899 remiesiooern
1435 5848 1558 5914 pecca·
1611 5846 1818 5914 exaggerare
1848 5821 2090 5897 infirmitatem
2104 5878 2117 5911 ,
2160 5826 2375 5899 et.ridicule
2413 5816 2577 5899 detrahere
