5825 6950
317 694 399 777 ue·
723 696 804 777 xu
853 683 1231 805 maurimont
1255 687 1442 773 avane.
1468 692 1679 775 teanum
1735 696 1842 782 car.
1865 703 1965 782 x1v.
2055 646 2059 651 ⁵
2296 710 2386 785 su·

322 894 382 949 tur
403 873 513 945 nobis
532 872 693 942 remissio
717 886 941 964 peccatorum
968 883 1003 945 et
1024 874 1123 968 quod
1147 874 1216 943 fide'
1236 880 1320 945 esim
1368 872 1600 963 peculiariter
1617 875 1804 959 revelavit,
1832 892 1867 949 et
1882 880 1959 952 vult
1974 902 2048 953 esse
2069 880 2156 972 legis
2181 882 2360 983 interpre-

322 978 436 1067 accipi
451 988 626 1067 oporteat.
679 969 782 1045 Hanc
804 977 1015 1047 sententiam
1038 998 1180 1046 necesse
1204 990 1257 1069 est
1281 977 1319 1044 in
1371 989 1457 1046 tem.
1509 975 1640 1047 Totam
1655 972 1747 1048 banc
1762 981 1959 1052 doctrinam
1976 979 2036 1053 bic
2061 986 2169 1057 tradit
2181 985 2358 1059 Ecclesiae

320 1080 483 1153 Ecclesia
506 1078 573 1147 Dei
604 1077 741 1161 e‘xtare,
778 1092 812 1149 ct
840 1078 1070 1169 propugnari.
1130 1076 1219 1147 Nam
1251 1074 1318 1148 bac
1370 1098 1472 1161 auae,
1498 1092 1532 1148 et
1548 1078 1697 1150 affirmat
1714 1082 1764 1151 ibi
1785 1083 1862 1153 iore
1889 1086 2061 1175 populum
2086 1112 2209 1175 suum,
2240 1103 2274 1161 et
2304 1090 2355 1159 ibi

323 1186 404 1254 luce
420 1180 597 1263 extincta,
622 1204 697 1249 nou
720 1181 924 1270 agnoscitur
937 1176 1071 1251 Christi
1096 1180 1317 1265 beneficium,
1369 1202 1406 1246 se
1432 1174 1674 1251 habitaturum
1704 1206 1795 1269 esse,
1827 1186 1891 1255 ubi
1914 1183 2000 1261 haec
2019 1191 2179 1262 doctrina
2205 1192 2355 1267 sonabit.

323 1310 388 1358 nec
403 1283 628 1373 conspicitur
643 1283 833 1353 discrimen
859 1284 947 1371 legis
967 1297 1002 1354 et
1015 1280 1219 1371 Evangelii,
1249 1304 1318 1352 nec
1367 1278 1512 1353 Norunt
1534 1284 1638 1353 ctiam
1654 1280 1799 1356 Ethnici
1822 1287 1933 1376 legem
1957 1303 2154 1387 utcunque,
2188 1297 2248 1365 sed
2272 1320 2355 1385 pro-

323 1388 484 1459 :emitur
508 1384 708 1455 differentia
738 1386 834 1457 inter
853 1383 1033 1456 Ecclesiae
1057 1386 1256 1455 doctrinam
1281 1397 1316 1456 et
1368 1394 1446 1474 pter
1460 1378 1552 1453 banc
1566 1409 1639 1453 non
1666 1402 1750 1459 sunt
1771 1391 1926 1480 populus
1941 1394 2021 1468 Dei.
2074 1392 2124 1467 At
2148 1398 2208 1465 ille
2234 1412 2354 1467 coetus

324 1495 416 1563 iuter
430 1482 595 1557 ethnicas
610 1488 810 1582 opiniones.
1367 1498 1418 1555 cst
1433 1481 1589 1557 Ecclesia
1607 1484 1692 1568 Dei.
1728 1490 1766 1559 in
1791 1516 1862 1585 quo
1881 1509 1983 1566 sonat
2004 1521 2072 1567 vox
2087 1492 2293 1588 Evangelii,
2319 1512 2355 1571 et

424 1590 524 1661 llaec
537 1589 717 1674 recensui,
743 1590 827 1683 quia
845 1589 1037 1661 adversarii
1061 1612 1164 1682 saepe
1185 1590 1314 1661 atroci·
1365 1586 1405 1655 in
1420 1610 1463 1657 eo
1479 1603 1579 1660 coetu
1599 1612 1737 1661 necesse
1751 1607 1804 1664 est
1818 1594 1957 1689 aliquos
1982 1621 2056 1671 esse
2082 1600 2211 1671 electos
2232 1604 2277 1671 acl
2298 1601 2353 1670 vi-

330 1712 383 1770 ter
394 1692 621 1765 declamitant
635 1693 674 1759 in
690 1715 827 1781 genere,
841 1706 973 1785 quanta
989 1694 1081 1762 mala
1097 1694 1167 1764 sint
1178 1694 1314 1763 discor·
1364 1704 1437 1760 tam
1453 1704 1645 1765 aeternam.
1697 1692 1742 1765 Et
1755 1710 1838 1767 sunt
1854 1699 1933 1768 viva
1949 1701 2107 1773 membra
2124 1727 2267 1788 omnes,
2288 1704 2353 1796 qul

330 1804 448 1871 diaeet
464 1795 680 1879 seditiones,
705 1808 739 1864 et
752 1796 932 1864 interdum
949 1789 1312 1865 in'ltominibus‘mo·
1363 1790 1981 1887 fideamplectuntanvangelium,
2015 1816 2048 1872 et
2070 1819 2215 1897 propter
2239 1806 2351 1875 lilium
2399 1874 2406 1897 ⁸

326 1900 473 1978 deratis,
500 1911 536 1966 et
551 1897 702 1965 iulirmis
719 1898 936 1967 conturbant
948 1895 1123 1995 Spiritum
1141 1911 1311 1971 sanctum.
1363 1890 1432 1962 Dei
1454 1899 1603 1965 credunt
1626 1920 1661 1965 se
1685 1899 1822 1989 placere
1838 1902 1928 1982 Deo,
1959 1916 1995 1974 et
2017 1901 2150 1977 babent
2175 1908 2351 1977 incoatam

322 2006 512 2075 b'eantem
537 2000 707 2068 clamores
731 2000 785 2068 illi
805 2000 972 2089 frangant
992 1999 1130 2070 animos
1158 2000 1310 2091 piorum,
1363 1996 1626 2082 obedientiam,
1669 2002 1757 2082 shut
1789 2006 1834 2072 de
1864 2004 1939 2094 lege
1975 2008 2075 2078 docet
2101 2006 2350 2098 Evangelium.

321 2131 443 2185 verae,
469 2125 545 2171 non
563 2096 791 2191 sophisticae,
807 2124 880 2170 non
894 2103 1036 2171 lucnsae
1050 2116 1312 2172 causaetencn-
1362 2094 1460 2168 Haec
1478 2100 1675 2172 admonitio
1692 2106 1886 2175 necessaria
1909 2120 1959 2177 est
1980 2103 2048 2178 hoc
2072 2109 2168 2194 loco,
2201 2126 2241 2183 ut
2262 2110 2353 2181 scia-

321 2216 385 2279 dae
400 2220 506 2289 sunt,
533 2206 628 2299 quod
647 2226 785 2273 necesse
799 2204 845 2274 sit
860 2226 925 2272 nos
943 2204 1164 2275 dissentires
1186 2207 1312 2273 delen·
1363 2221 1442 2269 ntus
1467 2194 1661 2271 Christum
1686 2228 1759 2275 non
1782 2208 1825 2276 de
1849 2209 1922 2277 sola
1946 2210 2031 2299 legis
2052 2212 2213 2283 doctrina
2240 2210 2351 2307 loqui,

324 2312 460 2381 soritrus
491 2309 645 2376 iniustae
675 2307 894 2376 crudelitatis
917 2318 951 2375 et
973 2330 1146 2377 errorum.
1206 2306 1311 2375 Nunc
1361 2314 1404 2372 ot
1426 2305 1528 2374 rnnlti
1552 2322 1779 2395 enarrarunt,
1811 2311 1871 2378 sed
1895 2311 1939 2380 de
1960 2308 2166 2403 Evangelio.
2220 2312 2267 2386 Et
2292 2314 2350 2383 bic

329 2416 432 2503 igitur
444 2412 488 2479 ad
506 2410 750 2477 definitionem
767 2405 944 2480 Ecclesiae
966 2410 1093 2493 redeo,
1125 2409 1206 2479 dico
1229 2408 1309 2477 alli·
1361 2404 1526 2475 universa
1542 2408 1702 2477 doctrina
1719 2412 1763 2480 de
1779 2411 1983 2483 discrimine
2008 2414 2092 2503 legis
2113 2431 2147 2487 ct
2163 2414 2351 2507 Evangelii

335 2530 442 2605 gatam
456 2534 528 2581 csse
542 2508 737 2579 Ecclesiam
761 2511 805 2579 ad
821 2506 1056 2599 Evangelium
1078 2526 1113 2597 et
1132 2514 1176 2581 ad
1201 2512 1310 2579 mini·
1360 2506 1401 2575 in
1417 2503 1485 2578 bac
1501 2512 1724 2581 enarratione
1739 2516 1928 2605 repetenda
1942 2528 1974 2587 et
1989 2518 2245 2591 consideranda
2260 2534 2323 2593 est.

331 2618 465 2686 sterium
482 2609 690 2701 Evangelii,
716 2615 776 2680 sed
803 2637 876 2681 non
902 2617 945 2681 ad
959 2612 1210 2705 Episcopatugm
1232 2611 1309 2684 Ro·
2131 2626 2139 2637 ‘

323 2742 463 2788 insnum
492 2728 526 2785 et
549 2714 804 2784 successionem
827 2716 1056 2784 ordinariam.
1109 2704 1203 2804 Quia
1227 2740 1307 2784 cnm

321 2822 516 2911 Episcopus
532 2816 717 2888 Romanus
732 2818 789 2887 vel
805 2817 864 2886 alii
881 2831 965 2887 sunt
980 2813 1098 2889 hostes
1112 2816 1309 2906 Evangelii,
1462 2814 1608 2929 Repetit
1622 2817 1862 2888 dulcissimam
1887 2824 2184 2914 consolationem,
2217 2827 2255 2896 in
2279 2850 2349 2920 qna

322 2922 507 2995 dissentire
526 2922 570 2989 ab
587 2920 638 2990 eis
655 2942 795 2988 necesse
810 2933 877 3003 cst,
906 2921 995 2989 sicut
1019 2920 1111 2989 clare
1136 2915 1220 2989 baec
1241 2942 1309 2987 vox
1361 2932 1400 2989 ut
1417 2942 1522 3010 supra
1540 2918 1716 3010 promittit
1731 2919 1913 3011 Apostolis
1928 2939 1961 2994 et
1974 2926 2151 2999 Ecclesiae
2165 2954 2249 3001 suae
2264 2927 2350 3020 Spi·
2397 3007 2400 3025 ι

322 3030 439 3097 docet:
465 3022 507 3094 Si
525 3023 604 3113 qnis
618 3022 714 3090 alind
733 3019 967 3110 Evangelium
984 3024 1106 3106 docet,
1121 3017 1309 3091 anathema
1361 3022 1469 3092 ritum
1485 3035 1664 3105 sanctum,
1690 3035 1724 3091 et
1737 3024 1835 3095 addit
1854 3026 1949 3116 quod
1974 3028 2021 3099 sit
2042 3030 2116 3101 eius
2139 3022 2349 3103 beneficium

322 3132 381 3209 sit,
422 3150 493 3195 nec
523 3127 600 3193 leve
626 3124 825 3193 convicium
856 3134 908 3195 est
947 3123 1066 3193 vocari
1110 3119 1310 3208 anatliema,
1361 3139 1552 3194 etmunus.
1603 3120 1764 3193 Primum
1788 3140 1906 3196 autem
1930 3128 2106 3203 discamus
2129 3128 2187 3203 hic
2209 3136 2252 3203 ad
2277 3132 2348 3205 Ec·

321 3231 483 3301 omnium
501 3225 770 3295 maledictorum
788 3230 982 3294 extremum
998 3238 1031 3295 ct
1046 3250 1223 3295 summum
1246 3241 1308 3306 est,
1333 3184 1337 3294 l
1360 3226 1503 3295 clesiam
1534 3223 1638 3294 etiam
1671 3226 1848 3317 pertinere
1878 3228 2059 3314 infirmos,
2097 3234 2189 3305 sicut
2216 3232 2349 3306 Paulus

318 3335 472 3404 sciamus
494 3329 641 3399 reiectos
664 3350 738 3397 esse
759 3321 880 3397 alico
899 3328 1101 3397 defensores
1126 3328 1308 3397 idolorum
1362 3340 1485 3397 monet
1517 3327 1561 3394 ad
1586 3323 1771 3397 Romanos
1794 3326 1874 3398 tt:
1906 3320 2073 3404 Infirmos
2094 3336 2132 3407 in
2155 3336 2224 3405 lide
2249 3362 2350 3408 assu-

319 3452 351 3507 et
368 3432 566 3526 impiorum
592 3430 813 3519 dogmatum,
845 3454 910 3500 nec
936 3444 1080 3521 propter
1101 3430 1306 3522 opinionem
1360 3430 1465 3509 mite,
1499 3422 1596 3498 Deus
1620 3429 1715 3497 enim
1738 3433 1870 3532 recepit
1895 3456 1968 3506 eos.
2020 3436 2073 3507 lta
2097 3434 2348 3530 bicsignificat

318 3537 519 3608 autoritatis
536 3557 659 3601 eorum
677 3533 1177 3623 amplectendosessecrrores.
1204 3529 1309 3602 lianc
1359 3527 1524 3603 Christus
1547 3530 1738 3620 Apostolos
1770 3537 1930 3604 nondum
1952 3538 2150 3630 intelligere
2172 3537 2237 3612 has
2259 3567 2347 3612 cou-

319 3643 428 3730 igitur
441 3635 655 3708 sententiam
672 3636 777 3704 nobis
790 3634 859 3726 ipsi
872 3636 1107 3719 inculcemus,
1140 3629 1206 3704 bac
1224 3658 1309 3703 voce
1360 3635 1497 3714 cinnes,
1533 3633 1623 3704 sicut
1639 3645 1766 3724 'postea
1787 3633 1946 3709 Eventus
1965 3644 2119 3712 ostendit
2139 3668 2212 3713 non
2242 3645 2349 3714 intel-

320 3743 423 3811 l’auli
453 3763 521 3809 nos
551 3737 753 3807 muniamus
781 3751 903 3809 contra
928 3739 1007 3806 illas
1030 3737 1309 3828 vituperationes
1360 3736 1465 3807 lectas
1483 3759 1569 3809 esse.
1621 3734 1691 3807 Sed
1714 3737 1796 3828 quia
1817 3763 1892 3808 non
1913 3757 1996 3812 sunt
2019 3739 2135 3816 hostes
2150 3741 2347 3834 Evangelii,

324 3845 564 3924 dissidiorum,
582 3853 615 3910 et
628 3842 922 3930 respondeamus:
941 3837 980 3911 Si
992 3840 1177 3933 quisaliud
1186 3835 1308 3909 Evan-
1359 3841 1421 3908 sed
1443 3839 1594 3909 audiunt
1615 3851 1648 3909 et
1669 3840 1789 3908 doceri
1814 3855 1997 3934 expetunt,
2028 3845 2109 3916 ideo
2132 3863 2215 3918 sunt
2235 3873 2347 3918 mem·

323 3947 448 4038 galium
464 3946 588 4030 docet,
612 3939 800 4012 anathema
816 3942 880 4027 sit,
906 3955 970 4013 etc.
1359 3943 1423 4012 bra
1438 3937 1627 4014 Ecclesiae.

421 4047 521 4118 idem
537 4067 681 4137 prorsus
694 4043 732 4112 in
752 4041 817 4113 bac
833 4045 1004 4114 concione
1019 4039 1183 4115 Christus
1200 4043 1308 4114 dicit:
1463 4039 1599 4113 Diserte
1613 4057 1729 4116 autem
1751 4043 1884 4140 inquit:
1915 4043 2020 4120 Pater
2040 4051 2156 4124 mittet
2171 4051 2347 4145 Spiritum

322 4152 357 4222 Si
373 4153 455 4244 quis
471 4149 589 4236 diligit
604 4170 678 4231 me,
711 4169 908 4216 sermonem
927 4170 1045 4216 meum
1066 4147 1254 4238 servabit,
1273 4158 1308 4214 et
1359 4147 1850 4240 sanctuminnominemeo,
1877 4148 2002 4236 idest,
2032 4169 2179 4245 propter
2204 4179 2278 4238 me,
2313 4171 2348 4227 et

319 4271 417 4344 pater
440 4274 542 4322 meus
558 4249 681 4338 diliget
694 4271 796 4333 eum,
822 4263 856 4319 et
872 4251 917 4319 ad
940 4273 1021 4319 eum
1045 4249 1248 4332 veniemus,
1273 4260 1307 4316 et
1359 4249 1630 4336 agnoscentibus
1647 4273 1715 4322 me.
1769 4246 1898 4340 lugens
1921 4247 2006 4323 baec
2028 4257 2270 4352 praerogativa
2296 4273 2347 4329 cst

317 4357 540 4426 mansionem
558 4353 650 4440 apud
676 4374 757 4419 cum
776 4352 955 4424 iaciemus.
1009 4348 1106 4421 Haec
1131 4364 1182 4419 est
1203 4350 1307 4440 plana
1359 4344 1703 4431 Ecclesiae,'hocest
1722 4353 1963 4441 profitentium
1981 4352 2346 4452 Evangelium,quod

316 4471 348 4526 et
363 4458 552 4550 perspicua
568 4450 747 4524 Ecclesiae
761 4454 968 4543 descriptio:
994 4448 1069 4532 lbi,
1095 4453 1223 4546 inquit,
1243 4447 1308 4521 ba·
1360 4464 1455 4521 certo
1474 4452 1511 4518 in
1528 4446 1596 4519 hoc
1614 4467 1714 4520 coetu
1738 4455 1845 4523 datm
1859 4453 2014 4545 Spiritus
2035 4473 2188 4532 sanctus.
2240 4459 2347 4530 Sina-

315 4560 515 4632 lritabimus
536 4569 683 4649 pateret
698 4577 781 4645 ego,
807 4567 841 4624 et
860 4552 924 4624 hos
942 4555 1066 4645 diliget
1084 4568 1183 4647 pater
1198 4577 1308 4636 meus,
1359 4575 1438 4622 mus
1454 4548 1644 4636 Ethnicos,
1669 4551 1896 4642 Haereticos,
1913 4571 1947 4626 et
1962 4554 2230 4630 Mabometistas
2247 4585 2348 4652 prae-

313 4663 377 4754 qui
394 4684 597 4733 sermonem
621 4680 759 4738 meum,
791 4657 924 4742 idest,
956 4654 1212 4746 Evangelium,
1243 4656 1307 4749 qui
1359 4656 1477 4724 dicare
1492 4677 1555 4724 sua
1573 4654 1740 4746 imperia,
1766 4681 1867 4747 opes,
1902 4657 2120 4751 voluptates,
2155 4663 2228 4732 imo
2252 4663 2348 4734 sina-

312 4767 449 4836 tradidi
462 4763 658 4845 Ecclesiae,
683 4760 958 4850 amplectentur,
990 4773 1025 4828 et
1047 4782 1122 4828 non
1146 4783 1308 4829 corrum·
1358 4779 1439 4826 mus
1455 4752 1630 4830 israelitas
1645 4759 1826 4848 magnifice
1842 4760 1909 4830 sibi
1934 4761 2074 4851 placere
2094 4779 2239 4856 propter
2265 4787 2347 4856 pro·

311 4884 398 4956 pent
414 4866 584 4937 admistis
599 4864 715 4954 pravis
730 4863 971 4951 opinionibus.
1015 4857 1306 4933 Recensuinati-
1331 4890 1334 4911 ι
1357 4859 1563 4928 missionem
1589 4873 1702 4932 terrae
1733 4858 1889 4934 Canaan.
1955 4860 2053 4933 llaec
2080 4867 2268 4955 promissio
2302 4869 2349 4938 de

311 4993 394 5039 vam
410 4969 625 5041 sententiam
642 4978 773 5057 textus,
793 4989 898 5058 quem
913 4987 1058 5054 prorsus
1073 4977 1306 5053 corrumpunt
1330 5018 1334 5055 ,
1358 4959 1498 5052 Spiritu
1515 4975 1635 5032 sancto
1652 4961 1756 5052 longe
1772 4963 1970 5050 antecellit,
1996 4965 2059 5059 qui
2082 4967 2190 5037 ilectit
2215 4984 2349 5041 mentes

311 5069 528 5166 interpretes
543 5068 655 5159 ignari
672 5067 856 5137 doctrinae
869 5062 1075 5156 Evangelii,
1101 5065 1162 5159 qui
1182 5077 1307 5156 putant
1331 5062 1334 5083 '
1358 5067 1402 5131 ad
1423 5059 1677 5152 Evangelium,
1704 5087 1768 5132 nrc
1783 5062 1870 5136 sinit
1892 5089 1951 5135 eas
1974 5067 2133 5138 intricari
2156 5073 2348 5154 erroribus,

309 5196 388 5245 esse
404 5175 615 5246 concionem
635 5171 739 5261 legis,
764 5170 865 5240 etsie
881 5183 1063 5239 enarrant:
1088 5165 1127 5239 si
1150 5170 1230 5261 quis
1249 5168 1307 5235 di·
1357 5167 1419 5234 sed
1443 5166 1561 5234 incoat
1584 5187 1711 5234 novam
1734 5167 1868 5248 lucem,
1900 5167 2074 5239 iusticiam
2101 5183 2136 5241 et
2159 5172 2267 5242 vitam
2281 5169 2348 5267 [ae-

308 5275 390 5368 tigit
407 5301 480 5359 me,
495 5297 694 5346 sermonem
711 5296 829 5341 meum
845 5271 1018 5354 servabit,
1036 5271 1073 5338 id
1089 5283 1159 5355 est,
1180 5269 1305 5360 siquis
1331 5324 1334 5337 .
1357 5282 1514 5351 ternam,
1552 5280 1585 5336 et
1614 5281 1785 5340 sustentat
1814 5293 1853 5340 ac
1879 5271 2084 5342 consolatur
2103 5273 2282 5346 credentes
2307 5277 2346 5344 in

308 5403 350 5448 ex
365 5394 448 5452 toto
465 5379 593 5466 corde,
624 5398 664 5444 ex
685 5386 760 5444 tota
782 5375 920 5457 anima,
953 5385 988 5444 et
1010 5372 1148 5443 omnib.
1169 5371 1306 5442 viribus
1330 5348 1334 5415 l
1357 5370 1528 5438 omnibus
1543 5372 1735 5442 aerumnis.

307 5483 433 5575 diligit
458 5481 594 5563 Deum,
629 5479 660 5546 is
694 5491 810 5547 servat
844 5475 976 5564 legem,
1016 5475 1047 5542 is'
1074 5473 1188 5566 placet
1216 5471 1303 5542 Deo.
1461 5469 1531 5541 Sed
1564 5469 1655 5539 illud
1687 5485 1739 5542 est
1771 5473 1965 5544 dolendum
2002 5487 2037 5546 ct
2077 5477 2349 5569 deplorandum,

307 5581 410 5658 llaec
436 5581 613 5656 enarratio
636 5579 749 5650 aliena
772 5591 841 5662 est,
873 5599 939 5645 nec
965 5577 1118 5666 pertinet
1140 5578 1184 5645 ad
1210 5572 1306 5645 hunc
1330 5644 1333 5675 Ι
1358 5575 1453 5666 quod
1471 5597 1535 5641 nos
1550 5573 1632 5641 duri
1656 5588 1689 5643 et
1711 5575 1802 5642 caeci
1826 5601 1899 5645 non
1926 5601 2112 5649 movemur
2135 5593 2204 5649 tam
2229 5583 2347 5672 ampla

307 5689 444 5764 locum.
496 5680 662 5756 Christus
676 5694 776 5753 cocat
792 5702 990 5749 sermonem
1005 5701 1130 5761 suum,
1153 5703 1227 5747 non
1248 5701 1305 5746 so-
1357 5675 1610 5766 promissionc:
1638 5673 1823 5746 Humanae
1839 5693 1973 5748 mentes
1993 5694 2137 5771 propter
2153 5683 2349 5753 naturalem

311 5791 537 5882 lasnlegem,
563 5787 753 5855 scdtotnm
769 5780 1025 5869 Evangelium,
1058 5780 1185 5864 idest,
1220 5804 1305 5870 pro-
1357 5777 1614 5861 diffidentiam,
1656 5793 1690 5848 ct
1711 5777 1890 5849 absterriti
1912 5781 2007 5868 lege,
2042 5805 2265 5876 nequaquam
2292 5803 2349 5854 ass

312 5894 520 5968 missionem
541 5887 674 5982 gratiae
698 5899 732 5958 ct
755 5885 848 5957 vitae
868 5897 1049 5969 aeternae,
1074 5905 1182 5978 quarn
1204 5884 1309 5954 Dens
1328 5928 1336 5974 ,
1356 5879 1564 5952 sentiuntur
1577 5891 1712 5952 tantam
1728 5901 1801 5951 esse
1818 5880 2015 5954 bonitatem
2031 5879 2118 5966 Dei,
2151 5898 2192 5955 ut
2209 5907 2273 5955 nos
2289 5909 2351 5956 va-

1496 2672 1714 2754 Parucietus
1729 2689 1851 2753 autem
1868 2681 2025 2783 spiritus
2043 2688 2221 2766 veritalis.
