5825 6950
520 689 600 776 ωε
691 789 695 799 1
1112 665 1954 768 aurumnsmuranxaearrca
2489 671 2565 748 ωε

522 863 687 960 exempla
710 854 864 935 studiosi
885 844 1154 946 deprehendent
1179 845 1221 918 in
1253 844 1408 920 lectione
1431 842 1524 919 l’ro·
1578 843 1812 932 musileum,
1837 843 2020 918 sedetiam
2035 867 2102 918 nos
2118 845 2253 940 abipso
2267 843 2368 938 diligi
2383 845 2568 936 credimus,

527 969 729 1068 plastarum.
789 961 877 1034 Non
905 956 1034 1048 ignm
1066 965 1204 1038 antem,
1240 970 1344 1042 posse
1375 947 1528 1044 reperiri
1579 957 1790 1048 quanquam
1817 947 2068 1044 multipliciter
2100 969 2205 1038 reos,
2238 963 2275 1022 et
2299 950 2406 1022 nobis
2433 965 2567 1042 peccata
2640 1010 2644 1045 ,

528 1068 735 1169 praestigias
753 1066 797 1136 ad
813 1058 991 1146 eludenda
1008 1051 1095 1127 haee
1110 1052 1325 1126 testimonia.
1376 1049 1424 1124 Ει
1438 1053 1529 1122 mira
1579 1053 1737 1139 remitti,
1762 1066 1798 1123 et
1818 1045 1878 1124 hic
1893 1053 2012 1123 cultus
2027 1053 2263 1143 praestantior
2276 1067 2328 1124 est
2342 1053 2509 1136 caeteris,
2534 1077 2569 1128 ac
2639 1050 2645 1131 l

531 1197 630 1246 nnnc
653 1184 706 1241 est
734 1166 960 1258 ingeniomm
989 1155 1205 1253 petulantia,
1245 1155 1309 1224 alii
1333 1152 1528 1246 rep'rehen·
1580 1157 1692 1248 magis
1714 1154 1887 1246 glorificat
1902 1151 2040 1241 Deum,
2066 1177 2172 1248 quam
2195 1155 2323 1228 caeteri
2345 1156 2463 1226 cultus
2490 1176 2570 1245 ope-
2639 1147 2645 1226 l

532 1281 622 1348 dent
637 1269 726 1344 haec
741 1267 958 1347 ambitione,
982 1260 1045 1332 alii
1064 1258 1334 1344 malevolentia,
1357 1257 1422 1328 alii
1443 1257 1528 1329 odio
1579 1281 1682 1344 rum,
1704 1272 1843 1331 utnon
1867 1256 2003 1342 lucari,
2035 1279 2111 1326 non
2133 1257 2305 1328 occidere.
2365 1253 2445 1327 Etsi
2470 1279 2570 1348 saepe
2642 1264 2651 1288 ¹*

534 1399 641 1448 verse
663 1372 815 1465 pietatis.
869 1365 941 1438 Sed
962 1387 1029 1433 oro
1052 1374 1087 1432 et
1103 1362 1262 1431 obtestor
1276 1360 1354 1452 pins
1369 1362 1530 1446 lectores,
1580 1357 1855 1455 chrysostomus
1877 1359 2088 1430 extrariam
2114 1359 2242 1439 currit,
2277 1373 2398 1430 umen
2424 1354 2496 1429 hoe
2519 1360 2571 1427 di·
2650 1383 2651 1417 t

533 1493 577 1552 nt
590 1475 683 1549 hanc
697 1467 1023 1566 interpretationem
1045 1463 1237 1552 diligenter
1249 1465 1469 1554 expendant,
1495 1472 1530 1532 et
1582 1477 1677 1536 ctum
1699 1463 1778 1533 iure
1797 1462 2010 1536 celebratur.
2078 1459 2168 1531 Nam
2195 1462 2276 1531 iidei
2301 1475 2466 1532 naturam
2494 1485 2570 1551 per·
2650 1493 2651 1522 1

537 1581 782 1660 considerent,
807 1597 847 1642 ea
864 1570 1002 1651 deleta,
1034 1567 1135 1658 sequi
1158 1564 1314 1654 ingentia
1330 1567 1530 1635 incommo-
1581 1566 1703 1659 spicue
1718 1578 1753 1637 et
1768 1575 1808 1635 ut
1821 1563 1869 1634 ita
1893 1563 2028 1650 dicam,
2052 1561 2145 1634 vivis
2165 1562 2347 1648 coloribus
2369 1563 2572 1648 illustravit,
2648 1585 2651 1623 ἡ

537 1682 596 1768 da,
620 1680 711 1771 eripi
727 1670 953 1748 conscientiis
968 1670 1106 1739 firmam
1124 1667 1415 1748 consolationem,
1442 1667 1530 1738 abo·
1582 1668 1744 1752 eumait,
1770 1666 1986 1736 credendum
2005 1687 2098 1748 esse,
2125 1669 2220 1760 quod
2236 1666 2430 1755 diligamur
2447 1689 2468 1734 a
2487 1663 2570 1750 Deo,
2639 1751 2640 1756 ἵ

538 1783 608 1856 leri
632 1804 751 1852 veram
782 1773 1067 1854 invocationem,
1107 1769 1290 1839 obscurari
1319 1770 1529 1842 beneficium
1582 1793 1785 1865 quanquam
1801 1760 2025 1854 ὑπεύθυνοι,
2049 1781 2084 1841 et
2098 1767 2310 1858 accipiamus
2326 1767 2569 1837 remissionem
2650 1823 2651 1826 ,

539 1881 686 1958 Christi.
754 1878 934 1950 Tollenda
962 1886 1015 1945 est
1041 1895 1084 1942 ex
1105 1869 1208 1942 omni
1232 1870 1303 1942 vita
1329 1867 1531 1963 sophistica,
1582 1885 1826 1960 peccatorum,
1852 1874 2038 1962 καυχᾶται
2057 1865 2133 1969 γὰρ
2153 1863 2264 1942 πάλιν
2288 1863 2476 1952 durande,
2508 1868 2570 1960 οὐχ
2650 1895 2651 1927 ³

540 1990 617 2060 sed,
636 1983 787 2054 maxime
819 1978 971 2049 arcenda
998 1975 1045 2046 ab
1067 1971 1261 2058 Ecchsiis,
1301 1990 1370 2043 nec
1390 1972 1529 2044 ferendi
1585 1969 1642 2046 dre
1661 1969 1729 2046 τὸν
1750 1967 1846 2044 θεὸν
1870 1968 2019 2064 ἐφίλησε
2048 1966 2174 2066 μόνον
2270 1965 2376 2057 σίως,
2411 1969 2497 2044 ἀλλ’
2520 1968 2571 2043 ὅτι
2650 2025 2651 2030 1

541 2101 625 2159 sunt
647 2085 874 2175 ingeniorum
898 2078 996 2162 ludi,
1034 2099 1126 2169 quae
1154 2077 1311 2165 lingunt,
1352 2075 1531 2168 pictorum
1582 2071 1647 2150 καὶ
1662 2079 1797 2168 πολλῆς
1816 2070 1905 2168 παρ’
1921 2071 2040 2148 αὐτοῦ
2059 2078 2167 2168 τιμῆς
2186 2068 2457 2167 απήλαυσεκαὶ
2471 2066 2571 2173 ripoi-
2650 2127 2651 2132 η

540 2213 661 2272 more,
688 2183 866 2281 quidquid
888 2182 995 2256 tibet.
1037 2177 1196 2268 Simplex
1220 2178 1350 2249 veritas
1372 2199 1532 2247 necessa-
1583 2203 1670 2273 πης,
1705 2173 1829 2272 ὥσπερ
1844 2173 1919 2276 γὰρ
1941 2172 2055 2258 αὐτὸς
2071 2173 2190 2250 αὐτοῦ
2207 2169 2393 2274 ἠγάπησε,
2427 2170 2572 2274 μεγάλα
2650 2205 2651 2208 “

541 2292 597 2362 ria
615 2285 792 2360 Ecclesiae
815 2283 1029 2360 retineatur,
1056 2293 1091 2349 et
1113 2275 1205 2349 hanc
1228 2302 1392 2348 curemus
1411 2279 1531 2348 incor-
1583 2277 1667 2376 napi
1681 2277 1799 2352 αὐτοῦ
1815 2276 2067 2375 φαντασθεὶς,
2091 2283 2204 2352 τοῦτο
2217 2273 2293 2376 γὰρ
2309 2271 2457 2376 ἀγάπης
2474 2275 2571 2376 deiy-

542 2406 683 2485 neptam
700 2385 894 2460 transmitti
908 2386 952 2454 ad
970 2381 1220 2473 posteritatem.
1273 2378 1353 2451 Hoc
1373 2381 1530 2451 officium
1583 2405 1659 2476 μα,
1685 2377 1785 2455 οὕτω
1805 2376 1870 2453 καὶ
1890 2377 1980 2463 θεὸς
1990 2377 2111 2454 αὐτὸν
2127 2379 2275 2478 ἐφίλησε
2289 2375 2440 2473 μυρίοις
2458 2375 2571 2453 ὑπεύ·

540 2491 641 2566 Deus
661 2495 707 2562 ab
730 2488 910 2562 omnibus·
923 2508 964 2555 ac
984 2484 1171 2576 praecipue
1194 2507 1214 2552 a
1235 2484 1533 2574 gubernatoribus
1584 2485 1710 2558 θυνον
1731 2480 1844 2576 ὄντα,
1885 2480 1971 2576 οὐχὶ
1991 2476 2177 2564 κολάσεως
2199 2476 2414 2564 ἀπαλλάξας
2440 2481 2570 2578 μόνον,

542 2596 744 2680 doctrinae,
770 2605 832 2661 ant
845 2587 1002 2678 Reipob.
1019 2585 1192 2676 postulat,
1216 2598 1250 2654 et
1269 2581 1446 2655 Ecclesiae
1468 2586 1533 2654 de·
1586 2581 1762 2659 ἀλλὰκαὶ
1785 2581 1933 2666 δίκαιον
1949 2578 2213 2685 ἐργασάμενος.

541 2699 659 2770 bitum
675 2709 742 2766 est:
777 2688 852 2763 Nec
868 2687 1096 2760 nllnscnltus
1113 2683 1190 2756 Deo
1205 2688 1338 2776 gratior
1356 2701 1419 2760 est.
1472 2685 1533 2758 Sic
1685 2689 1800 2778 Digna
1817 2702 1851 2758 et
1866 2685 2069 2758 Bernhardi
2087 2713 2153 2758 vox
2176 2700 2228 2758 est
2251 2709 2342 2782 quae
2363 2685 2566 2770 celebretur,

542 2801 656 2891 igitur
677 2813 711 2868 et
732 2794 926 2866 sententiae
948 2790 1073 2861 citatae
1092 2811 1112 2859 a
1134 2785 1247 2859 Paulo
1269 2789 1531 2879 intelligantur:
1585 2791 1685 2862 cuins
1706 2786 1792 2860 haec
1808 2803 1890 2860 sunt
1914 2793 2019 2860 verba
2045 2791 2084 2860 in
2108 2791 2279 2862 concione
2301 2791 2346 2859 de
2362 2789 2571 2868 Annuntia-
2650 2845 2651 2854 ,

544 2900 708 2976 Credidit
728 2891 912 2968 Abraham
933 2890 1031 2982 Deo,
1063 2905 1097 2962 ει
1118 2891 1332 2981 imputatum
1355 2904 1407 2961 cst
1430 2891 1463 2961 ei
1488 2891 1532 2959 ad
1584 2893 1699 2965 tione:
1743 2891 1889 2964 Necesse
1905 2905 1957 2963 est
1974 2893 2090 2986 primo
2107 2893 2269 2963 omnium
2286 2894 2451 2982 credere,
2478 2892 2570 2984 quod
2650 2921 2651 2936 ¹

543 3003 741 3086 iusticiam,
766 3001 802 3069 id
829 3010 900 3081 est,
924 2989 1117 3064 Abraham‘
1133 2991 1278 3082 agnovit
1300 3016 1346 3063 se>
1362 3015 1438 3064 non
1461 3013 1533 3062 esse
1587 2995 1832 3067 remissionem
1855 3009 2077 3086 peccatorum
2100 2990 2230 3064 habere
2251 3017 2326 3066 non
2349 2995 2483 3085 possis,
2507 2995 2573 3063 nisi

518 3107 678 3175 iustum
695 3114 842 3193 propter
860 3100 994 3187 legem,
1019 3107 1081 3166 aut
1095 3094 1245 3166 virtutes
1264 3117 1360 3181 suas,
1389 3095 1534 3187 agnovit
1586 3121 1650 3189 per
1670 3097 1927 3192 indulgentiam
1950 3097 2029 3169 Dei.
2088 3095 2160 3168 Sed
2180 3099 2271 3167 adde
2294 3090 2413 3166 adhuc
2436 3111 2477 3166 ut
2500 3121 2572 3168 cre-

531 3206 786 3284 ,infirmitatem
802 3214 967 3285 naturae,
992 3197 1316 3290 quaeparitmnlta
1333 3198 1438 3283 vitia,
1465 3198 1533 3280 dnf
1587 3201 1668 3284 das,
1695 3213 1730 3270 et
1747 3195 1832 3284 hoc,
1857 3201 1954 3293 quod
1979 3222 2041 3292 per
2067 3199 2182 3291 ipsum
2207 3211 2346 3291 peccata
2370 3191 2490 3267 Tibi
2510 3201 2573 3269 do-
2650 3231 2651 3268 2

545 3306 739 3379 bitatione:
762 3307 807 3372 de
828 3303 922 3386 Deo,
956 3313 992 3369 et
1014 3299 1111 3368 varie
1132 3312 1290 3370 errantes
1311 3301 1535 3391 cupiditates,
1587 3313 1730 3373 nentur.
1775 3297 1853 3371 Hoc
1870 3316 1922 3374 est
1939 3302 2184 3373 testimoninm
2201 3303 2296 3395 quod
2316 3295 2481 3391 perhibet
2493 3301 2573 3394 Spi-
2650 3363 2651 3368 ,

544 3409 709 3481 meminit
723 3408 829 3478 etiam
847 3414 959 3474 errata
976 3423 1039 3470 sna
1054 3397 1356 3471 interChaldaeos
1372 3402 1536 3487 admissa,
1587 3403 1676 3475 ritus
1694 3404 1890 3476 sanctusin
1912 3406 2019 3477 corde
2042 3417 2122 3489 tuo,
2148 3403 2285 3475 dicens:
2319 3402 2473 3474 Dimissa
2492 3418 2573 3477 srrnt
2650 3465 2651 3470 ,

544 3512 611 3583 obi
630 3511 752 3603 impiis
771 3507 926 3577 cultibus
947 3500 1208 3573 contaminatus
1228 3517 1290 3576 est.
1356 3504 1429 3577 Sed
1451 3503 1534 3597 qnia
1587 3506 1652 3578 tibi
1679 3520 1817 3595 peccata
1840 3520 1912 3577 tna.
1945 3505 2023 3578 stc
2039 3506 2136 3575 enirn
2158 3507 2353 3578 arbitrator
2368 3505 2573 3598 Apostolus.

545 3627 665 3706 postea
685 3609 823 3682 audivit
845 3605 1116 3698 promissionem
1140 3605 1185 3674 de
1206 3605 1360 3690 semine,
1386 3619 1420 3677 et
1438 3603 1535 3675 Deus
1587 3608 1694 3695 gratis
1717 3607 1899 3679 iustificari
1924 3601 2106 3677 hominem
2129 3632 2193 3700 per
2214 3608 2331 3678 iidem.
2383 3606 2519 3679 Extant
2543 3625 2573 3680 et

547 3716 581 3785 ei
598 3714 750 3783 dixerat:
791 3708 868 3799 Ego
890 3730 953 3777 ero
981 3718 1160 3797 protector
1189 3718 1289 3791 tuns,
1320 3708 1444 3779 statuit
1467 3707 1534 3777 sibi
1587 3711 1720 3779 similes
1741 3710 1934 3779 sententiae
1955 3710 2092 3803 aliquot
2113 3712 2208 3801 apud
2227 3704 2343 3791 hunc,
2369 3735 2572 3805 quanquam

547 3839 613 3910 per
632 3812 910 3883 misericordiam
947 3808 1076 3879 donari
1104 3807 1347 3879 remissionem
1376 3824 1535 3903 peccato·
1588 3825 1760 3880 recentem
1783 3812 2010 3908 scriptorem,
2042 3812 2103 3881 sed
2127 3824 2245 3881 tamen
2271 3834 2344 3881 non
2364 3816 2489 3890 rudem
2504 3816 2573 3905 spi-

546 3940 649 4000 cum,
670 3929 706 3986 et
726 3909 909 3984 rehabere
926 3907 1042 3981 Deum
1067 3906 1286 4001 propicium,
1312 3912 1534 3981 defensorem
1576 3914 1770 3985 ¹ritualium
1788 3912 2052 3983 exercitiorum:
2079 3913 2117 3983 in
2142 3914 2270 4006 quibus
2291 3913 2417 3983 didicit
2434 3919 2572 4007 acquie-
2650 3958 2651 3967 ι

547 4034 586 4090 ει
606 4017 829 4091 salvatorem.
889 4011 941 4083 lta
965 4012 1079 4081 iustus
1102 4014 1359 4102 pronunciatur
1382 4015 1471 4098 fide,
1499 4014 1535 4082 id
1587 4038 1681 4083 scere
1714 4014 1963 4083 conscientiam
1993 4039 2066 4085 non
2094 4038 2213 4107 posse,
2249 4016 2319 4083 nisi
2351 4016 2426 4085 lide
2449 4032 2572 4089 statuat

547 4135 619 4206 est,
644 4118 773 4189 fiducia
795 4113 1057 4185 misericordiae
1081 4113 1242 4199 divinae,
1279 4115 1418 4186 etiamsi
1438 4115 1536 4186 videt
1588 4116 1694 4203 gratis
1717 4116 1851 4184 remitti
1874 4130 2012 4207 peccata
2039 4132 2182 4208 propter
2203 4112 2397 4189 Christum.
2465 4117 2572 4191 lntel-
2650 4168 2651 4191 1

548 4239 713 4296 naturam
726 4219 905 4289 infirmam
921 4230 957 4287 et
976 4214 1139 4286 vitiosam
1156 4238 1241 4293 esse.
1292 4216 1404 4309 Saepe
1418 4230 1534 4287 autern
1588 4216 1665 4307 ligit
1682 4217 1790 4306 igitur
1805 4217 1928 4299 iidem,
1955 4231 1995 4289 ut
2010 4242 2094 4300 reos,
2119 4220 2163 4288 dc
2178 4220 2318 4295 fiducia.
2337 4217 2436 4288 -Dixt
2456 4238 2569 4294 antem

550 4327 638 4395 lides
658 4346 732 4392 non
754 4320 872 4393 soleam
895 4316 1041 4388 dimicat
1063 4320 1109 4387 de
1136 4317 1345 4389 remissione
1376 4333 1534 4410 peceato-
1587 4340 1714 4408 supra,
1755 4341 1821 4388 nos
1853 4319 2040 4411 complecti
2074 4322 2240 4404 noticiam
2275 4315 2474 4406 historiae,
2512 4348 2572 4395 seu

548 4450 650 4511 rum,
686 4446 749 4494 sen
778 4424 823 4493 de
850 4417 1107 4510 acceptatione,
1147 4423 1208 4489 aed
1238 4421 1344 4492 etiam
1375 4433 1535 4490 versatur
1587 4443 1710 4489 omnes
1730 4421 1898 4492 articulos
1914 4422 2013 4509 fidei,
2040 4437 2075 4494 et
2097 4444 2177 4491 cum
2200 4423 2286 4493 fides
2301 4425 2463 4495 intuetur
2479 4421 2570 4497 hunc

424 4561 427 4567 ¹
550 4530 644 4599 circa
665 4538 807 4595 externa
820 4522 976 4594 obiecta:
1002 4533 1043 4589 ut
1059 4521 1146 4591 fides
1161 4522 1313 4592 Doridis
1338 4522 1431 4591 circa
1454 4544 1533 4589 mo·
1586 4522 1942 4595 articulum:'Credo
1965 4526 2209 4594 remissionem
2233 4536 2478 4616 peccatorum,
2511 4552 2570 4598 ne·
2642 4572 2643 4579 ι

549 4623 774 4699 nemachiam
796 4648 877 4697 cum
899 4614 1061 4696 Goliath.
1134 4621 1229 4692 Haec
1251 4624 1408 4713 exempla
1426 4621 1532 4693 etiarn
1586 4644 1679 4692 cesse
1692 4640 1761 4708 est,
1785 4626 1949 4695 fiduciam
1968 4627 2125 4718 concipi,
2151 4628 2248 4719 quod
2270 4620 2338 4697 hoc
2362 4629 2570 4701 heneficium
2642 4654 2651 4673 ἰ

550 4726 623 4800 hue
637 4730 833 4821 pertinent:
859 4746 998 4816 semper
1010 4724 1106 4793 enirn
1123 4719 1215 4793 hanc
1228 4725 1333 4791 fidem
1348 4734 1533 4816 expectan-
1586 4728 1907 4816 vereaccipiamns.
1959 4726 2048 4798 Nam
2066 4729 2211 4808 caeteri,
2236 4731 2569 4821 quitantumintel-

549 4846 620 4901 tem
642 4829 813 4900 auxilinm
836 4825 1038 4917 corporale,
1063 4826 1238 4917 praecedit
1258 4824 1343 4893 tides
1358 4825 1533 4917 accipiens
1586 4827 1703 4917 ligunt
1723 4830 1852 4914 iidem,
1884 4823 2054 4899 historiae
2083 4830 2279 4909 noticiam,
2320 4856 2394 4900 non
2424 4838 2569 4904 credunt

550 4932 795 5002 remissionem
812 4942 1048 5019 peccatorum.
1099 4924 1180 4997 Non
1202 4926 1325 4996 statuit
1345 4950 1445 4995 mens
1469 4930 1533 4996 ad·
1587 4926 1681 5000 hunc
1697 4931 1904 5002 articulum:
1931 4928 2190 5002 Remissionem
2212 4944 2455 5021 peecatorum,
2483 4938 2570 5008 sicut

548 5034 665 5106 iuvari
686 5055 752 5102 nos
774 5056 794 5102 a
816 5029 910 5113 Deo,
949 5031 1020 5099 nisi
1048 5028 1145 5117 prins
1170 5040 1300 5098 statuat
1331 5028 1531 5118 propicium
1586 5044 1620 5101 et
1652 5034 1768 5123 palam
1805 5033 1930 5103 iubent
1960 5034 2125 5106 dubitare
2160 5036 2204 5103 de
2247 5036 2455 5105 remissione
2494 5062 2569 5131 pec·

549 5161 633 5206 esse.
691 5133 788 5203 Haec
811 5133 932 5223 regula
954 5129 1108 5201 ostendit
1130 5124 1281 5198 Paulum
1303 5143 1397 5223 recte
1422 5130 1529 5201 citare
1585 5132 1755 5207 catorum.

544 5238 748 5309 testimonia
764 5238 809 5304 de
822 5236 907 5315 fide,
933 5246 1046 5301 etnos
1059 5229 1098 5296 in
1116 5228 1340 5300 invocatione
1355 5234 1484 5308 erudit.
1686 5234 1779 5307 Satis
1803 5234 1914 5304 multa
1939 5235 2071 5328 opinor
2092 5238 2136 5305 de
2161 5238 2336 5307 vocabulo
2355 5239 2451 5325 diri,
2484 5264 2567 5336 quae
2650 5274 2651 5281 ι

646 5332 1361 5421 Addam‘etscriptorumeetenrmdicta.
1402 5331 1527 5425 Augu·
1585 5336 1670 5426 piis,
1704 5337 1885 5423 candidis,
1927 5353 1961 5409 ει
1988 5339 2190 5410 amantibus
2222 5341 2404 5412 veritatem
2434 5346 2565 5415 satisfa-

544 5442 657 5511 stinus
676 5439 813 5533 inquit:
844 5435 899 5505 Ex
916 5434 992 5519 lege
1012 5432 1178 5506 timemus
1190 5432 1324 5520 Deum,
1351 5433 1420 5503 lide
1442 5462 1529 5505 con·
1583 5453 1681 5508 ctura
1697 5460 1770 5509 esse
1787 5462 1900 5529 spero.
1950 5438 2055 5511 Nunc
2071 5436 2362 5532 reprehendenda
2380 5456 2431 5513 est
2448 5442 2566 5537 sophi·

543 5544 697 5630 hagimtu
725 5542 770 5610 ad
800 5531 1092 5606 misericordiam.
1157 5531 1267 5606 Recte
1297 5535 1527 5624 Augustinus,
1582 5539 1667 5609 stica
1686 5536 1872 5628 Origenis,
1899 5538 2179 5628 Monachorum,
2204 5559 2240 5613 et
2260 5544 2454 5615 multorum
2481 5549 2564 5617 alio·

543 5666 608 5712 nec
625 5657 738 5732 potest
755 5636 882 5707 honde
896 5634 970 5704 sola
985 5634 1115 5707 noticia
1131 5630 1298 5707 historiae
1311 5638 1476 5727 intelligi.
1580 5663 1673 5727 curn,
1701 5642 1760 5733 qui
1777 5637 2115 5738 κάτὰσυνεκδοχὴν
2130 5645 2199 5714 dici
2215 5646 2453 5716 arbitrantur:
2481 5648 2563 5718 Fide

640 5742 916 5837 Chrysostomus
936 5736 974 5804 in
998 5739 1252 5809 commentario
1275 5736 1459 5829 Epistolae
1481 5740 1525 5807 ad
1580 5741 1830 5830 iustificamur,
1863 5746 1995 5830 idest,
2035 5760 2182 5837 propter
2203 5749 2371 5820 noticiam
2399 5745 2564 5820 historiae

539 5844 647 5918 Rom.
672 5840 800 5935 capi.
833 5838 940 5927 Fide,
978 5839 1224 5934 inquit,-non
1254 5839 1370 5911 solum
1402 5842 1521 5930 diligi-
1580 5845 1623 5912 de
1644 5838 1808 5933 Christo,
1842 5868 1904 5917 seu
1929 5849 2186 5939 professionem
2214 5862 2249 5921 et
2272 5864 2426 5922 caeteras
2452 5852 2560 5924 virtu·
