5825 6950
559 690 635 774 aot
979 759 1018 768 ,,
1091 759 1122 769 ,,
1161 684 1284 766 unua
1313 639 1661 763 senescalcia
1690 629 1996 765 tractationes.¹
2515 695 2587 766 eoo

561 869 631 950 tia,
656 877 691 934 et
711 860 1039 953 conspiciebantur,
1062 854 1121 943 cni
1134 851 1213 928 Deo
1233 870 1449 950 praestarent
1466 858 1553 930 obe·
1575 859 1581 978 l
1603 875 1654 932 tes
1678 861 1844 940 utilitates
1865 863 2027 955 pariunt,
2053 876 2087 933 et
2108 874 2250 934 econtra
2270 862 2371 954 parvi
2387 862 2508 956 lapsus
2523 872 2590 930 tra·

562 967 756 1051 clientium,
783 982 818 1039 et
838 963 956 1056 qualia
978 960 1094 1030 officia
1115 959 1177 1028 ille
1199 983 1303 1030 verns
1319 957 1415 1030 Deus
1432 975 1553 1051 postu-
1576 979 1579 996 ·
1602 959 1695 1034 lenm
1729 988 1830 1055 saepe
1871 989 2015 1054 magnas
2045 964 2188 1051 ruinas,
2229 978 2269 1036 ut
2301 959 2449 1036 historia
2481 963 2591 1050 Adae,

563 1071 672 1150 lacet,
705 1067 798 1138 sicut
821 1064 914 1137 Psal.
944 1064 1079 1156 inquit:
1113 1061 1263 1153 Propter
1293 1075 1328 1132 te
1358 1078 1554 1134 mactamur
1602 1063 1718 1148 Evae,
1738 1080 1778 1136 et
1793 1067 1861 1136 alia
1878 1069 1988 1138 multa
2003 1064 2160 1158 eicempla
2177 1081 2363 1140 testantur.
2411 1065 2519 1136 Nunc
2538 1089 2590 1134 re·

564 1185 638 1244 tota
661 1170 731 1243 die.
782 1168 902 1238 Posita
927 1178 961 1235 et
984 1176 1149 1233 manente
1163 1159 1229 1233 bac
1243 1166 1380 1254 regula,
1406 1191 1451 1234 ne
1469 1167 1554 1234 liant
1603 1169 1760 1256 spondeo
1781 1169 1824 1237 ad
1844 1171 2037 1240 secundum
2054 1185 2317 1259 argumentum:
2344 1167 2426 1240 Non
2441 1181 2529 1238 suut
2542 1170 2591 1238 fa-

564 1297 671 1366 opera
688 1263 890 1361 prohibita,
917 1281 953 1338 et
970 1267 1273 1363 liantpraecepta,
1300 1268 1433 1338 accedit
1451 1291 1554 1358 saepe
1604 1272 1749 1342 ciendae
1779 1270 2024 1362 profusiones,
2056 1273 2262 1362 praesertim
2292 1295 2372 1343 curn
2402 1270 2592 1340 defrauda-

563 1400 631 1464 pro
651 1374 815 1444 libertate
833 1370 978 1463 spiritus
991 1367 1135 1439 tertium
1153 1390 1282 1457 genus,
1308 1369 1431 1448 idest,
1457 1371 1553 1462 quod
1604 1373 1702 1442 tione
1723 1395 1936 1464 pauperum,
1963 1377 2021 1446 sed
2047 1369 2115 1444 hoe
2132 1388 2351 1464 unguentum
2369 1372 2520 1463 triginta
2536 1395 2592 1440 co-

564 1478 605 1548 in
626 1499 753 1568 genere
776 1498 857 1544 cum
880 1470 1074 1564 praeceptis
1095 1469 1278 1561 congruit,
1305 1473 1366 1541 sed
1384 1473 1421 1540 in
1438 1472 1555 1568 specie
1603 1475 1738 1544 ronatis
1755 1475 1862 1546 vendi
1878 1488 2034 1566 poterat,
2056 1499 2131 1546 non
2146 1476 2256 1567 igitur
2269 1477 2318 1546 ita
2334 1473 2591 1544 effundendum

564 1579 725 1649 medium
748 1591 815 1660 est,
848 1596 910 1643 seu
935 1595 1008 1641 non
1033 1571 1289 1660 necessarium,
1314 1587 1357 1643 ut
1377 1589 1429 1644 est
1448 1575 1556 1644 salta·
1605 1589 1690 1646 erat.
1755 1577 1815 1648 Ad
1837 1577 2005 1646 maiorem
2030 1581 2246 1671 respondeo,
2277 1591 2458 1670 utrunque
2483 1597 2593 1666 genus

564 1682 617 1750 tio
645 1693 727 1749 ante
751 1701 888 1762 arcam,
929 1675 1025 1769 quod
1057 1674 1096 1742 in
1126 1696 1253 1764 genere
1283 1678 1447 1766 congruit
1475 1699 1554 1746 cum
1605 1703 1751 1771 operum
1768 1680 2000 1749 necessarium
2015 1694 2085 1765 est,
2110 1680 2233 1749 iuvare
2245 1702 2437 1770 pauperes,
2460 1691 2498 1748 et
2514 1679 2593 1746 ede·

566 1781 781 1875 praeceptis,
819 1801 910 1872 quae
939 1777 1065 1846 iubent
1097 1775 1268 1846 celebrari
1297 1776 1413 1850 Deum
1447 1775 1556 1848 lsraiil
1605 1805 1644 1851 re
1669 1782 1869 1852 testimonia
1891 1779 1995 1867 fidei,
2026 1795 2060 1852 et
2081 1782 2226 1873 spiritus
2248 1782 2287 1850 in
2311 1781 2593 1850 sanctisutrun·

566 1883 781 1953 nominatim
796 1881 913 1972 ipsum
930 1879 1146 1950 invocando.
1166 1890 1168 1893 ’
1199 1875 1346 1952 Invocat
1363 1879 1556 1969 igiturDa-
1605 1907 1674 1976 que
1692 1885 1793 1966 facit,
1820 1898 1854 1954 et
1874 1899 2032 1974 tempora
2055 1885 2302 1955 convenientia
2325 1883 2469 1978 utrique
2487 1881 2594 1966 videt,

566 1987 626 2054 vid
649 1985 686 2053 in
710 1979 777 2059 boc
795 1983 889 2065 ritu,
913 1980 1050 2051 etiamsi
1064 1974 1152 2055 haec
1166 1981 1280 2050 forano
1297 1985 1335 2053 in
1351 1985 1465 2076 specie
1483 2006 1556 2051 non
1607 1987 1698 2056 sicut
1720 1986 1806 2066 dicit
1822 1985 1965 2057 Samuel
1982 1983 2071 2076 Reg.
2091 1986 2169 2057 10.:
2184 1983 2267 2070 ,Fac
2288 2007 2525 2077 quaecunque
2541 1984 2593 2052 in-

565 2088 609 2156 sit
632 2098 833 2176 praecepta,
865 2086 927 2152 sed
949 2083 1042 2153 absit
1063 2083 1287 2173 superstitio,
1312 2110 1357 2154 ne
1380 2080 1558 2176 hocopus
1606 2089 1743 2160 venerit
1764 2112 1889 2158 monus
1914 2104 1993 2174 tua,
2026 2089 2108 2177 qstia
2132 2088 2300 2188 dominus
2323 2102 2440 2159 tecum
2461 2099 2536 2170 est,
2559 2085 2593 2154 id

566 2187 784 2258 existimetur
808 2208 881 2254 esse
903 2184 1070 2257 meritum
1091 2185 1308 2256 remissionis
1327 2201 1559 2279 peccatorum,
1608 2204 1675 2260 cst:
1711 2189 1792 2260 Non
1823 2215 1965 2280 possum
1988 2191 2127 2279 regulas
2149 2190 2370 2280 singulorum
2394 2201 2594 2258 momento-
2646 2208 2647 2216 ¹

566 2304 626 2364 aest
649 2289 846 2379 singulares
860 2288 975 2359 cultus
983 2336 997 2380 ,
1022 2311 1106 2384 prae
1122 2288 1346 2364 invocatione
1362 2314 1444 2361 vera
1462 2303 1557 2362 extra
1607 2316 1686 2362 rum
1720 2292 1972 2382 praescribere,
2004 2295 2064 2362 sed
2090 2292 2245 2384 Spiritus
2272 2304 2413 2361 sanetus
2438 2290 2594 2380 impellet

566 2390 664 2466 bunc
681 2393 803 2461 ritum.
982 2479 985 2482 ἢ
1608 2411 1639 2464 et
1662 2409 1757 2482 reget
1781 2409 1833 2472 te,
1860 2409 1900 2464 ut
1920 2409 2012 2466 recte
2032 2394 2139 2466 facias
2160 2393 2376 2488 praesentia,
2401 2395 2510 2462 modo
2524 2415 2594 2461 ser-

671 2544 725 2618 lta
741 2545 945 2618 observatio
961 2547 1076 2620 nostri
1094 2547 1230 2618 sabbati
1247 2560 1300 2618 est
1312 2539 1401 2639 opus
1416 2547 1559 2638 placens
1608 2500 1683 2568 νὴ*
1699 2512 1873 2568 v⁰⁰³¹¹⁰¹¹¹
1891 2511 1983 2572 ¹⁰³⁰·

566 2648 655 2721 Deo.
708 2648 799 2720 Nam
823 2671 933 2742 genus
955 2663 1005 2720 est
1031 2664 1274 2743 praeceptum,
1307 2663 1349 2719 ut
1371 2650 1559 2720 conveniat
1708 2649 1841 2742 Magna
1864 2647 1923 2722 bic
1944 2651 2144 2722 differentia
2169 2665 2220 2721 est
2242 2651 2455 2742 interopera
2475 2643 2588 2738 Spiri-

569 2751 723 2843 populus
753 2754 798 2822 ad
828 2752 1041 2823 audiendam
1070 2776 1191 2848 vocem
1214 2748 1419 2840 Evangelii,
1453 2754 1558 2823 etad
1609 2769 1666 2826 tus
1690 2755 1800 2824 sancti
1825 2767 1860 2824 et
1883 2755 1975 2824 inter
1997 2751 2152 2824 humana
2174 2754 2333 2824 consilia.
2394 2749 2505 2820 Multa
2535 2773 2593 2816 sa-

567 2877 673 2923 nsnm
693 2854 922 2938 sacramenti,
947 2857 1006 2924 sed
1029 2855 1161 2946 species
1183 2852 1430 2945 prolibertate
1453 2854 1559 2944 spiri·
1610 2861 1746 2948 pientes
1769 2871 2020 2946 corrumpunt,
2042 2859 2127 2926 dum
2151 2857 2289 2924 omissis
2307 2853 2473 2946 operibus
2489 2873 2593 2919 voca-

568 2971 626 3025 tus
650 2957 821 3027 'ordinata
854 2968 927 3039 est,
956 2979 1029 3049 qno
1055 2956 1113 3025 die
1135 2969 1170 3024 et
1189 2979 1261 3048 quo
1282 2956 1409 3026 ordine
1429 2979 1558 3026 conve·
1608 2961 1717 3031 tionis
1739 2959 1811 3028 alia
1835 2972 1963 3048 agunt,
1987 2983 2076 3051 quae
2098 2970 2224 3048 putant
2247 2979 2319 3026 esse
2341 2955 2593 3046 splendidiora.

569 3059 741 3127 niendum
775 3059 833 3134 sic.
897 3055 1002 3127 Talia
1034 3073 1119 3127 snut
1148 3057 1423 3128 innumerabilia
1452 3083 1559 3148 opero
1611 3061 1698 3131 item
1723 3062 1808 3131 dum
1832 3058 2003 3132 omitt'unt
2026 3061 2241 3150 praesentia,
2269 3074 2302 3128 et
2326 3073 2424 3128 metu
2446 3056 2595 3126 etfalsis

568 3161 744 3230 libertatis
765 3152 929 3252 spiritus(
973 3156 1089 3231 Rabel
1114 3159 1232 3250 rapuit
1255 3160 1351 3229 idola
1373 3161 1467 3251 patri
1490 3159 1561 3230 La·
1609 3163 1872 3254 suspicionibus
1897 3163 2044 3233 miscent
2074 3161 2237 3252 negocia,
2279 3157 2386 3231 utin
2417 3173 2591 3250 posterum

568 3265 659 3346 ban,
686 3263 850 3332 nonfuit
874 3283 1016 3330 necesse
1038 3263 1198 3345 artferre,
1224 3263 1285 3332 sed
1308 3287 1453 3332 monere
1476 3263 1561 3332 satis
1610 3266 1746 3360 aliquid
1775 3278 1939 3349 caveant,
1972 3267 2066 3357 quod
2096 3263 2253 3334 fortassis
2282 3285 2466 3356 nunqnam
2492 3279 2594 3328 even·

568 3377 667 3448 erat,
692 3375 733 3433 ut
752 3365 878 3434 vitaret
892 3363 1072 3434 idolorum
1088 3363 1234 3433 cultum.
1289 3353 1562 3434 frenefrliaim-
1611 3382 1731 3440 turum
1761 3382 1824 3441 est.
1890 3366 1977 3437 Saul
2006 3369 2182 3456 frangitur
2210 3381 2304 3436 metu
2334 3377 2368 3433 et
2389 3362 2597 3441 diffidentia,

567 3466 741 3559 paraturis
757 3462 889 3536 Licinii
913 3466 1039 3538 evertit
1058 3466 1155 3537 idola
1171 3467 1282 3557 patris
1297 3469 1371 3539 suis
1386 3468 1562 3554 manibus,
1611 3496 1656 3540 ne
1680 3484 1835 3560 expectet
1853 3467 2073 3554 Samuelem,
2097 3484 2132 3539 et
2155 3482 2275 3560 postea
2299 3481 2339 3537 nt
2356 3465 2597 3557 splendidiora
2646 3503 2647 3547 ;

568 3592 647 3639 reon
669 3590 807 3639 necessa
830 3579 906 3636 erat
929 3592 1037 3639 manu
1061 3583 1237 3657 evertere,
1263 3574 1322 3639 sed
1349 3586 1481 3660 patrem
1498 3574 1561 3641 ad·
1610 3574 1732 3656 faciat,
1757 3573 1914 3664 neglecto
1937 3575 2104 3651 mandato
2120 3568 2209 3655 Dei,
2234 3584 2373 3662 captum
2392 3590 2510 3657 regem
2529 3591 2598 3635 non
2646 3558 2647 3613 l

570 3693 717 3739 raconere
746 3668 830 3739 ratis
859 3682 946 3744 erat.
1001 3669 1218 3741 Laurentius
1243 3673 1357 3743 Decio
1385 3674 1561 3745 auferenti
1612 3676 1788 3748 interficit.
1864 3670 1979 3745 Achas
2016 3688 2161 3766 propter
2196 3670 2429 3742 diffidentiam
2462 3670 2600 3763 quaerit
2646 3630 2647 3703 l

570 3772 757 3864 pecuniam
782 3770 908 3841 aerarii
931 3771 1177 3857 ecclesiastici,
1203 3775 1371 3863 potuisset
1393 3777 1562 3845 camsine
1610 3778 1838 3871 Assyriorum
1878 3776 2028 3861 auxilia,
2065 3791 2186 3847 contra
2223 3798 2344 3844 vocem
2379 3766 2526 3855 Esaiae,
2564 3785 2600 3841 ut
2646 3850 2647 3861 ἵ

571 3888 716 3966 peccato
748 3873 968 3967 relinquere,
1003 3876 1063 3944 sed
1094 3876 1255 3947 libertate
1276 3879 1420 3968 spiritus
1445 3879 1563 3947 noluit
1612 3904 1713 3970 saepe
1729 3878 1840 3949 Tucci
1863 3903 1881 3949 a
1906 3879 2047 3967 regibus
2069 3879 2226 3947 nominis
2242 3871 2437 3947 Christiani
2461 3873 2600 3943 invitati
2646 3864 2647 3955 l

572 3993 725 4071 tyranno
750 3977 883 4048 cedere.
943 3974 1048 4047 Talia
1078 3979 1189 4048 multa
1219 3996 1302 4048 sunt
1324 4003 1430 4069 opera
1456 3980 1563 4049 liberi
1613 3996 1705 4055 sunt.
1758 3978 1807 4051 At
1829 4006 1907 4051 cerm
1932 3985 2038 4051 corda
2060 3982 2169 4049 verbo
2185 3978 2255 4049 Dei
2270 3992 2307 4049 et
2322 3975 2458 4066 Spiritu
2478 3989 2598 4046 sancto
2646 3976 2647 4071 l

571 4079 717 4164 spiritus
740 4079 779 4147 iu
801 4078 950 4163 sanctis,
975 4102 1067 4168 qrrae
1090 4095 1174 4150 sunt
1197 4082 1397 4152 testimonia
1422 4080 1563 4151 confes·
1613 4087 1876 4176 gubernantur,
1914 4082 2120 4173 intelligunt
2148 4080 2370 4151 vocationem
2402 4102 2526 4161 suam,
2569 4090 2600 4147 et
2646 4094 2647 4167 j

571 4180 683 4249 sionis
705 4194 739 4251 et
760 4180 918 4249 ardentis
939 4182 1103 4270 spiritus,
1127 4207 1217 4276 qcrae
1239 4178 1297 4251 laic
1317 4186 1441 4273 probat
1456 4181 1562 4256 Chri·
1614 4211 1693 4256 suas
1720 4210 1775 4255 res
1802 4198 1929 4277 agunt,
1964 4189 2126 4255 doctores
2147 4188 2293 4267 docent,
2324 4204 2398 4248 non
2423 4192 2600 4270 quaerunt
2646 4196 2647 4277 y

571 4298 665 4363 stirs,
707 4280 912 4373 praesertim
938 4307 1020 4354 eum
1050 4278 1257 4382 hypocritae
1286 4282 1563 4378 reprehendunt.
1614 4288 1813 4380 principum
1848 4290 2021 4377 praesidia
2050 4301 2085 4357 et
2112 4288 2265 4356 foedera.
2331 4280 2517 4373 Principes
2549 4304 2600 4352 res
2646 4286 2647 4311 ¹

574 4384 640 4456 Ait
661 4398 777 4456 autem
795 4380 958 4458 Christus
978 4384 1253 4475 praedicandum
1270 4389 1391 4459 esseid
1406 4390 1562 4459 officium
1614 4414 1693 4461 suas
1715 4391 1983 4471 administrant,
2010 4414 2083 4459 non
2106 4398 2287 4459 accersunt
2309 4384 2421 4455 aliena
2446 4387 2602 4473 negocia,
2646 4434 2647 4453 r

573 4511 652 4556 curn
677 4487 930 4577 propagatione
946 4482 1133 4574 Evangelii
1155 4490 1192 4557 in
1207 4503 1279 4559 toto
1297 4492 1452 4583 mundo,
1480 4491 1562 4584 quia
1615 4494 1847 4563 necturbant
1870 4507 1997 4562 statum
2021 4492 2204 4582 publicum
2229 4502 2337 4562 metu.
2404 4482 2453 4557 Et
2476 4510 2602 4577 magna

572 4587 705 4657 factum
729 4593 795 4677 sit,
822 4601 863 4658 ut
885 4589 1079 4658 declararet
1098 4614 1134 4659 se
1156 4616 1348 4661 memorem
1366 4590 1563 4663 fnreCltri-
1614 4595 1787 4687 sapientia
1812 4608 1847 4664 et
1868 4596 2042 4664 fortitudo
2067 4609 2114 4663 cst
2141 4591 2336 4685 praesentia
2364 4603 2455 4658 recte
2477 4590 2604 4673 facere,

573 4688 640 4768 sti,
666 4689 704 4759 id
727 4704 798 4769 est,
824 4703 865 4763 ut
889 4692 1082 4761 declararet
1102 4690 1373 4769 confessionem.
1425 4694 1564 4765 Latrdat
1616 4698 1704 4766 sicut
1721 4691 1885 4767 Christus
1908 4697 2043 4788 inquit:
2070 4692 2256 4767 Crastinus
2279 4694 2354 4762 dies
2374 4713 2439 4782 pro
2457 4714 2531 4760 sese
2547 4716 2604 4759 so·
2646 4732 2647 4789 3

574 4790 684 4876 igitur
709 4791 958 4863 universaliter
977 4816 1084 4884 opera
1101 4797 1333 4868 confessionis
1349 4797 1562 4891 sinesuper-
1615 4800 1732 4868 licitus
1754 4799 1839 4879 erit,
1864 4799 1992 4868 sufficit
2016 4796 2348 4874 dieiafllictiosua,
2382 4794 2505 4864 idest:
2531 4790 2604 4865 Vi·
2646 4804 2647 4833 ¹

573 4892 833 4968 stitionefacta.
1042 4960 1046 4966 ,
1616 4904 1761 4971 dearnus
1780 4900 1866 4992 quid
1889 4901 1927 4969 in
1951 4902 2145 4993 praesentia
2162 4912 2253 4968 recte
2274 4899 2351 4979 liat,
2376 4918 2441 4964 nec
2458 4910 2605 4987 propter
2646 4932 2647 4987 4

1616 5018 1748 5079 metum
1778 5016 1839 5075 aut
1863 5003 2015 5072 incertas
2035 5025 2113 5093 spes
2136 5015 2258 5072 contra
2281 4997 2439 5086 regulam
2466 4997 2603 5090 aliquid
2646 5010 2647 5021 ¹

1615 5125 1769 5195 agamus.
1819 5101 1917 5174 Haec
1937 5130 2011 5175 nou
2035 5118 2183 5197 possunt
2208 5099 2376 5187 iudicari,
2400 5098 2471 5169 nlsi
2495 5102 2604 5169 eorda

1615 5208 1683 5279 lide
1700 5220 1734 5278 et
1750 5204 1886 5299 Spiritu
1900 5223 2020 5281 sancto
2036 5208 2239 5277 confirmata
2256 5205 2336 5275 sint.
2646 5200 2647 5211 ’

558 5140 562 5151 Ι
677 5038 724 5113 Et
742 5046 838 5135 quod
853 5044 936 5116 facit
954 5047 1173 5120 mentionem
1190 5051 1412 5143 sepulturae,
1436 5053 1564 5123 alludit

573 5145 618 5214 ael
635 5168 775 5217 murem
798 5168 917 5215 earum
933 5150 1110 5237 gentium¹
1136 5179 1225 5245 quae
1240 5178 1387 5245 corpora
1404 5170 1563 5225 mortuu-

575 5270 657 5314 rum
680 5271 808 5337 magno
830 5264 950 5320 sumtu
974 5256 1144 5341 unguenti
1170 5257 1307 5343 perfusa
1327 5258 1562 5329 asservabant.

574 5345 639 5423 Ait
661 5372 743 5439 ergo
765 5364 903 5435 gratum
919 5353 988 5421 sibi
1005 5377 1078 5424 esse
1094 5356 1270 5442 officium,
1296 5358 1379 5450 quia
1393 5358 1564 5446 significet
1717 5356 1823 5430 Nunc
1839 5381 1948 5448 pauca
1965 5358 2138 5430 adiiciam*
2153 5360 2197 5427 de
2219 5354 2475 5445 significatione
2496 5350 2603 5422 oflicii

574 5450 708 5525 instare
738 5452 813 5520 eins
841 5454 1076 5544 sepulturam,
1109 5473 1144 5530 et
1168 5459 1281 5551 ipsam
1307 5474 1487 5551 expectare
1510 5482 1564 5529 se·
1617 5461 1772 5542 Mariae,
1800 5476 1944 5553 propter
1958 5462 2249 5551 significationem
2274 5457 2424 5526 maxime
2437 5456 2604 5523 laudatur

575 5550 669 5637 pulti
696 5554 854 5643 corporis
883 5559 1187 5633 conservationem
1208 5574 1242 5632 et
1262 5562 1565 5633 resurrectionem.
1616 5560 1798 5656 hocopus.
1851 5562 1962 5633 Pedes
1979 5564 2105 5633 usitate
2123 5561 2323 5651 significant
2338 5557 2508 5646 nuncios,
2535 5550 2601 5623 boc

575 5648 844 5725 Commendatio
878 5657 986 5726 oflicii
1021 5661 1136 5730 mrsltn
1168 5676 1218 5733 est
1245 5665 1416 5754 amplior,
1456 5690 1563 5758 quam
1600 5642 1684 5750 ’est,
1723 5666 1967 5737 Ministerium
2002 5662 2207 5753 Evangelii,
2248 5675 2288 5728 ut
2318 5660 2415 5747 apud
2443 5654 2600 5727 Esaiam:

577 5768 750 5844 quantum
774 5757 944 5847 cogitarat
967 5758 1146 5831 inerudita
1167 5764 1309 5839 mulier.
1362 5765 1565 5836 ltaornan-
1615 5767 1733 5856 Quam
1773 5768 1922 5860 speciosi
1959 5770 2064 5856 pedes
2099 5760 2428 5851 Evangeliaantium
2468 5780 2599 5850 Pmff'·

577 5867 637 5928 tur
652 5856 711 5948 pia
726 5856 815 5928 faeta
831 5859 996 5955 spiritus,
1020 5875 1057 5933 ct
1068 5885 1172 5955 saepe
1187 5886 1294 5955 parra
1309 5868 1423 5937 officia
1438 5869 1567 5955 ingen.
1620 5866 1720 5939 Nibil
1739 5885 1789 5939 est
1804 5882 1922 5939 autem
1937 5866 2154 5940 usitatiusin
2169 5864 2320 5943 mundo,
2356 5884 2462 5953 quam
2488 5872 2600 5934 extre·
