5825 6950
535 699 606 772 ιιι
1132 663 1407 756 sirinnan
1430 641 1975 756 matiriaxnenriciu
2501 677 2575 782 μ,
2641 677 2642 692 ι

540 891 643 950 ram,
675 883 755 934 cuin
779 849 976 947 Apostolis.
1027 844 1122 936 Quia
1143 845 1240 916 enim
1263 843 1392 933 repetit
1413 842 1534 914 animo
1588 859 1622 919 et
1635 847 1767 948 privati
1781 843 1947 922 homines
1961 849 2038 922 sine
2052 820 2168 943 specie
2181 843 2341 943 imperii,
2366 847 2478 922 eoacti
2492 862 2579 922 sunt

542 966 737 1044 Ecclesiam
768 957 930 1043 omnium
961 965 1183 1043 temporum,
1212 945 1386 1035 significat
1410 947 1539 1016 diifici·
1588 951 1830 1023 contradicere
1858 954 2027 1024 omnibus
2056 953 2288 1046 potestatibus
2315 954 2355 1022 in
2381 965 2458 1024 toto
2488 951 2579 1023 orbe

545 1075 673 1144 liorem
690 1066 799 1136 inisse
816 1053 1112 1150 gubernationem
1128 1045 1408 1140 Prophetarum,
1431 1071 1539 1142 quum
1587 1066 1775 1153 terrarum.
1835 1053 1933 1125 Hace
1955 1078 2014 1125 res
2041 1079 2147 1149 quam
2169 1055 2215 1128 sit
2236 1055 2392 1126 difficilis
2411 1052 2520 1126 bonis
2546 1065 2581 1125 et
2643 1083 2644 1120 ι

546 1178 668 1248 futura
686 1168 732 1240 sit
747 1161 1017 1257 Apostolorum.
1068 1153 1159 1224 Nam
1170 1145 1369 1242 Prophetae
1382 1152 1472 1222 duas
1485 1171 1541 1220 res
1590 1154 1792 1239 moderatis,
1816 1179 1891 1226 non
1907 1159 2107 1248 potestulla
2121 1159 2259 1252 ratione
2273 1157 2451 1258 explicari.
2498 1153 2581 1226 Ha-
2643 1183 2644 1194 ¹

550 1272 817 1352 sustinuerunt,
849 1261 1031 1356 politicam
1052 1255 1366 1348 gubernationem,
1398 1266 1434 1323 ei
1457 1275 1542 1346 Pru·
1591 1260 1746 1330 buerunt
1772 1269 1806 1328 et
1827 1259 1965 1331 infinita
1987 1261 2143 1351 pericula
2167 1283 2376 1352 corporum,
2398 1269 2582 1330 ctorem
2644 1319 2645 1336 ,

441 1440 451 1454 ,
550 1376 780 1470 pagationem
815 1363 1017 1447 doetrinae,
1065 1359 1111 1430 de
1144 1355 1459 1449 promissionibus,
1500 1356 1543 1422 de
1592 1360 1783 1432 certamina
1800 1385 1879 1430 cum
1898 1361 2034 1432 diaboli
2048 1362 2196 1452 spectris
2210 1376 2245 1434 et
2260 1361 2419 1446 insidiis,
2439 1372 2475 1433 et
2490 1383 2583 1431 eon-
2644 1419 2645 1422 ,

550 1477 697 1558 Messia,
723 1473 818 1542 ctdc
833 1469 1072 1538 vitaaeterna.
1123 1458 1310 1538 Samuelis,
1333 1455 1445 1544 Elius,
1468 1456 1544 1530 Eli·
1593 1463 1770 1535 tentiones
1788 1461 1865 1533 sine
1880 1463 1949 1534 fine
1965 1487 2045 1536 cum
2061 1463 2224 1534 fanaticis
2240 1464 2458 1534 doctoribus.
2506 1460 2584 1533 Sed

552 1581 644 1663 saei,
682 1572 875 1656 Ieremias,
911 1562 1090 1647 Danielis,
1120 1561 1235 1633 multo
1265 1559 1446 1629 difficilior
1475 1557 1546 1629 luit
1592 1565 1632 1635 in
1648 1561 1704 1634 bis
1715 1565 1895 1634 aerumnis
1910 1565 2005 1642 lueet
2020 1565 2132 1656 gloria
2148 1579 2183 1636 et
2198 1563 2394 1656 praesentia
2407 1561 2493 1646 Dei,
2518 1563 2585 1657 qui

554 1675 837 1754 administratio,
877 1692 984 1763 qnam
1015 1664 1284 1758 Apostolorum.
1355 1659 1403 1732 Et
1430 1673 1472 1730 ut
1500 1662 1545 1729 de
1592 1666 1767 1738 mirandis
1794 1666 2065 1738 liberationibus
2085 1678 2251 1753 testatur,
2279 1691 2316 1737 se
2338 1687 2462 1738 curare
2483 1661 2586 1736 hunc

435 1848 445 1856 .
555 1781 701 1854 caeteris
724 1798 799 1846 non
823 1773 958 1855 dicam,
983 1791 1090 1862 quain
1113 1765 1267 1835 difficilis
1286 1764 1546 1852 fuitgubcruu-
1595 1770 1795 1860 despectum
1813 1783 1847 1840 et
1863 1769 2044 1840 infirmum
2058 1792 2217 1860 gregem,
2241 1768 2333 1839 sicut
2349 1762 2586 1862 inqnitChri-

434 1961 437 1966 ,
556 1877 815 1959 tioleremiae?
853 1871 917 1968 qui
939 1892 1054 1940 annos
1076 1866 1329 1957 40continuos
1346 1865 1479 1936 rixatus
1496 1876 1547 1934 est
1595 1883 1688 1944 stus:
1721 1867 1889 1961 Conside,
1920 1872 2003 1964 quia
2034 1895 2098 1961 ego
2125 1873 2196 1941 vici
2224 1871 2413 1943 mundam.
2473 1867 2587 1938 Item:

557 2011 638 2058 tum
667 1981 830 2071 rtsslbuts
871 1971 1100 2067 iflnlffitibutc
1129 1983 1166 2042 ⁰1
1192 1968 1425 2062 Principibut·
1498 1961 1548 2036 Et
1596 1971 1717 2044 Maior
1747 1988 1816 2056 est,
1850 1973 1913 2066 qui
1945 1975 1983 2042 iii
2013 1974 2115 2044 vobis
2145 1987 2215 2060 est,
2250 1996 2356 2066 quain
2385 1969 2448 2064 qui
2470 1971 2586 2040 estin

557 2087 668 2161 suasit
697 2080 915 2154 deditionem
945 2087 1068 2144 contra
1095 2071 1259 2142 omnium
1282 2064 1546 2172 Prophetarum
1596 2077 1744 2150 mundo.
1795 2074 1902 2147 Item:
1928 2073 2011 2146 Non
2022 2077 2222 2170 relinquam
2231 2069 2496 2166 vosorpbanos,
2519 2085 2584 2145 etc.

558 2187 738 2279 exempla,
764 2180 828 2276 qui
850 2191 933 2249 ante
954 2199 1036 2245 eum
1057 2176 1216 2256 lucrant,
1240 2183 1276 2242 et
1294 2165 1362 2241 hoc
1377 2170 1547 2240 inusitato

560 2290 713 2364 consilio
741 2281 894 2354 servavit
915 2277 1099 2372 populum.
1159 2274 1229 2345 Hic
1250 2295 1338 2366 quas
1359 2273 1442 2343 tulit
1461 2295 1548 2342 con·
1646 2272 1734 2378 Ipsi
1755 2275 1851 2348 mim
1873 2273 2109 2372 audiamus,
2134 2285 2166 2349 ιι
2187 2273 2324 2349 „pm
2343 2270 2445 2374 qvod
2457 2269 2520 2348 gg,
2535 2285 2587 2348 Μ

561 2391 745 2469 tumelias,
770 2383 908 2478 quoties
923 2379 1080 2456 inclusus
1094 2389 1146 2447 est
1160 2377 1309 2460 carceri,
1335 2376 1473 2468 quoties
1486 2375 1550 2444 ab·
1698 2375 1868 2452 salvaro,-
1883 2376 2025 2455 mundi,

562 2495 674 2566 iectus
694 2492 733 2558 in
748 2489 856 2557 fossas
872 2483 1084 2574 profundas,
1110 2478 1173 2548 ubi
1190 2478 1229 2546 in
1246 2501 1356 2549 coeno
1372 2477 1550 2565 periturus

563 2611 658 2678 erat,
687 2590 760 2662 nisi
784 2586 958 2658 divinitus
979 2584 1149 2651 liberatus
1170 2579 1317 2650 fuisset?
1365 2575 1413 2648 Et
1435 2602 1551 2671 quan·

565 2719 672 2792 quam
695 2715 770 2762 non
793 2701 844 2758 est
865 2688 942 2758 leve
957 2707 1049 2755 onus
1063 2684 1155 2751 ferre
1173 2681 1405 2752 contumelias
1421 2693 1455 2750 et
1471 2701 1552 2752 cru-

566 2801 679 2872 ciatus
699 2789 878 2884 corporis,
910 2801 1028 2860 tamen
1049 2785 1321 2873 gubernatorem
1346 2782 1461 2854 multo
1486 2785 1553 2852 du-

564 2901 642 2972 rius
664 2907 827 2966 exercent
846 2889 956 2960 animi
977 2887 1137 2971 dolores,
1162 2886 1373 2974 agnoscebat
1388 2884 1555 2954 Ieremias

1700 2530 1828 2604 Statim
1851 2531 1955 2604 initio
1980 2533 2018 2600 iii
2032 2529 2201 2602 Paradiso
2224 2544 2305 2624 post
2327 2530 2464 2622 lapsum
2484 2529 2583 2602 Adae

1600 2633 1803 2705 institutum
1828 2648 1880 2705 est
1910 2634 2148 2704 ministerium
2171 2630 2379 2723 Evangelii,
2410 2632 2576 2713 videlicet,

1600 2752 1633 2808 et
1667 2737 1905 2828 poenitentiae
1939 2737 2214 2828 praedicandae,
2260 2748 2296 2806 et
2331 2733 2584 2826 promissionis·

1601 2837 1680 2909 Hoc
1714 2862 1825 2907 unum
1853 2851 1886 2909 et
1916 2837 2010 2908 idern
2034 2837 2270 2909 ministerium
2292 2849 2499 2929 perpetuum
2523 2847 2586 2916 est,

566 3004 658 3074 iram
674 2996 746 3070 Dei
767 2996 933 3064 adversus
949 2989 1073 3082 populi
1089 3003 1246 3081 peccata,
1271 3003 1306 3058 et
1322 2983 1555 3057 horribilibus
1603 2940 1719 3062 ilem
1729 2963 1840 3034 usque
1852 2943 1897 3010 ad
1908 2939 2460 3059 resuscitatipnemmortuorum.
2502 2935 2588 3007 Vult

1606 3056 1715 3134 igitur
1732 3039 1829 3113 Deus
1849 3067 1938 3110 voce
1950 3039 2133 3130 Evangelii
2151 3064 2276 3110 vocare
2292 3035 2506 3125 Ecclesiam,
2530 3041 2588 3108 sed

1605 3145 1683 3214 vult
1707 3139 1776 3214 linc
1799 3166 1960 3238 quoque,
1992 3155 2034 3212 ut
2058 3141 2242 3212 audientes
2262 3142 2425 3226 credant,
2459 3153 2495 3212 et
2514 3164 2587 3209 cre·

1606 3247 1692 3317 dant
1714 3269 1788 3314 non
1812 3243 1994 3315 autoritati
2016 3239 2212 3327 humanae,
2237 3243 2297 3312 sed
2321 3244 2431 3312 verbo
2447 3242 2587 3313 attesti-

1607 3344 1823 3419 moniisDei.
1872 3344 1969 3416 Haec
1986 3367 2173 3415 monemur
2188 3345 2228 3413 in
2242 3339 2307 3413 liae
2319 3337 2488 3413 historia:
2513 3341 2593 3412 Pri-

1607 3474 1706 3519 inum
1729 3448 1859 3520 mulier
1881 3447 2043 3535 fungitur
2068 3471 2217 3517 munere
2245 3445 2460 3539 apostolico,
2494 3459 2595 3517 vocat

1607 3551 1779 3644 populum
1802 3551 1847 3620 ad
1863 3548 2050 3637 Messinm,
2075 3543 2170 3621 nihil
2195 3550 2240 3619 sd
2255 3544 2490 3638 Evangelium
2513 3572 2597 3639 per-

1608 3654 1696 3723 tinet
1718 3652 1910 3743 disputatio
1933 3654 1977 3722 de
1992 3651 2173 3721 ordinaria
2191 3662 2373 3743 potestate.
2425 3648 2598 3743 Quisquis

1609 3754 1712 3825 affert
1734 3778 1854 3823 vocem
1871 3751 1958 3840 Dei,
1983 3753 2183 3824 audiendus
2203 3764 2273 3837 est,
2295 3752 2370 3822 sive
2388 3752 2433 3823 sit
2449 3754 2600 3823 ordina-

1611 3856 1684 3927 rius
1697 3850 1911 3945 Episcopus,
1937 3854 2010 3927 sive
2023 3855 2182 3946 privatus
2194 3849 2315 3929 homo.
2367 3852 2457 3925 Nam
2472 3852 2599 3925 Evan-

1611 3958 1694 4047 gelii
1718 3957 1788 4029 Dei
1810 3956 2008 4043 necessario
2032 3959 2230 4048 parendum
2254 3967 2326 4040 est,
2352 3955 2515 4048 quisquis
2540 3971 2602 4043 est,

567 3100 765 3174 terroribus
788 3093 1075 3177 concutiebatur,
1113 3091 1256 3179 lugebat
1284 3089 1408 3180 populi
1430 3087 1557 3158 interi·

566 3221 664 3288 tum,
702 3198 883 3292 pugnabat
910 3194 1073 3264 oratione
1098 3215 1164 3283 pro
1191 3192 1344 3282 populo,
1375 3190 1558 3260 rixabatur

567 3330 651 3378 cum
674 3300 793 3392 impiis
814 3297 1040 3386 doctoribus,
1068 3295 1342 3385 perturbabatur
1361 3289 1557 3361 exorienti-

567 3411 637 3481 bus
660 3403 814 3477 subinde
834 3396 1020 3469 scandalis.
1072 3393 1237 3487 Denique
1257 3394 1358 3464 nulla
1373 3415 1474 3462 mens
1488 3387 1557 3462 hu-

568 3532 677 3586 mana
698 3502 898 3598 prospicere
922 3513 983 3569 aiit
1005 3520 1212 3566 enumerare
1231 3514 1355 3568 ornnes
1369 3495 1560 3567 difficulta-

571 3628 624 3685 tes
645 3617 780 3701 potest,
808 3624 895 3695 quas
916 3600 1018 3669 affert
1039 3598 1267 3686 gubernatio,
1294 3598 1500 3689 praesertim
1520 3598 1561 3666 in

571 3708 757 3805 republica
780 3704 959 3796 inquieta,
990 3700 1172 3784 seditiosa,
1203 3712 1239 3769 et
1259 3699 1330 3769 iam
1351 3713 1498 3783 ruente,
1520 3713 1561 3769 ut

573 3828 658 3885 sunt
685 3807 833 3900 imperia
862 3798 994 3873 horum
1022 3814 1223 3891 temporum
1246 3800 1426 3893 pleraque.
1478 3798 1563 3871 Fuit

571 3916 683 4005 igitur
714 3907 883 3979 [eramiae
916 3927 1039 3975 cursus
1069 3903 1183 3971 multo
1215 3902 1413 3984 difficilior,
1454 3926 1562 3995 quani

572 4011 849 4109 Apostolorum,
873 4008 936 4099 qui
962 4004 1107 4075 libaria
1130 4003 1386 4092 gubernatione
1406 4004 1563 4094 politica,
2081 4082 2087 4097 ¹
2228 4057 2238 4075 .
2581 4060 2590 4075 .

574 4130 715 4190 tantum
738 4109 1032 4182 circumtulerunt
1045 4104 1291 4195 Evangelium.
1343 4101 1428 4174 Ideo
1445 4106 1564 4198 inquit
1613 4084 1675 4153 per
1691 4082 1797 4153 quem
1813 4072 1926 4133 ΝΜ
1979 4056 2032 4177 lia
2052 4072 2135 4177 ¹¹⁶i⁰
2150 4050 2407 4129 Chr¹⁵¹⁰m⁰t
2423 4054 2604 4153 AP⁰⁵¹⁰1¹’

1613 4172 1784 4252 pastores:
1818 4184 1898 4229 eum
1913 4154 2077 4231 Christus
2102 4183 2140 4228 in
2164 4181 2268 4229 cruce
2289 4160 2475 4248 penderet,
2500 4174 2603 4233 erant

573 4214 757 4289 Christus:
790 4214 921 4281 instare
945 4231 1110 4291 messem,
1142 4208 1203 4277 sed
1226 4207 1335 4277 luisse
1357 4205 1469 4292 alios,
1500 4208 1564 4298 qui
1768 4262 1776 4281 .
2158 4259 2167 4277 .

573 4319 676 4413 prius
689 4326 879 4385 sementem
893 4312 1064 4394 fecerunt,
1090 4309 1127 4379 id
1142 4319 1211 4392 est,
1236 4307 1378 4394 Patres,
1403 4303 1563 4400 Prophe·
1613 4257 1796 4382 ipmi’h‘
1814 4261 1940 4381 ‚iaim’
1974 4275 2007 4333 οι
2031 4274 2205 4332 ‘eninm'
2273 4256 2315 4328 1⁰
2340 4254 2605 4382 h³¹¹⁰.⁸².m⁸¹¹'

575 4437 650 4503 m,
675 4431 810 4489 elme·
860 4410 1040 4495 namu,
1063 4423 1104 4482 u,
1120 4405 1388 4495 mihividemr’
1410 4412 1564 4481 munda
1614 4378 1699 4482 tiam
1714 4377 1841 4483 'inquit
1856 4361 2006 4434 Paulus:
2033 4359 2129 4434 Deus
2150 4384 2337 4455 personam
2354 4357 2515 4433 hominis
2528 4389 2608 4437 non

521 4567 526 4577 ·
575 4544 661 4617 pars
679 4516 868 4611 colloquii,
899 4537 966 4583 nec
987 4512 1142 4582 difficilis
1162 4524 1215 4581 est
1233 4510 1444 4583 similitudo.
1502 4513 1566 4583 Ait
1614 4478 1752 4557 ammi·
1818 4582 1862 4602 Η
2493 4583 2504 4604 ,
2598 4587 2608 4605 ⁸

576 4626 709 4694 instare
730 4640 898 4701 messem,
922 4627 1038 4685 sumta
1058 4613 1240 4683 occasione
1261 4636 1282 4681 a
1301 4626 1491 4705 conspeetu
1512 4637 1566 4684 se-
1716 4580 1799 4652 ΝΜ
1816 4584 2301 4674 'istumstlifbumenlum‘
2327 4579 2611 4677 H‘¹⁶²⁰EP¹⁸⁰⁰P¹

577 4738 710 4817 gemm·
747 4694 806 4791 13,
816 4718 900 4813 ‘1⁰³³
914 4713 983 4788 ho,
998 4716 1067 4787 ip„
1080 4716 1211 4784 fadum
1225 4726 1277 4784 m
1290 4713 1474 4807 ,liquam
1487 4729 1568 4807 po„
1618 4687 1868 4769 decreverunt,
1897 4708 2007 4778 quare
2029 4708 2094 4776 pro
2117 4686 2238 4769 certis,
2263 4684 2374 4769 veris,
2399 4690 2612 4761 necessariis

576 4819 737 4906 Pascha,
761 4822 917 4911 primuni
935 4818 1086 4912 qnodin
1102 4814 1238 4885 lolnne
1256 4816 1486 4901 describitur,
1511 4817 1568 4886 vi·
1617 4786 1819 4876 reciPlenda
1840 4801 1937 4858 Μ’·
1990 4784 2032 4857 1¹¹
2057 4786 2204 4882 Sl¹¹⁰d⁰
2227 4781 2453 4905 Afllfoehffla
2475 4792 2611 4861 fldvet·

579 4926 709 4997 Μαι
740 4922 781 4989 3„
809 4922 880 4989 fin,
911 4918 1056 4999 Mmfi,
1088 4930 1150 4988 ,ug
1178 4916 1282 4987 guig„
1310 4917 1469 5009 Amnis,
1502 4918 1568 4990 θη,
1618 4888 1763 4957 sabatur
1793 4886 1906 4959 Paulo
1938 4886 2168 4959 samosateno
2199 4911 2387 4980 praecipue
2420 4889 2612 4963 Diaconos

577 5023 704 5099 powg
725 5022 1137 5103 memegforememm,
1174 5030 1208 5087 ,g
1225 5017 1295 5087 gam
1310 4996 1496 5089 flamm„
1512 5043 1568 5089 ὃς,
1618 4986 1824 5073 Malchion,
1855 5002 1890 5060 et
1911 5002 2003 5058 recte
2027 4992 2291 5080 praeferebatur
2313 4990 2486 5063 sententia
2508 4990 2612 5065 Mal-

579 5144 686 5220 getes.
741 5122 853 5193 lnstat
875 5122 984 5210 igitur
1005 5120 1146 5198 messis,
1179 5120 1227 5210 ita
1249 5119 1384 5211 inquis,
1410 5134 1446 5191 ,g
1466 5122 1569 5192 vobi,
1619 5086 1775 5174 chionis,
1801 5088 1882 5183 quia
1899 5090 2075 5162 retinebat
2088 5089 2234 5162 loannis
2245 5089 2409 5183 Apostoli
2423 5093 2613 5187 seriptum,

579 5232 690 5301 instat
706 5223 889 5317 Apostolis
914 5221 1035 5291 messis
1057 5220 1172 5291 multo
1195 5221 1352 5305 facilior,
1378 5245 1484 5314 quani
1499 5221 1566 5293 Pa·
1619 5194 1713 5309 qf¹⁰d
1731 5190 1982 5311 simf’ffllfnffl
2005 5195 2266 5285 c⁰1¹¹¹¹¹¹Pebi¹l0
2315 5190 2413 5263 Hm
2433 5196 2480 5265 de
2503 5211 2614 5269 ³⁰10-

575 5326 714 5413 πίω,
745 5320 933 5416 propheti,
962 5337 998 5392 εἰ
1028 5316 1130 5395 mihi·
1195 5320 1328 5410 Mag„a
1355 5323 1425 5395 fug,
1456 5324 1567 5413 3105,
1619 5307 1723 5362 ritate
1744 5296 1925 5363 ordinaria
1950 5294 2105 5365 breviter
2126 5318 2273 5365 monere
2286 5295 2369 5367 satis
2383 5309 2453 5381 est,
2476 5296 2614 5369 videli-

580 5428 854 5523 Apostolorum,
880 5425 976 5517 quod
996 5422 1097 5493 brevi
1117 5435 1276 5512 ternpore
1297 5426 1428 5495 multas
1447 5439 1567 5513 gentes
1619 5408 1691 5479 ⁰²²¹
1717 5396 1815 5487 ‘1⁰⁰⁶
1831 5408 1990 5487 0P⁰¹⁸l⁰⁸l
2005 5398 2171 5467 ”uestiti
2189 5397 2338 5469 verbum
2352 5396 2435 5473 Dei·

580 5541 835 5606 converterunt
867 5529 913 5595 ad
934 5546 1053 5594 veraio
1074 5523 1291 5608 agnitionem
1316 5539 1352 5595 et
1372 5527 1568 5597 invocatio·
1719 5524 1884 5599 Secundo
1900 5541 2020 5601 monet
2037 5532 2249 5624 exemplum,
2266 5542 2430 5621 oportere
2446 5529 2613 5621 singulos

580 5658 664 5704 nem
687 5629 775 5708 Dei,
807 5641 842 5699 et
871 5628 968 5721 quod
996 5647 1070 5693 non
1097 5624 1243 5695 fuerunt
1265 5628 1402 5697 onerati
1424 5627 1566 5717 politica
1619 5650 1683 5721 per
1702 5650 1777 5699 sese
1796 5630 1932 5701 iudices
1958 5652 2032 5701 esse
2059 5634 2261 5717 doctrinae,
2289 5632 2353 5703 etsi
2376 5628 2444 5703 hoc
2464 5634 2615 5707 videtui·

579 5732 856 5825 gubuinstione,
895 5729 956 5797 sed
985 5724 1054 5816 ipsi
1083 5724 1228 5795 interim
1256 5720 1461 5799 babuerunt
1489 5752 1568 5799 suas
1620 5742 1827 5821 arroganter
1849 5744 1885 5803 et
1906 5733 2059 5803 absurde
2083 5734 2175 5813 dici,
2209 5755 2284 5803 non
2307 5732 2391 5803 satis
2409 5756 2485 5805 esse
2506 5740 2615 5832 sequi

576 5852 787 5918 aerumnas,
817 5852 971 5925 quarm
992 5822 1080 5899 haec
1100 5841 1154 5901 est
1177 5827 1349 5913 maxima,
1380 5832 1478 5925 quod
1499 5832 1568 5911 soli
1618 5833 1838 5929 synodorum
1851 5856 1892 5907 sc
1905 5835 2093 5908 doctorum
2108 5834 2260 5923 iudicia,
2284 5836 2346 5907 sed
2362 5836 2491 5907 debere
2506 5862 2613 5913 acce·
