5825 6950
545 733 623 816 115

715 905 775 980 El
788 901 944 980 aalide
963 902 1064 1006 ipse,
1088 909 1122 974 el
1138 893 1270 972 domus
1285 896 1376 973 eius.

639 1063 748 1136 Prior
759 1063 861 1136 loeus
876 1077 928 1133 est
942 1059 1142 1152 exemplum
1158 1051 1321 1126 infirmae
1335 1051 1430 1134 fidei,
1455 1074 1545 1144 quae

549 1185 669 1242 temen
686 1169 873 1260 impetrat,
897 1166 994 1260 quod
1012 1161 1111 1255 petit.
1163 1155 1266 1228 Alter
1278 1158 1378 1239 locus
1390 1167 1442 1226 est
1458 1179 1544 1224 con-

549 1271 706 1343 firmatio
726 1283 849 1342 secuta
868 1281 1055 1352 eventum,
1082 1273 1117 1337 ct
1136 1260 1331 1330 multorum
1349 1281 1545 1330 conversio.

550 1369 638 1447 Post
652 1373 838 1446 victoriam
855 1370 943 1440 fides
959 1371 997 1439 bt
1012 1365 1206 1447 ardentior,
1231 1357 1323 1432 sicut
1338 1357 1472 1430 Paulus
1488 1360 1544 1428 in-

552 1478 648 1574 quit:
681 1473 854 1546 Probatio
886 1496 983 1564 spem
1014 1468 1138 1552 elficit,
1171 1491 1251 1537 cum
1274 1463 1485 1534 dimicamus
1511 1473 1546 1531 et

551 1580 748 1663 vincimus,
774 1578 1004 1648 confirmatur
1027 1573 1114 1641 fides
1140 1581 1171 1637 et
1194 1591 1290 1659 spes,
1316 1581 1357 1637 nt
1381 1565 1546 1654 deinceps

551 1680 706 1754 alacrius
715 1695 937 1772 expectemus
951 1674 1122 1744 auxilium
1132 1670 1211 1755 Dei,
1228 1685 1260 1738 et
1274 1663 1544 1742 2.Corirrth.1.:

552 1777 782 1875 Responsum
814 1779 939 1850 mortis
969 1777 1007 1846 in
1034 1775 1139 1844 riobis
1164 1767 1374 1851 habuimus,
1407 1784 1546 1840 utnon

554 1887 665 1956 simus
679 1885 895 1955 confidentes
910 1883 948 1950 in
966 1879 1082 1964 nobis,
1096 1879 1155 1946 sed
1171 1877 1208 1943 in
1224 1871 1312 1957 Deo,
1329 1871 1391 1966 qui
1409 1871 1544 1941 exusci-

553 2001 606 2059 tat
620 2001 798 2073 mortuos,
825 1986 946 2080 quiex
972 1994 1067 2055 tanta
1084 1993 1197 2048 morte
1216 1976 1381 2046 liberavit
1404 1999 1486 2058 nos,
1512 1986 1547 2044 et

554 2083 704 2174 liberat,
728 2090 766 2158 in
792 2113 898 2182 quem
923 2106 1121 2178 speramus,
1149 2079 1243 2174 quod
1265 2091 1300 2148 et
1329 2077 1457 2148 iterum
1481 2099 1546 2144 nos

537 2189 772 2264 ‚liberaturus
814 2191 877 2275 sit,
921 2186 1177 2258 adiuvantibus
1213 2181 1337 2250 vestris
1372 2179 1546 2268 precibus.

554 2289 746 2387 Utrunque
768 2293 871 2363 docet
894 2293 990 2386 quod
1011 2287 1108 2356 Dens
1132 2286 1224 2355 sinat
1249 2306 1315 2351 nos
1333 2282 1437 2351 obrui
1463 2305 1547 2370 pro·

555 2395 656 2466 cellis
685 2395 940 2477 afflictionum,
985 2405 1026 2461 ut
1057 2390 1231 2459 discamus
1266 2385 1427 2455 timorem
1461 2379 1547 2466 Dei,

555 2499 785 2572 emendemus
799 2496 1033 2578 securitatem,
1060 2492 1280 2580 deponamus
1297 2486 1462 2557 fiduciam
1480 2495 1546 2556 no·

555 2599 639 2684 stri,
661 2599 751 2671 sicut
775 2599 871 2670 Deus
894 2621 1011 2686 regem
1032 2585 1366 2666 Nabuchodonosor
1389 2598 1547 2680 pnnrvrt,

463 2759 466 2764 .
554 2717 597 2772 ut
626 2704 818 2796 deponeret
843 2699 1008 2770 fiduciam
1038 2697 1111 2766 sui:
1145 2715 1267 2763 rursus
1297 2693 1401 2760 etiam
1433 2692 1547 2774 docet,

555 2804 653 2898 quod
674 2803 800 2874 liberet
824 2825 908 2886 nos,
939 2814 980 2870 ut
1003 2796 1205 2869 testimonia
1230 2790 1423 2863 habeamus
1443 2813 1546 2890 prae-

555 2906 689 2977 sentiae
711 2919 746 2981 et
766 2903 1032 2974 misericordiae
1051 2901 1144 2980 eius,
1172 2899 1267 2992 quod
1286 2919 1368 2965 vere
1390 2895 1545 2986 opitule-

554 3021 626 3080 tur.
678 3003 777 3080 Sicut
793 3004 889 3098 Agar
903 3007 1023 3076 adiuta
1039 3003 1076 3071 in
1100 3001 1205 3072 exilio
1221 3011 1416 3069 monstrato
1434 3000 1545 3081 sonte,

551 3123 674 3203 postea
698 3109 737 3179 bt
766 3110 902 3180 firmior
933 3107 970 3176 in
995 3107 1081 3193 lide,
1120 3117 1154 3174 et
1181 3101 1315 3171 maiore
1345 3100 1543 3171 constantia

553 3213 711 3307 expectat
734 3210 904 3282 atrrilium
927 3207 1016 3293 Dei,
1041 3207 1132 3277 sicut
1153 3217 1187 3275 et
1208 3206 1246 3272 in
1268 3205 1362 3273 dicto
1388 3202 1543 3273 Paulino

551 3309 704 3388 dicitnr:
748 3309 820 3403 Qui
846 3313 1032 3384 etiterum
1059 3307 1225 3379 liberabit
1249 3330 1335 3388 nos,
1367 3317 1432 3374 etc.
1490 3303 1543 3376 lta

551 3415 678 3490 erescit
702 3429 735 3487 et
760 3416 989 3488 confirmatur
1016 3413 1102 3487 fides
1132 3411 1170 3482 in
1196 3406 1265 3479 boc
1292 3407 1428 3492 aulico,
1462 3431 1542 3478 cum

551 3520 722 3610 comperit
738 3543 813 3588 non
829 3519 935 3589 luisse
958 3516 1095 3586 irritam
1114 3512 1342 3607 petitionem,
1368 3523 1403 3580 et
1419 3535 1543 3579 move-

550 3634 611 3694 tur
627 3618 761 3690 familia
776 3621 979 3692 testimonio
997 3617 1177 3701 miraculi,
1202 3628 1242 3683 nt
1259 3614 1329 3682 iam
1345 3613 1465 3682 credat
1479 3636 1543 3681 au·

550 3736 664 3793 torem
681 3722 843 3793 beneficii
858 3745 931 3791 csse
946 3718 1127 3793 Messinm.
1177 3714 1286 3786 Tales
1306 3730 1390 3785 sunt
1412 3715 1543 3783 libera·

549 3827 683 3912 tiones,
711 3825 796 3897 tales
818 3838 902 3895 sunt
924 3822 1111 3901 victoriae,
1136 3820 1225 3889 tales
1247 3812 1419 3908 triumphi
1434 3811 1542 3887 Chri-

548 3926 613 4014 ni,
647 3952 736 4020 quos
765 3927 1004 4015 intelligemus
1033 3938 1140 4009 tunc,
1173 3924 1254 3991 cuin
1286 3918 1542 4009 glorificabitur

547 4023 725 4116 Ecclesia,
751 4032 932 4124 quomodo
956 4027 1147 4097 intralibus
1168 4022 1369 4092 actionibus
1389 4021 1542 4112 praelia-

547 4142 604 4200 tus
623 4131 669 4203 sit
684 4156 763 4204 cum
780 4131 944 4218 diabolo,
969 4144 1009 4205 ιιι
1025 4130 1146 4223 plures
1163 4150 1182 4196 a
1199 4125 1335 4219 laqueis
1351 4123 1428 4195 eius
1449 4124 1541 4193 libc-

547 4246 653 4308 caret.

924 4484 1064 4593 Caput
1104 4481 1163 4570 V.

725 4638 860 4721 Postea
876 4645 1105 4747 eralseslom
1119 4638 1361 4720 Iudaeorum.

647 4795 704 4871 Es
720 4803 808 4871 serie
823 4797 993 4873 historiae
1011 4812 1158 4888 apparet
1171 4794 1289 4869 adhuc
1304 4796 1362 4888 agi
1383 4798 1538 4888 primum

1147 723 1277 807 ento
1300 725 1419 802 Meo.
1450 715 1665 800 SCRIPTA
1697 712 1997 798 exacueret.

2516 723 2589 798 116

1595 889 1773 981 potentiae
1790 892 1931 964 divinae
1948 894 1987 964 in
2011 866 2252 968 hoc'doctore.
2302 891 2404 968 Sicut
2418 891 2478 968 hic
2493 896 2591 970 clare

1596 993 1766 1064 affirmat:
1791 992 1901 1066 Pater
1922 1020 2023 1067 meus
2038 997 2233 1076 etiamnum
2259 1012 2443 1089 operatur,
2467 1013 2590 1091 elego

1595 1117 1735 1185 operor,
1757 1120 1847 1188 quae
1861 1098 1922 1168 ille
1936 1099 2031 1184 lacit,
2049 1112 2083 1171 et
2097 1099 2191 1170 filius
2207 1100 2371 1172 similiter
2385 1102 2480 1176 facit.
2517 1099 2591 1174 Hic

1500 1258 1508 1273 ‚
1596 1197 1748 1268 affirmat
1764 1194 1926 1272 Christus
1945 1195 2032 1271 baec
2051 1202 2162 1283 iacta,
2188 1215 2224 1274 et
2238 1205 2285 1273 ab
2306 1217 2450 1274 aeterno
2475 1218 2592 1296 patre,

1596 1313 1669 1369 eta
1694 1322 1767 1368 sese
1790 1300 1878 1376 fieri.
1936 1299 2070 1396 Estque
2096 1304 2235 1393 insigne
2260 1306 2523 1393 testimonium,
2550 1321 2592 1378 ut

1597 1417 1716 1493 postea
1733 1403 1880 1488 dicetur,
1906 1405 1951 1475 de
1966 1406 2087 1478 divina
2105 1421 2229 1476 natura
2245 1407 2321 1478 filii.
2355 1407 2491 1495 Tertio,
2517 1411 2591 1478 mi·

1596 1504 1715 1572 recula
1739 1517 1822 1574 sunt
1846 1508 2003 1598 exempla
2026 1509 2322 1600 promissionum,
2347 1533 2435 1602 quae
2453 1533 2522 1580 nos
2546 1514 2590 1582 ad

1570 1599 1573 1698 l
1596 1599 1787 1697 petendum
1804 1622 1837 1677 ct
1852 1613 2085 1700 expetendum
2101 1611 2271 1681 auxilium
2288 1635 2430 1682 movere
2444 1614 2592 1700 debent,

1597 1709 1742 1799 perinde
1758 1724 1799 1780 ut
1811 1711 1907 1801 ipsae
1924 1713 2175 1802 promissiones
2196 1728 2230 1787 et
2244 1712 2362 1784 omnia
2385 1715 2591 1787 referantur

1597 1811 1643 1880 ad
1661 1805 1754 1880 hanc
1776 1815 2007 1886 sententiam:
2037 1812 2216 1906 Apparuit
2235 1816 2330 1888 filius
2351 1814 2440 1903 Dei,
2464 1832 2506 1891 ut
2526 1821 2590 1888 de-

1598 1927 1711 1983 struat
1726 1936 1833 2009 opera
1851 1916 1996 1992 diaboli.
2048 1915 2098 1989 Ut
2113 1933 2246 1988 certum
2262 1920 2307 1989 sit
2321 1921 2455 1990 destrui
2471 1943 2491 1990 a
2509 1921 2586 1992 filio

1597 2012 1664 2084 Dei
1681 2031 1860 2105 peccatum
1878 2031 1912 2087 et
1927 2021 2098 2105 mortem,
2122 2041 2223 2111 saepe
2239 2021 2334 2091 tollit
2353 2023 2517 2110 morbos,
2552 2038 2588 2097 et

1598 2118 1781 2189 resuscitat
1802 2135 1979 2206 mortuos,
2005 2134 2145 2212 ergoet
2168 2145 2235 2192 nos
2256 2123 2311 2191 vel
2336 2138 2497 2212 peccato,
2530 2126 2586 2196 ccl

1597 2221 1729 2310 peccati
1749 2223 1873 2311 poenis
1894 2224 2034 2308 obruti,
2060 2223 2304 2314 confugiamus
2327 2227 2373 2294 ad
2386 2220 2585 2316 Christum,

1598 2336 1631 2391 et
1648 2336 1804 2412 petamus
1822 2338 1856 2396 et
1879 2339 2100 2416 expectemus
2121 2325 2380 2396 liberationem.
2432 2323 2482 2398 Hi
2500 2346 2583 2401 sunt

1598 2424 1730 2509 cultus,
1757 2426 1819 2518 qui
1844 2424 2031 2519 praecipuo
2053 2425 2190 2498 honore
2212 2425 2308 2498 hunc
2323 2427 2490 2500 Messian]
2506 2433 2582 2502 atfi-

1469 2587 1478 2602 ,
1508 2587 1515 2604 ,
1598 2527 1716 2610 ciunt,
1749 2543 1782 2597 et
1812 2552 1886 2598 non
1910 2530 2161 2620 intelliguntur
2185 2532 2231 2601 ab
2253 2526 2408 2601 bumana
2431 2535 2576 2616 ratione,

1597 2627 1674 2697 sine
1695 2629 1773 2700 luce
1790 2625 1986 2720 Evangelii.
2036 2631 2128 2702 Nam
2152 2628 2328 2702 humanae
2343 2650 2471 2705 mentes
2491 2651 2571 2706 sunt

1597 2745 1784 2822 occupatae
1798 2734 2028 2824 opinionibus
2045 2735 2141 2824 legis,
2167 2747 2201 2805 et
2214 2758 2352 2826 semper
2368 2735 2513 2805 afferunt
2526 2738 2572 2806 ad

1596 2829 1712 2903 Deum
1737 2829 1828 2902 hanc
1851 2831 2131 2928 philosophiam,
2164 2837 2213 2906 sic
2235 2860 2317 2906 vere
2337 2837 2426 2906 coles
2447 2834 2577 2919 Deum,

1596 2936 1625 3005 si
1644 2935 1789 3024 eximias
1806 2938 1953 3009 virtutes
1969 2943 2011 3008 ad
2030 2941 2146 3031 ipsum
2163 2939 2304 3023 afferes,
2329 2934 2391 3009 bas
2406 2939 2489 3032 quia
2506 2965 2579 3010 non

1596 3037 1718 3124 affers,
1744 3063 1818 3108 non
1836 3065 1872 3109 cs
1887 3043 2018 3135 dignus
2035 3042 2113 3130 eius,
2127 3042 2344 3116 mrrneribus.
2396 3041 2579 3113 Praeterea

1596 3141 1790 3210 absurdum
1807 3155 1859 3214 est
1878 3167 1898 3212 a
1915 3142 1992 3214 Deo
2014 3157 2147 3234 petere,
2173 3157 2214 3214 ut
2230 3155 2390 3214 accurrat
2412 3145 2457 3214 ad
2484 3159 2576 3216 tuam

1595 3243 1744 3328 febrim,
1773 3246 1817 3313 ad
1841 3259 1936 3316 tuam
1960 3245 2136 3336 inopiam,
2162 3235 2256 3317 etad
2280 3247 2493 3316 domandam
2512 3247 2575 3317 ali·
2630 3263 2633 3272 ’

1595 3369 1701 3438 quam
1718 3347 1860 3416 stultam
1878 3348 2129 3440 cupiditatem,
2153 3347 2304 3438 curipse
2326 3372 2402 3418 earn
2429 3373 2503 3422 non
2525 3373 2580 3419 re-

1594 3448 1745 3540 primis?
1776 3445 1853 3520 Hae
1867 3449 2137 3541 imaginationes
2153 3451 2289 3521 duriter
2304 3464 2466 3525 exercent
2481 3478 2582 3523 men·

1594 3565 1646 3620 tes
1679 3546 1874 3635 humanas,
1909 3558 1970 3624 sed
2005 3554 2181 3625 discamus
2215 3554 2296 3623 ideo
2327 3554 2474 3625 missum
2510 3578 2583 3625 esse

1594 3653 1708 3722 filium
1725 3652 1804 3734 Dei,
1827 3658 1907 3728 ideo
1923 3658 2051 3725 editam
2069 3680 2190 3725 vocem
2206 3650 2402 3745 Evangelii,
2425 3672 2465 3728 ut
2482 3657 2581 3727 illam

1595 3750 1857 3847 philosophiam
1886 3758 2034 3829 rationis
2068 3753 2244 3827 humanae
2269 3759 2516 3843 emendemus,
2551 3774 2583 3831 et

1594 3857 1745 3927 sciamus
1769 3884 1851 3929 vere
1881 3862 1998 3930 cultus
2020 3856 2085 3929 Ilei
2117 3882 2208 3945 esse,
2246 3873 2364 3949 petere
2391 3860 2584 3945 auxilium,

1594 3961 1683 4029 sicut
1706 3955 1870 4033 Christus
1894 3962 2026 4055 inquit:
2053 3960 2139 4031 Sine
2163 3984 2220 4030 me
2246 3956 2338 4030 nihil
2362 3962 2507 4053 potestis
2530 3964 2584 4032 fa·

1593 4086 1683 4133 cere.
1715 4059 1812 4134 Haec
1827 4067 1871 4134 dc
1887 4065 2068 4135 miraculis
2084 4063 2121 4131 in
2139 4087 2265 4155 genere
2281 4064 2409 4135 dixisse
2426 4064 2511 4135 satis
2529 4065 2584 4140 sit.

1642 4244 1809 4343 Angelus
1838 4258 1937 4323 stato
1959 4260 2113 4350 tempore
2138 4244 2373 4321 descendebat
2402 4248 2441 4319 in
2467 4249 2581 4348 pisci-

1695 4376 1798 4427 nam.

1671 4486 1786 4559 Multa
1800 4490 1945 4561 scierunt
1959 4488 2129 4585 miracula
2144 4491 2182 4559 in
2197 4485 2265 4560 hoc
2279 4490 2422 4581 populo,
2448 4493 2584 4584 quibus

1592 4588 1689 4660 Deus
1713 4594 1953 4663 testimonium
1970 4594 2068 4663 dedit
2084 4595 2192 4664 verbo
2208 4617 2290 4673 suo,
2317 4594 2409 4663 inter
2430 4618 2524 4687 quae
2549 4612 2583 4668 et

1592 4686 1660 4761 hoc
1688 4700 1946 4765 numerandum
1970 4710 2039 4782 est,
2071 4699 2164 4789 quod
2196 4696 2234 4765 in
2266 4696 2339 4788 ipsa
2360 4692 2584 4784 Pentecoste,

1591 4796 1782 4887 quotannis
1798 4813 2046 4887 compererunt
2067 4822 2194 4891 aquarn
2213 4798 2258 4869 ab
2284 4797 2408 4887 angelo
2431 4802 2583 4886 moveri,
2645 4830 2646 4863 2

546 4922 682 4977 annum
710 4925 730 4972 a
752 4905 928 4995 baptismo
949 4897 1103 4985 Christi,
1128 4914 1164 4969 ει
1183 4904 1331 4983 festum,
1355 4902 1458 4971 cuius
1479 4897 1539 4972 bic
1591 4912 1624 4967 et
1650 4898 1820 4987 primum,
1853 4901 1914 4993 qni
1940 4913 2016 4990 post
2039 4916 2170 4970 motam
2192 4924 2319 4993 aquam
2351 4898 2583 4988 inserebatur,

545 5008 586 5080 sn
604 5005 749 5090 mentio,
771 5001 1126 5096 scribituraCyrillo
1141 5026 1216 5071 esse
1231 5001 1448 5088 Pentecoste,
1475 5004 1537 5097 qui
1583 5000 1726 5096 sanni,
1760 5024 1825 5072 nec
1845 5004 1996 5073 dubium
2022 5018 2093 5087 est,
2127 5003 2214 5096 quin
2236 4998 2333 5072 hunc
2356 5000 2451 5071 diem
2475 5004 2582 5075 datae

546 5108 665 5195 addit,
697 5130 740 5176 eo
766 5106 825 5176 die
845 5096 989 5175 solitum
1016 5107 1180 5191 angelum
1204 5106 1249 5175 de
1274 5104 1373 5174 coelo
1391 5106 1539 5174 descen·
1590 5102 1676 5189 legis
1695 5126 1824 5173 ornare
1842 5100 1909 5175 hoc
1929 5106 2133 5175 testimonio
2157 5104 2381 5195 peculiariter
2399 5099 2495 5172 Deus
2515 5132 2582 5177 vo·

545 5212 651 5290 dere,
676 5221 711 5301 ct
727 5203 818 5277 hanc
833 5207 1005 5296 piscinam
1022 5208 1174 5293 agitare,
1199 5219 1241 5276 ut
1258 5219 1441 5275 sanaretur
1462 5210 1538 5297 pri·
1590 5203 1705 5279 luerit.
1747 5206 1905 5298 Angelus
1921 5209 2136 5278 conturbans
2153 5230 2298 5299 aquarn,
2325 5204 2499 5294 significat
2513 5234 2580 5279 ro-

545 5331 645 5396 mus,
670 5309 734 5401 qni
754 5310 984 5379 inserebatur.
1034 5306 1197 5377 Dicimus
1219 5324 1337 5378 autem
1358 5311 1403 5377 de
1426 5311 1542 5377 mira··
1587 5330 1662 5373 cem
1680 5309 1785 5397 legis,
1812 5314 2082 5380 conturbantem
2107 5308 2354 5389 conscientias,
2382 5328 2579 5397 agnoscen-

545 5412 637 5485 eolis
651 5404 786 5482 Christi
803 5410 938 5504 ubique
953 5409 1073 5478 eadem
1087 5409 1124 5476 in
1143 5433 1288 5495 genere,
1314 5434 1405 5502 quae
1420 5424 1453 5479 et
1477 5407 1535 5481 hic
1586 5423 1638 5476 tes
1653 5404 1862 5480 horribilem
1878 5414 1966 5481 iram
1984 5409 2049 5481 Dei
2068 5414 2236 5481 adversus
2251 5424 2398 5501 peccata.
2448 5407 2519 5479 Sed
2539 5415 2577 5481 id

544 5514 701 5586 breviter
724 5526 857 5610 repeto.
908 5509 1088 5580 Primum:
1116 5508 1290 5581 Miracula
1316 5525 1369 5581 tot
1391 5525 1425 5580 et
1447 5536 1534 5581 con·
1586 5512 1645 5594 ht,
1678 5536 1751 5580 non
1781 5528 1820 5583 ut
1846 5528 1989 5604 pereant
2011 5514 2240 5584 conturbatae
2263 5526 2419 5597 mentes,
2448 5515 2508 5581 sed
2535 5528 2577 5585 ut

544 5614 706 5701 grueutia
729 5628 813 5685 sunt
830 5612 1050 5693 testimonia,
1077 5607 1144 5680 hoc
1162 5612 1331 5697 verbum,
1356 5617 1451 5706 quod
1473 5609 1534 5685 bic
1586 5612 1763 5703 primitiae
1786 5617 1988 5699 salventur,
2016 5616 2095 5685 ideo
2119 5628 2256 5686 tantum
2274 5612 2410 5703 primus
2425 5618 2577 5685 sanaba-

543 5718 671 5787 doctor
686 5715 837 5806 spargit,
862 5738 945 5784 vere
966 5712 1128 5782 divinum
1149 5736 1241 5793 esse,
1267 5729 1301 5786 et
1316 5716 1532 5787 doctorema
1584 5728 1654 5784 tur.
1716 5712 1807 5785 Nam
1830 5744 1897 5788 vox
1917 5718 2004 5809 legis
2023 5719 2212 5789 conturbat
2232 5714 2437 5785 universum
2463 5738 2575 5805 genus

544 5813 623 5890 Deo
643 5818 789 5889 missum
813 5838 904 5901 esse,
917 5816 1016 5908 ‚quia
1036 5838 1093 5883 res
1112 5815 1287 5895 ostendit,
1313 5842 1393 5887 eurn
1415 5818 1531 5893 iuvari
1584 5810 1801 5900 humanum,
1828 5826 1887 5889 sed
1904 5823 2087 5891 salvantur
2102 5817 2289 5912 primitiae,
2316 5816 2431 5897 idest,
2458 5820 2574 5901 electi,

545 5915 669 5997 aDeo.
719 5918 904 6001 Secundo,
930 5912 1018 5988 baec
1036 5917 1207 5990 miracula
1223 5919 1424 5993 testimonia
1448 5936 1531 5994 sunt
1583 5918 1646 6015 qui
1666 5936 1862 6012 agnoscunt
1882 5924 1996 5995 filium
2020 5925 2110 6013 Dei,
2144 5916 2229 5992 haec
2253 5919 2298 5993 sit
2321 5918 2438 5991 brevis
2461 5921 2574 6011 signi·
