5825 6950
339 689 397 768 ιιι
495 679 593 758 Xlll.
642 686 682 758 2.
709 674 1079 759 COMMENl'APrll
1105 675 1157 751 ttt
1181 667 1518 752 Ramnetum
1543 667 1614 746 du
1641 669 1906 757 ROMANOS.
1956 679 2062 762 CAP.
2090 687 2137 768 Χ.
2258 699 2338 772 690

338 877 380 938 ert
398 859 544 941 eredere,
570 855 668 948 quod
693 865 839 946 propter
858 845 1042 924 Christum
1067 851 1179 924 simus
1200 847 1300 940 iusti,
1350 845 1501 916 verbum
1530 842 1651 931 audis,
1685 859 1720 920 et
1749 851 1864 922 credis
1891 845 1984 926 banc
2012 881 2087 931 esse
2117 863 2339 938 voluntatem

287 982 288 1033 p
337 969 439 1046 im,
460 959 590 1048 ,0029st
605 953 696 1029 nffl,
1120 965 1128 978 ·
1352 948 1446 1032 eius,
1469 946 1561 1016 velle
1575 947 1625 1018 sic
1640 969 1720 1020 eum
1737 952 1822 1036 coli,
1848 955 1939 1028 velle
1954 963 2131 1048 exaudire,
2150 967 2240 1038 sicut
2255 995 2338 1060 pro-

416 1061 507 1132 Hinc
528 1073 644 1152 potest
671 1056 830 1148 conspici
853 1051 1046 1126 discrimen
1078 1053 1161 1124 fidei
1186 1067 1223 1124 et
1243 1052 1300 1122 di·
1351 1049 1463 1120 misit:
1488 1045 1592 1118 Hanc
1614 1071 1689 1120 esse
1710 1057 1922 1127 senteutiam
1941 1062 2093 1138 dicti,in
2112 1065 2230 1139 Moise
2253 1075 2339 1144 satis
2370 1111 2381 1122 =

334 1164 488 1247 lectionis,
512 1161 878 1254 etquarediccutlum
898 1158 961 1229 sit:
990 1154 1080 1226 Fide
1102 1178 1225 1245 sumus
1243 1157 1300 1224 iu·
1350 1151 1475 1244 liquet.
1516 1149 1589 1222 Nec
1614 1153 1766 1224 dubium
1790 1171 1859 1243 est,
1893 1163 1983 1254 quin
2004 1166 2337 1246 defideconcione-

333 1270 375 1340 ui.
435 1265 547 1348 ltem,
579 1269 763 1356 quomodo
780 1256 855 1332 'boc
881 1257 1035 1346 intelligi
1064 1260 1191 1328 debeat
1223 1280 1298 1326 non
1350 1266 1410 1326 tur
1433 1250 1493 1324 hic
1516 1252 1669 1336 Moiscs,
1702 1269 1738 1326 et
1762 1261 1918 1354 requirat
1941 1265 2066 1353 fidem,
2097 1295 2188 1363 quae
2218 1281 2338 1348 credat

332 1386 371 1440 est
394 1368 483 1436 enim
505 1367 794 1455 imaginandum,
827 1361 918 1432 Fide
943 1381 1066 1431 sumus
1085 1358 1190 1444 iusti,
1230 1353 1299 1430 boc
1351 1379 1425 1424 non
1459 1355 1574 1426 solum
1608 1379 1683 1426 esse
1711 1357 1844 1443 Deum,
1884 1367 2076 1440 sedetiam
2104 1371 2221 1444 Deum
2247 1379 2337 1450 velle

331 1453 383 1550 est,
413 1467 559 1560 Propter
582 1468 774 1538 novitatem
799 1479 977 1541 nostram,
1002 1484 1065 1530 seu
1089 1484 1200 1530 novas
1224 1463 1298 1529 vir·
1349 1459 1491 1546 agnosci
1515 1457 1552 1525 in
1575 1459 1682 1530 verbo
1707 1483 1791 1548 suo,
1828 1478 1862 1535 et
1891 1467 1941 1536 sic
1962 1470 2139 1562 invocari,
2165 1478 2256 1548 velle
2278 1505 2339 1550 ex.

332 1591 533 1642 tutessumus
547 1569 655 1654 iusti,
678 1570 739 1637 sed
757 1568 986 1649 correlative,
1008 1565 1044 1631 id
1061 1578 1128 1648 est,
1152 1576 1299 1656 propter
1348 1562 1494 1644 audire,
1520 1573 1554 1630 et
1578 1561 1737 1632 misereri
1769 1565 1864 1637 iuxta
1887 1573 2182 1666 promissionem,
2216 1583 2338 1676 requi·

331 1671 487 1746 [hristum
508 1695 632 1743 sumus
653 1671 759 1755 iusti,
784 1670 848 1762 qui
873 1683 991 1742 tamen
1013 1689 1087 1736 non
1109 1667 1214 1737 aliter
1234 1687 1299 1755 ap-
1348 1685 1427 1732 rere
1448 1657 1515 1730 hos
1531 1661 1659 1734 cultus.

330 1771 479 1866 prehendi
500 1789 636 1866 potest,
667 1774 738 1844 nisi
763 1771 844 1842 fide.
894 1767 1023 1842 Dicere
1044 1780 1182 1854 sutem,
1206 1767 1298 1838 dile·
1448 1761 1548 1834 Haec
1563 1765 1776 1856 generaliter
1792 1769 1905 1852 dicta,
1922 1775 1987 1848 etsi
2002 1782 2187 1854 continent
2204 1785 2338 1856 doctri·

330 1880 423 1947 ctione
445 1877 530 1948 iusti
552 1898 696 1962 sumus,
728 1889 781 1944 est
804 1874 900 1946 idem
923 1872 1060 1959 dicere,
1092 1874 1189 1965 quod
1213 1893 1299 1960 pro-
1348 1889 1431 1936 natn
1446 1869 1492 1936 dc
1510 1867 1599 1951 lide,
1627 1881 1742 1940 tamen
1765 1887 1849 1946 sunt
1872 1871 1989 1948 adhuc
2012 1885 2182 1970 obscura,
2207 1903 2242 1958 et
2257 1903 2340 1960 sunt

330 1997 387 2072 pter
407 1993 545 2050 nostras
564 1981 733 2062 virtutes,
773 1999 835 2048 seu
863 1973 1107 2065 impletionem
1128 1972 1216 2063 legis
1237 1995 1297 2044 su·
1348 1991 1451 2040 voces
1476 1969 1574 2059 legis.
1626 1967 1709 2041 ldeo
1724 1969 1858 2046 Paulus
1873 1983 2042 2070 proponit
2064 1985 2160 2056 aliud
2179 1991 2340 2072 verbum,

330 2081 493 2154 nusiusti.
547 2079 697 2152 Constat
710 2095 829 2150 autem
845 2077 916 2167 legi
932 2099 1006 2148 non
1022 2075 1297 2160 satisfieri,ideo
1352 2084 1389 2142 et
1411 2073 1575 2142 nominat
1593 2069 1850 2162 Mediatorem,
1884 2094 1923 2151 ut
1949 2103 2124 2175 proponet
2150 2093 2339 2178 gratuitam

330 2207 444 2254 necesse
466 2197 519 2254 est
544 2178 614 2252 boc
629 2185 765 2256 dictum
788 2204 877 2271 pure
893 2179 1059 2252 retineri:
1088 2176 1298 2268 Fiderepu-
1347 2173 1645 2258 misericordiam,
1699 2193 1843 2270 propter
1888 2177 2071 2258 Christum
2118 2195 2340 2282 promissam,

330 2301 422 2358 tamur
434 2284 519 2358 iusti
530 2289 599 2371 ,'ut
612 2285 852 2375 intelligatur,
867 2281 964 2376 quod
979 2305 1054 2352 non
1070 2293 1216 2374 propter
1230 2301 1297 2350 uo·
1348 2272 1453 2346 Hanc
1486 2301 1566 2347 cum
1587 2280 1829 2366 agnoscimus,
1864 2284 1949 2356 fides
1982 2287 2021 2360 lit
2050 2305 2163 2374 certa,
2198 2297 2343 2380 scilicet,

330 2404 396 2458 rtras
410 2389 577 2473 virtutes,
601 2389 662 2460 sed
687 2400 832 2479 propter
853 2373 1297 2468 mediatoremeristnm,
1349 2378 1447 2471 quod
1466 2379 1575 2467 gratis
1591 2395 1737 2469 propter
1749 2377 1952 2474 Christum,
1977 2413 2050 2462 non
2066 2409 2213 2488 propter
2228 2399 2341 2490 legem

330 2513 375 2578 per
386 2490 664 2572 misericordiam
680 2489 789 2579 gratis
803 2509 926 2558 sumns
950 2485 1187 2576 imputatione
1202 2483 1299 2568 iusti,
1349 2481 1600 2568 exaudiamur,
1627 2483 1806 2554 salvemur
1820 2501 1884 2563 etc.

330 2592 429 2676 idest,
454 2593 603 2684 accepti.
654 2589 752 2664 llaec
773 2590 852 2662 vult
866 2589 999 2660 Paulus
1013 2589 1052 2658 in
1069 2584 1211 2658 bessus
1234 2587 1298 2656 de·

330 2693 479 2782 initiooe,
509 2717 622 2788 quam
652 2694 802 2767 mirifice
829 2689 1058 2784 amplificavit
1079 2691 1195 2762 citatis
1217 2689 1299 2784 qui-

330 2795 452 2867 busdam
468 2798 593 2881 verbis
613 2821 658 2868 er
680 2795 974 2872 Deuteronomio.
1450 2785 1704 2878 Accommodat
1728 2789 1837 2878 igitur
1861 2785 1929 2864 boc
1952 2797 2077 2866 modos
2108 2795 2163 2870 Ne
2186 2801 2340 2876 diresin

1350 2890 1457 2959 eorde
1474 2903 1554 2977 tuo,
1578 2892 1660 2984 quis
1673 2895 1837 2966 ascendet
1853 2894 1891 2964 in
1905 2896 2069 2968 coelum?
2094 2899 2162 2971 hoc
2178 2917 2230 2976 est
2244 2907 2340 2976 euim

680 3075 689 3092 ς
1113 3067 1120 3084 .
1349 2986 1532 3066 Christum
1549 2995 1647 3064 coelo
1667 2996 1858 3081 deducere,
1885 2997 2007 3086 idest,
2034 3001 2206 3091 primum,
2232 3031 2278 3078 ne
2294 3011 2342 3082 sir

405 3093 542 3166 Paulus
565 3109 750 3168 mutuatur
772 3095 1047 3185 descriptionem
1077 3093 1159 3164 lidei
1180 3117 1222 3163 er
1241 3093 1298 3163 di·
1349 3090 1564 3186 Epicurenss
1592 3095 1741 3180 deinde,
1760 3121 1805 3166 ne
1824 3099 1985 3186 dubites,
2012 3104 2100 3194 quin
2117 3099 2202 3176 baec
2217 3111 2264 3180 sit
2280 3137 2343 3180 vo-

335 3211 369 3266 do
388 3195 509 3284 Mosi,
535 3221 601 3268 nec
630 3201 819 3292 detorquet
851 3197 944 3268 illud
972 3192 1018 3265 ad
1038 3196 1215 3266 diversam
1237 3210 1299 3267 aut
1350 3196 1469 3266 luntas
1484 3195 1550 3268 Dei
1558 3247 1571 3282 ,
1599 3213 1639 3270 ut
1661 3194 1826 3270 Christus
1849 3201 1895 3272 sit
1920 3205 2115 3290 mediator,
2141 3211 2237 3300 quod
2257 3214 2343 3286 velit

333 3323 383 3368 nan
402 3301 675 3372 convenientem
699 3300 922 3374 senteutiam.
992 3295 1083 3370 Nam
1108 3311 1143 3368 et
1163 3295 1300 3368 Moises
1350 3296 1527 3369 nosDeus
1544 3301 1681 3372 salvare
1698 3316 1845 3393 propter
1863 3297 2060 3377 Christum.
2113 3307 2243 3382 Sinon
2265 3339 2343 3386 cre-

334 3401 434 3472 hidem
460 3403 654 3488 describit,
687 3417 722 3477 et
743 3401 896 3497 requirit
919 3401 1037 3475 fidem.
1097 3397 1168 3474 Sed
1190 3422 1300 3491 gene·
1350 3401 1406 3471 dis
1422 3395 1606 3475 Christum
1624 3426 1697 3475 esse
1712 3403 1964 3488 mediatorem,
1987 3422 2027 3482 ut
2040 3409 2154 3482 salvet
2167 3437 2249 3501 nos,
2275 3420 2338 3488 dc·

289 3507 296 3620 ι
334 3504 382 3573 rrle
402 3508 538 3577 dictum
561 3521 612 3580 est
633 3509 678 3579 de
693 3507 803 3577 verbo
819 3519 855 3577 et
874 3506 920 3574 de
942 3505 1029 3589 lide,
1053 3506 1150 3596 quod
1166 3501 1300 3577 Paulus
1349 3499 1462 3575 trabis
1482 3528 1563 3575 eum
1585 3508 1630 3575 de
1651 3505 1770 3591 coelo,
1796 3530 1901 3597 negas
1926 3532 2008 3581 eum
2033 3536 2199 3603 regnare,
2227 3532 2261 3589 et
2283 3545 2342 3591 ar-

332 3608 452 3695 applicat
474 3612 528 3679 ad
552 3603 620 3681 boc
642 3610 791 3681 verbum
814 3610 859 3678 de
881 3602 1046 3693 Christo,
1072 3621 1108 3679 ct
1128 3608 1174 3677 ad
1191 3606 1304 3682 fidem.
1347 3608 1428 3698 guis
1453 3602 1570 3679 Deum
1602 3608 1799 3693 mendacii,
1836 3609 1946 3704 quasi·
1973 3616 2162 3706 promissio
2193 3620 2268 3691 eius
2297 3626 2342 3695 sit

332 3708 356 3776 iu
368 3706 557 3785 Christum.
1348 3710 1462 3782 irrita.

290 3883 294 3896 ,
404 3810 570 3883 Primum
602 3812 712 3901 igitur
741 3812 877 3887 dictum
909 3809 1021 3883 Moisi
1057 3809 1298 3903 inspiciamus,
1425 3882 1428 3889 ,
1550 3874 1558 3891 ,
1631 3872 1636 3891 ,
1740 3876 1748 3896 ,
1998 3878 2006 3898 ,

332 3914 375 4003 qui
394 3914 596 3987 illustribus
619 3914 741 4004 figuris
764 3913 984 4005 impietatem
1009 3907 1159 4003 humani
1178 3914 1297 3985 cordis
1430 3868 1492 3949 Νι
1515 3868 1641 3969 dm’
1667 3870 1764 3975 Q‘m
1782 3870 1970 3953 dmmd‘l
1990 3907 2031 3953 ”⁸
2055 3882 2261 3982 dmm?

336 4015 482 4107 depingit,
504 4018 605 4111 quod
621 4016 760 4089 etiamsi
776 4016 907 4107 cogitat
922 4036 997 4085 esse
1010 4015 1151 4098 Deum,
1175 4028 1296 4086 tamen
1447 4010 1489 4083 ld
1511 4026 1581 4099 est,
1607 4038 1653 4083 ne
1677 4016 1811 4107 cogites
1826 4012 1974 4110 Epicuri
1998 4045 2115 4107 more,
2141 4040 2218 4116 post
2243 4052 2340 4099 mor-

335 4118 465 4204 dubitat,
496 4144 546 4211 an
570 4118 668 4191 Deus
691 4131 792 4193 curet
818 4141 904 4203 nos,
936 4132 1043 4209 negat
1074 4117 1294 4189 voluntatem
1346 4128 1419 4186 tem
1434 4138 1509 4185 uon
1523 4130 1653 4187 restare
1669 4117 1776 4189 aliern
1800 4120 1930 4201 vitam,
1957 4146 2003 4193 ne
2026 4126 2156 4215 cogites
2174 4122 2339 4201 homines

335 4210 381 4289 llei
394 4244 468 4312 erga
488 4244 560 4293 nos
579 4220 745 4311 cognosci
767 4243 890 4311 posse,
913 4233 1018 4311 negat
1037 4220 1198 4291 exaudiri
1218 4242 1296 4302 nos,
1347 4241 1421 4287 non
1442 4240 1546 4308 posse
1566 4218 1713 4291 liberari
1736 4244 1756 4293 a
1780 4236 1894 4294 morte
1910 4238 1981 4297 eta
2007 4240 2163 4317 peccato.
2213 4230 2253 4303 Si
2270 4233 2339 4303 du-

335 4336 378 4391 sut
393 4324 527 4399 salvari.
589 4320 664 4393 Has
685 4323 926 4395 dubitationes
950 4317 1097 4394 haerere
1117 4321 1156 4391 in
1178 4316 1296 4391 homi·
1346 4319 1500 4402 bitsbis,
1542 4323 1688 4411 negabis
1719 4316 1902 4395 Christum
1941 4330 2188 4416 resurrexisse,
2230 4334 2339 4425 finges

335 4443 399 4492 num
419 4427 548 4496 animis
571 4425 655 4495 satis
677 4437 834 4516 apparet.
893 4422 978 4512 ldep
998 4424 1057 4496 ler
1071 4421 1140 4495 Dei
1164 4448 1222 4495 eas
1238 4448 1295 4495 ar·
1347 4417 1529 4494 Christum
1547 4421 1665 4495 adbuc
1679 4423 1793 4495 iacere
1810 4428 2022 4511 extinctum.
2048 4426 2165 4501 adhuc
2182 4436 2338 4505 resusci-

336 4526 409 4609 gnit,
432 4543 465 4600 et
478 4527 632 4621 requirit
648 4529 767 4599 lidcm.
818 4524 1074 4601 Nedirerisin
1092 4528 1198 4595 corde
1217 4540 1296 4598 tuo:
1347 4526 1497 4595 tandum
1517 4547 1611 4609 esse,
1632 4549 1696 4595 nec
1722 4550 1796 4597 esse
1811 4526 1979 4599 victorem
2002 4532 2127 4603 mortis
2144 4538 2336 4625 etpeccati.

289 4685 294 4696 .
335 4620 403 4711 Quis
421 4634 585 4703 ascendet
606 4630 647 4699 in
671 4629 833 4701 coelum?
862 4630 901 4712 id
923 4642 993 4714 est,
1019 4650 1065 4697 ne
1087 4629 1136 4697 sis
1160 4625 1294 4720 Epicu·
1347 4622 1481 4720 Estque
1495 4649 1634 4697 summa
1653 4628 1867 4715 sententiae,
1890 4653 1936 4701 ne
1957 4632 2099 4718 dubita,
2124 4636 2213 4730 quin
2228 4633 2337 4709 Chri-

290 4789 291 4797 ,
337 4748 412 4810 reus,
441 4731 661 4821 recogites,
687 4726 782 4803 nihil
804 4753 881 4802 esse
898 4731 1040 4815 Deum,
1071 4744 1133 4801 sut
1156 4732 1297 4817 nesciri,
1347 4743 1423 4800 stus
1439 4730 1486 4802 sit
1501 4730 1677 4803 mediator
1691 4743 1724 4800 et
1739 4744 1884 4821 regnet,
1911 4754 1956 4802 ne
1977 4734 2122 4817 dubita,
2145 4738 2232 4829 quin
2250 4762 2335 4830 pro-

290 4882 291 4906 1
336 4832 550 4918 ausitDeus,
575 4858 622 4905 an
639 4847 738 4906 curet
755 4826 930 4906 bumana:
964 4856 1010 4901 ne
1032 4832 1165 4922 cogites
1178 4830 1295 4905 Deum
1348 4846 1427 4923 pter
1440 4832 1557 4923 ipsum
1583 4854 1664 4901 vere
1680 4830 1888 4903 misereatur
1912 4837 2027 4905 nostri
2041 4835 2155 4923 Deus,
2179 4842 2336 4915 remittat

338 4928 371 4999 ita
389 4934 507 5023 latere,
540 4952 580 5007 ut
603 4960 678 5005 uon
701 4948 796 5007 extet
828 4936 904 5005 eius
925 4934 1092 5005 voluntas
1114 4935 1153 5005 in
1173 4936 1296 5029 aliquo
1348 4947 1506 5024 peccata,
1533 4934 1697 5007 exaudiet
1720 4950 1754 5007 et
1776 4934 1889 5007 salvet
1911 4960 1989 5009 nos.
2044 4937 2097 5011 lta
2119 4942 2220 5014 addit
2240 4940 2336 5017 Pau·

290 5039 291 5108 j
337 5034 437 5105 serbo:
470 5064 515 5109 ne
539 5038 670 5127 cogites
695 5038 770 5108 eius
793 5037 1013 5109 voluntatem
1036 5035 1194 5127 ignotam
1210 5061 1297 5119 esse,
1347 5036 1403 5105 lus
1420 5036 1514 5106 dicto
1532 5032 1626 5105 Mosi
1641 5034 1875 5127 Evangelium
1893 5040 1938 5109 de
1952 5041 2166 5130 mediatore,
2186 5060 2221 5117 et
2237 5036 2335 5117 con‘t-

337 5133 399 5221 quis
421 5140 491 5231 ipse
520 5164 595 5211 non
621 5140 781 5211 cernitur
806 5138 920 5209 oculis
948 5140 1211 5229 corporalibus:
1250 5164 1296 5209 ne
1347 5138 1515 5229 plectitur
1529 5138 1760 5218 exclusivam,
1787 5152 1827 5209 ut
1845 5138 1929 5210 fides
1942 5140 1987 5214 sit
2003 5158 2107 5215 certa.

290 5273 291 5342 p
337 5238 533 5323 togiteseum
548 5266 623 5313 uon
642 5242 828 5327 exaudire,
854 5264 929 5311 non
947 5241 1126 5328 misereri,
1149 5266 1223 5312 non
1240 5265 1296 5312 rc·
1449 5234 1687 5331 Oppouamus
1708 5239 1817 5331 igitur
1839 5240 2035 5315 infirmitati
2064 5260 2098 5315 et
2121 5248 2336 5323 dubitationi

337 5339 452 5423 toirere
474 5340 570 5415 hunc
592 5344 748 5425 cultum,
791 5366 898 5437 quem
933 5341 973 5413 in
1002 5342 1111 5415 serbo
1135 5365 1199 5415 suo
1223 5357 1296 5414 tra·
1347 5355 1489 5412 nostrae
1507 5336 1597 5411 banc
1618 5341 1860 5431 gravissimam
1876 5340 1978 5415 Pauli
1995 5350 2220 5435 concionem,
2245 5366 2280 5425 et
2298 5352 2336 5423 in

337 5438 485 5520 diditetr,
1005 5506 1010 5515 .
1348 5467 1388 5514 es
1412 5443 1714 5532 contemplemur,
1734 5458 1865 5537 quanta
1888 5446 1933 5519 sit
1957 5448 2140 5539 impietas,
2162 5454 2337 5539 dubitare,

417 5542 601 5635 Quomodo
618 5549 727 5641 igitur
742 5545 897 5618 inveniri
912 5560 946 5616 et
961 5542 1181 5638 apprehendi
1197 5547 1298 5617 Deus
1349 5569 1396 5615 nn
1412 5542 1510 5615 Deus
1525 5546 1610 5615 velit
1626 5546 1803 5618 remittere
1819 5563 1977 5636 peccata,
1997 5574 2042 5620 an
2059 5553 2143 5623 velit
2158 5554 2336 5640 exaudire,

340 5648 453 5723 potest?
501 5648 614 5743 Prope
637 5666 700 5736 est,
719 5650 847 5744 inquit,
873 5652 1021 5719 veebum
1044 5663 1112 5724 etc.
1159 5646 1243 5719 Huc
1264 5662 1298 5720 te
1349 5648 1492 5731 iuvare,
1513 5648 1668 5729 salvare,
1691 5648 1844 5741 denique
1866 5664 2042 5739 praestare
2065 5652 2148 5745 ills,
2166 5678 2256 5748 quae
2272 5680 2336 5747 per

342 5738 452 5817 deduco
470 5754 513 5820 sd
536 5757 703 5836 verbum,
728 5745 797 5822 hoc
822 5750 927 5827 audi,
956 5749 1005 5820 sic
1028 5751 1151 5820 credas
1170 5773 1298 5843 appre-
1349 5744 1533 5820 Christum
1550 5748 1739 5841 promisit?
1791 5748 1831 5819 ln
1847 5752 1946 5821 omni
1963 5752 2185 5825 invocatione
2205 5758 2337 5847 cogite-

342 5830 430 5913 hendi
452 5846 559 5925 Deum
590 5869 625 5925 et
654 5854 873 5925 voluntatem
903 5850 979 5923 cius
1006 5852 1183 5945 conspici,
1218 5876 1298 5924 cum
1350 5874 1430 5923 mus
1444 5845 1531 5923 haec
1549 5851 1672 5924 verba:
1694 5847 1748 5921 Ne
1761 5850 1912 5939 dixeris,
1925 5855 2006 5948 quis
2020 5859 2184 5929 ascendet
2200 5858 2237 5929 in
2255 5883 2338 5931 coe·

380 5948 538 6029 llrrarrn.
566 5961 669 6027 Oern.
710 5958 794 6025 Vos..
817 5956 896 6022 XV.
1658 5950 1711 6025 44

1574 2643 1635 2723 Nc
1650 2643 1754 2722 dieas
1773 2649 1813 2721 in
1840 2649 2026 2728 cordetuo
2049 2668 2111 2736 etr.
2245 2729 2250 2745 „

507 2952 573 3034 Ne
588 2951 731 3031 deseris
754 2957 796 3028 in
820 2951 925 3030 corde
941 2966 1005 3029 luo
1020 2965 1083 3028 etc.
