5825 6950
340 735 423 814 665
513 737 618 816 Xlll.
669 735 1095 815 2.00MMENTAR11
1123 735 1174 811 ut
1205 731 1535 813 betsuram
1560 729 1629 806 Au
1655 673 1923 813 ROMAllOS.
1973 731 2088 811 CAP.
2115 733 2217 812 Vlll.
2311 737 2386 811 666

341 911 583 1004 Evangelium
615 937 695 984 non
717 915 826 984 modo
850 910 971 983 incoat
990 909 1252 998 obedientiam,
1282 908 1342 979 sed
1393 903 1587 980 mittuntur
1602 909 1690 978 lacta
1706 919 1828 978 contra
1845 907 2114 997 conscientiam,
2140 921 2201 982 aut
2213 933 2293 981 cum
2308 933 2382 980 non

341 1016 454 1088 ctiam
469 1015 615 1090 subiicit
628 1038 694 1087 nos
709 1015 933 1088 obedientiae
950 1037 1032 1106 erga
1049 1011 1180 1087 Deum.
1393 1022 1612 1103 repugnatur
1629 1011 1760 1082 vitioso
1781 1011 1943 1097 affectui,
1975 1012 2065 1085 liunt
2085 1025 2225 1108 peccata
2249 1025 2382 1084 morta-

1392 1107 1453 1186 lia.
1501 1108 1569 1182 llic
1586 1114 1716 1202 gradus
1731 1114 1939 1184 manifestus
1953 1128 2016 1186 est.

1495 1211 1566 1285 Sed
1583 1216 1669 1287 citra
1686 1210 1780 1286 hunc
1793 1218 1942 1306 gradum
1955 1217 2060 1288 etiam
2079 1217 2245 1290 incidunt
2258 1217 2378 1311 lapsus

448 1316 694 1410 Propositioni
710 1319 810 1389 addit
827 1319 915 1388 duas
935 1315 1102 1392 rationes.
1153 1314 1274 1386 Prima
1290 1329 1341 1386 est
1391 1315 1632 1402 obscuriores,
1657 1341 1810 1411 quorum
1824 1319 1927 1389 multi
1944 1317 2033 1391 finnt
2048 1334 2187 1411 peccata
2202 1319 2378 1404 mortalia,

349 1434 463 1492 sumta
479 1443 499 1490 a
516 1421 652 1512 poenis.
703 1415 753 1491 Et
768 1418 828 1492 hic
845 1419 945 1491 locus
961 1444 1002 1491 eo
1022 1420 1265 1490 observandus
1279 1430 1342 1504 est,
1390 1439 1481 1509 quos
1510 1420 1602 1491 ratio
1634 1443 1707 1489 non
1732 1421 1816 1492 satis
1838 1421 1996 1491 iudicare
2018 1435 2151 1512 potest,
2183 1421 2287 1517 quale
2311 1421 2380 1490 fuit

350 1538 390 1594 nt
404 1537 587 1595 teneamus
605 1521 796 1594 discrimen
812 1521 947 1616 peccati
963 1521 1142 1606 mortalis,
1168 1537 1202 1592 et
1218 1519 1337 1589 venia·
1390 1516 1540 1591 Davidis
1559 1535 1735 1608 erratum,
1767 1525 1910 1616 quando
1937 1523 2038 1594 iussit
2060 1523 2241 1596 numerari
2265 1547 2380 1618 popu-

351 1627 458 1712 linm,
484 1620 553 1695 hoc
568 1637 637 1710 est,
662 1623 809 1716 talium,
844 1648 935 1718 quae
957 1626 1112 1696 existunt
1134 1622 1175 1716 in¹
1197 1621 1339 1694 sanctis.
1391 1621 1478 1696 lum.
1529 1619 1663 1693 Verum
1681 1617 1765 1694 ethi
1784 1626 1903 1716 lapsus
1924 1627 2174 1699 condonantur
2195 1626 2379 1697 redeunti·

353 1725 556 1816 Qniaenim
574 1725 711 1822 inquit:
739 1725 780 1800 Si
795 1726 950 1798 actiones
966 1750 1088 1797 carnes
1103 1726 1231 1817 spiritu
1244 1746 1339 1794 mor·
1390 1724 1457 1793 bus
1470 1724 1514 1792 ad
1531 1724 1655 1806 fidem,
1677 1727 1736 1797 sed
1754 1728 1867 1797 donec
1881 1739 2000 1798 manet
2013 1730 2233 1819 propositum
2251 1723 2380 1816 agendi

279 1876 284 1889 ·
353 1829 547 1914 titicabitis,
571 1829 717 1916 vivetis,
743 1841 890 1899 testatur
906 1851 979 1900 esse
995 1829 1034 1899 iu
1057 1829 1188 1900 sanctis
1202 1827 1338 1922 aliquas
1389 1837 1512 1896 contra
1529 1828 1800 1914 conscientiam,
1815 1853 1889 1900 non
1906 1842 2023 1920 potest
2039 1833 2159 1902 adesse
2176 1831 2280 1912 lides,
2295 1829 2380 1920 quia

283 1974 287 1995 ι
355 1931 506 2002 actiones
533 1931 699 2018 vitiosas,
730 1931 896 2002 videlicet
925 1929 1271 2022 concupiscentiam,
1304 1938 1339 1997 ct
1389 1927 1607 2018 impossibile
1624 1943 1677 2002 est
1690 1930 1795 2000 fidem
1814 1932 1961 2002 existere
1977 1954 2056 2002 cum
2080 1933 2172 2002 mala
2196 1931 2380 2000 conscien-

355 2033 499 2104 sitiosos
527 2031 681 2122 affectus:
715 2032 950 2126 multiplices,
998 2032 1260 2104 dubitationem
1293 2031 1339 2100 de
1389 2029 1451 2103 tia.
1503 2029 1608 2101 Fides
1623 2033 1717 2102 enim
1741 2045 1792 2102 est
1816 2033 1964 2118 fiducia,
1999 2058 2089 2128 quae
2113 2032 2250 2118 statuit,
2284 2033 2380 2125 quod

353 2133 441 2216 lteo,
484 2157 563 2204 non
590 2139 715 2206 ardere
734 2137 862 2208 timore
884 2131 969 2220 Dei,
1007 2135 1096 2220 lide,
1137 2134 1338 2217 dilectione,
1389 2129 1467 2201 Deo
1485 2133 1683 2223 placeamus
1708 2145 1852 2227 propter
1865 2129 2059 2212 Christum.
2111 2133 2206 2206 Huic
2229 2134 2379 2204 fiduciae

295 2286 299 2301 .
354 2238 532 2328 segnitiem
552 2237 591 2306 in
606 2239 833 2310 invocatione
849 2233 964 2330 (quod
981 2237 1034 2307 illi
1052 2249 1225 2308 vocarunt
1248 2231 1339 2326 ἄκη·
1390 2249 1564 2326 repugnat
1590 2237 1681 2306 mala
1705 2238 1939 2322 conscientia,
1973 2261 2079 2335 quam
2105 2239 2198 2332 parit
2219 2235 2383 2330 proposi-

296 2328 301 2343 '
355 2335 454 2428 tior)
469 2339 745 2430 impatientiam,
767 2339 927 2408 llammas
939 2339 1154 2420 libidinum,
1180 2361 1255 2408 non
1272 2338 1339 2404 ob-
1391 2350 1467 2409 tum
1486 2338 1615 2425 agendi
1633 2352 1753 2409 contra
1771 2341 1937 2410 mandata
1950 2335 2031 2413 Dei.

353 2455 545 2534 temperare
574 2441 839 2534 superioribus,
872 2441 1018 2512 incendi
1035 2441 1229 2534 cupiditate
1255 2439 1339 2508 vin·
1492 2435 1590 2510 Haec
1622 2442 1666 2509 de
1692 2442 1898 2510 discrimine
1920 2456 2144 2532 peccatorum
2169 2437 2300 2510 Paulus
2323 2431 2383 2508 hic

292 2582 294 2590 =
351 2545 480 2628 dictae,
506 2544 614 2627 odio,
639 2543 787 2614 avaritia
804 2559 869 2620 ete.
924 2543 1031 2614 Tales
1051 2544 1170 2613 morbi
1192 2543 1230 2611 in
1257 2563 1338 2610 san·
1391 2539 1551 2614 tradidit,
1604 2539 1723 2630 Quare
1740 2539 1835 2613 hunc
1852 2544 1967 2613 locum
1994 2544 2184 2632 diligenter
2210 2540 2383 2610 memine-

349 2645 429 2730 ctis,
457 2645 524 2715 etsi
539 2659 623 2716 sunt
638 2666 699 2715 sua
715 2660 841 2716 natura
859 2660 998 2738 peccata
1012 2646 1195 2725 mortalia,
1221 2643 1259 2713 id
1277 2654 1340 2727 est,
1391 2643 1526 2728 rimus,
1552 2654 1588 2712 et
1602 2667 1804 2731 caveamus,
1830 2669 1876 2714 ne
1895 2645 2023 2715 amisso
2048 2644 2217 2714 beneficio
2233 2637 2382 2726 Christi,

431 1177 539 1256 Nom
553 1177 802 1254 sisnandum
816 1203 963 1253 comem
978 1177 1168 1266 emerito,
1195 1186 1259 1252 etc.

349 2748 456 2838 digna
473 2759 588 2817 morte
603 2758 768 2839 aeterna,
795 2762 913 2819 tamen
929 2749 1155 2820 credentibus
1174 2749 1213 2816 iu
1230 2741 1341 2816 Chri·
1391 2767 1536 2814 ruamus
1552 2743 1590 2812 in
1613 2746 1777 2829 exitium,
1818 2747 1905 2816 sicut
1932 2759 1964 2816 et
1982 2745 2108 2818 Petrus
2132 2746 2264 2838 inquit:
2299 2741 2385 2814 Stu-

287 2872 290 2882 “
347 2862 441 2921 stum
458 2851 729 2931 condonantur,
756 2850 818 2944 qui
842 2864 874 2922 et
896 2863 1095 2944 repugnant
1116 2843 1173 2919 his
1195 2849 1341 2930 morbis,
1391 2849 1470 2916 dete
1492 2847 1629 2918 firmam
1651 2851 1764 2918 lacere
1788 2849 2009 2918 vocationem
2033 2863 2068 2920 et
2091 2849 2297 2918 electionem
2322 2868 2384 2913 ve·

350 2965 384 3022 et
414 2951 486 3021 fide
506 2940 779 3042 apprehendunt
800 2955 1028 3026 mediatorem
1054 2948 1264 3031 Christum,·
1290 2951 1341 3018 sic
1391 2962 1520 3034 stram,
1546 2949 1669 3031 idest,
1696 2965 1918 3042 perseverate
1934 2951 1970 3020 in
1986 2945 2053 3020 hac
2069 2951 2243 3034 novitate,
2276 2969 2384 3041 quam

348 3053 631 3140 buntvenialia,
656 3053 782 3139 idest,
808 3057 1020 3130 condonata.
1390 3051 1569 3121 consecuti
1600 3053 1704 3136 estis,
1749 3075 1794 3120 ne
1825 3053 1963 3122 vocatio
1995 3066 2028 3122 et
2062 3049 2205 3138 electio,
2244 3072 2314 3144 qua
2344 3067 2385 3115 ex

452 3151 610 3225 Econtra
642 3178 727 3226 vero
757 3158 921 3227 mortalia
945 3159 1052 3242 liunt,
1091 3179 1172 3226 cum
1195 3152 1239 3240 ii,
1277 3153 1340 3246 qui
1389 3155 1525 3223 mundo
1543 3153 1711 3244 segregati
1729 3155 1830 3240 estis,
1856 3156 1902 3224 ab
1919 3155 2038 3245 impiis
2053 3176 2177 3224 rursus
2192 3153 2252 3226 liat
2270 3151 2383 3220 irrita.

277 3342 283 3357 .
350 3259 492 3328 fuerant
506 3257 732 3339 sanctificati,
758 3257 946 3348 indulgent
959 3272 993 3331 et
1018 3259 1265 3350 obtemperant
1286 3267 1341 3324 ta·

278 3365 283 3377 '
353 3363 445 3430 libus
458 3359 663 3440 affectibus,
690 3383 754 3430 nec
770 3375 969 3452 repugnant
990 3375 1025 3432 et
1048 3374 1131 3432 sunt
1156 3361 1232 3429 sine
1255 3381 1341 3448 poc-

353 3463 513 3543 nitentia.
564 3459 671 3531 Tales
688 3463 782 3532 enim
799 3465 967 3536 amittunt
990 3464 1095 3533 fidem
1118 3472 1153 3533 et
1167 3459 1342 3554 Spiritum
1492 3451 1655 3531 Alterum
1670 3471 1916 3549 argumentum
1939 3482 1958 3529 a
1975 3480 2077 3528 causa
2095 3447 2386 3528 efficiente'aum·

356 3578 531 3647 sanetum,
562 3575 596 3634 et
619 3565 837 3637 damnantur
856 3579 997 3638 aeterna
1023 3580 1155 3644 morte,
1187 3563 1259 3633 nisi
1284 3586 1341 3633 re·
1390 3573 1466 3632 tum
1481 3574 1544 3633 est.
1565 3584 1571 3589 ·
1596 3557 1750 3651 Spiritus
1766 3575 1907 3632 sanctus
1924 3574 1974 3631 est
1999 3558 2120 3629 eflicax
2144 3560 2182 3627 in
2204 3558 2268 3647 iis,
2303 3554 2386 3647 qui·x

356 3670 459 3738 deant
472 3668 519 3735 ad
535 3666 802 3757 poeniteutiam.
854 3665 956 3739 Sicut
969 3666 1086 3739 David
1104 3669 1216 3738 factus
1237 3663 1341 3735 adul·
1389 3664 1458 3733 bus
1489 3660 1663 3733 donatur:
1708 3660 1781 3730 Vos
1803 3662 1986 3754 accepistis
2008 3660 2182 3753 Spiritum
2210 3671 2385 3742 sanctum,

356 3786 428 3857 ter,
443 3783 517 3855 erat
532 3772 609 3837 sine
620 3769 689 3839 fide
706 3784 740 3842 et
752 3769 828 3838 sine
838 3766 977 3862 Spiritu
993 3784 1135 3854 sancto,
1155 3783 1192 3841 et
1216 3766 1342 3859 periis-
1389 3761 1487 3853 Ecgo
1519 3764 1564 3833 sit
1596 3764 1633 3830 in
1660 3764 1761 3832 vobis
1783 3764 1915 3837 efficax.
1973 3760 2148 3833 Maiorem
2174 3756 2231 3829 hic
2252 3757 2385 3828 Paulus

358 3888 424 3957 set,
447 3871 518 3940 nisi
535 3883 654 3967 postea
669 3895 732 3964 per
748 3871 1002 3963 poenitentiam
1018 3873 1201 3943 restitutus
1216 3882 1316 3941 essct.
1390 3867 1534 3937 recitat:
1561 3864 1776 3959 Quicunque
1793 3867 1974 3937 ducuntur
1988 3864 2116 3955 spiritu
2131 3860 2219 3948 Dei,
2243 3856 2282 3931 hi
2300 3870 2384 3930 sunt

453 3970 536 4043 Huc
550 3972 704 4065 pertinet
720 3974 854 4045 dictum
870 3968 939 4044 hoc
960 3976 1055 4046 loco:
1082 3974 1122 4046 Si
1146 3973 1342 4041 secundum
1390 3965 1553 4039 lilriDei.
1604 3960 1740 4061 Estque
1755 3989 1839 4037 usus
1868 3968 1977 4037 verbo
1992 3963 2108 4050 Duri,
2136 3978 2178 4035 ut
2204 3961 2384 4050 intelliga·
2450 3978 2456 3985 ·

360 4075 689 4161 caruemvireritis,
713 4074 834 4160 idest,
868 4076 899 4145 si
921 4074 1215 4169 obtemperabitis
1236 4072 1343 4143 vitio-
1390 4068 1660 4139 muselficacem
1687 4091 1759 4138 esse
1775 4068 1951 4161 Spiritum
1977 4080 2158 4168 sanctum,
2187 4088 2262 4134 non
2288 4064 2382 4133 otio·

361 4180 403 4251 sis
432 4178 636 4261 affectibus,
669 4177 886 4251 moriemini.
947 4178 994 4250 Et
1022 4182 1145 4249 eadem
1169 4174 1343 4247 sententia
1391 4195 1483 4244 sum.
1536 4168 1657 4259 Quare
1671 4194 1745 4241 non
1761 4186 1812 4243 est
1834 4172 2107 4264 repugnandum
2126 4166 2283 4237 moventi
2301 4162 2383 4256 Spi-

363 4304 454 4373 saepe
468 4280 640 4371 repetitur
658 4280 696 4348 in
712 4281 917 4371 scripturis,
943 4276 1076 4354 Matth.
1092 4276 1147 4353 6.:
1184 4276 1263 4348 Nisi
1281 4278 1345 4345 ab·
1391 4273 1478 4344 ritui
1495 4286 1630 4347 sancto.
2070 4290 2074 4312 ¹

363 4382 543 4453 nudaverit
574 4381 713 4452 iusticia
747 4398 860 4453 vestra
891 4404 997 4472 super
1019 4382 1195 4454 iusticiam
1217 4372 1345 4450 Plrari-

364 4510 516 4557 saeorum
542 4498 607 4555 etc.
663 4486 696 4559 1.
722 4482 817 4555 loen.
835 4484 888 4554 S:
921 4480 1054 4556 Omnis
1078 4485 1139 4578 qui
1163 4505 1235 4551 nou
1262 4481 1345 4550 facit

364 4588 547 4672 iusticiam,
581 4600 729 4657 nonest
753 4610 794 4656 er
816 4586 904 4659 Deo.
959 4588 992 4661 1.
1013 4580 1179 4659 Corinth.
1203 4582 1257 4656 6.:
1291 4580 1345 4651 Ne
1496 4578 1621 4649 Postea
1646 4577 1821 4662 declarat,
1847 4580 1969 4672 quales
1994 4578 2065 4648 siut
2088 4587 2205 4645 motus
2226 4572 2383 4673 Spiritus

365 4690 498 4774 erretis,
538 4702 768 4767 scortatores,
810 4689 984 4759 idolatrae
1014 4705 1079 4761 etc·
1109 4708 1258 4775 regnum
1276 4681 1345 4752 Dei
1394 4683 1527 4767 sancti,
1554 4697 1588 4750 et
1604 4680 1772 4755 discernit
1796 4674 1864 4749 hoc
1887 4703 2020 4749 novum
2049 4679 2217 4762 verbum,
2251 4675 2384 4746 scilicet

365 4816 430 4861 ooo
466 4790 710 4883 possidebunt.
781 4788 899 4863 Galat.
933 4789 985 4865 5.:
1031 4788 1136 4861 Talia
1166 4787 1345 4869 iacientes,
1393 4778 1796 4874 EvangeliumaLege.
1856 4776 1948 4849 Nam
1971 4781 2047 4869 lege
2070 4776 2327 4869 perterrefacti,
2353 4775 2383 4845 si
2499 4838 2502 4845 .

365 4916 503 4984 regnum
525 4890 593 4963 Dei
618 4917 692 4961 non
714 4893 957 4983 possidebunt.
1004 4890 1141 4964 Coluss.
1164 4888 1221 4962 S:
1254 4884 1344 4957 Pro·
1394 4910 1469 4957 non
1487 4887 1628 4954 accedat
1650 4882 1864 4967 consolatio,
1897 4896 2009 4953 ruunt
2031 4880 2069 4949 in
2091 4880 2385 4970 desperationem,

366 5010 435 5087 pter
450 5020 540 5090 quae
557 4995 654 5065 venit
668 4995 720 5065 ira
737 4991 804 5063 Dei
817 5018 924 5086 super
941 4995 1189 5066 inobedientes
1203 5004 1270 5061 etc.
1394 4988 1539 5078 lugiunt
1553 4983 1688 5067 Deum,
1714 5006 1788 5053 non
1806 4982 1986 5053 invocant.
2036 4980 2113 5051 llos
2130 4994 2299 5060 terrores,
2316 4980 2385 5049 du·

458 5096 528 5171 Sed
550 5091 610 5167 bic
625 5098 809 5190 quaeritur
825 5099 870 5166 de
888 5099 1019 5187 gradm
1050 5094 1206 5186 Quando
1227 5094 1346 5182 lapsos
1393 5089 1605 5160 bitationem
1631 5100 1665 5155 et
1689 5084 1807 5174 lugam
1832 5096 1933 5155 vocat
1948 5083 2123 5175 Spiritum
2142 5080 2320 5154 servitutis
2343 5080 2383 5148 in

368 5197 415 5269 illi
445 5199 534 5272 liunt
564 5199 728 5271 mortalia
752 5198 915 5288 peccata?
947 5198 1108 5270 Primum
1134 5192 1194 5267 lric
1214 5196 1345 5285 gradus
1395 5192 1570 5263 timorem.
1629 5186 1783 5257 Econtra
1815 5208 1900 5255 vero
1929 5209 2010 5255 cum
2033 5182 2230 5275 Evangelio
2260 5196 2294 5253 et
2316 5183 2384 5251 lide

366 5292 453 5371 baud
467 5302 577 5373 dubie
592 5314 644 5371 est
660 5314 839 5393 peccatum
856 5302 1028 5391 mortale,
1054 5324 1135 5370 cum
1150 5313 1262 5369 ruunt
1280 5291 1346 5364 ho·
1394 5294 1583 5383 eriguntur
1615 5288 1746 5373 animi,
1788 5286 1997 5385 concipiunt
2020 5286 2193 5377 Spiritum
2223 5299 2383 5356 sanctum

365 5404 472 5477 mines
488 5418 611 5473 contra
626 5402 878 5474 conscientiam
895 5405 1065 5474 adversus
1084 5397 1344 5481 mandataDei:
1393 5395 1652 5476 vivificantem,
1692 5403 1725 5460 et
1751 5403 1950 5479 agnoscunt
1974 5389 2043 5457 iam
2064 5383 2181 5458 Deum
2205 5387 2381 5478 placatum

363 5505 508 5601 ideoque
524 5503 656 5575 Paulus
680 5506 901 5587 describens,
926 5506 1041 5599 qualis
1057 5504 1103 5576 sit
1120 5504 1190 5573 rita
1206 5515 1346 5571 sancto·
1395 5518 1486 5575 esse,
1520 5507 1553 5563 et
1577 5494 1669 5562 velle
1689 5492 1867 5565 exaudire,
1928 5487 1994 5560 llla
2018 5513 2103 5559 vero
2127 5486 2323 5558 consolatio
2346 5486 2383 5603 in

365 5630 459 5697 rum,
491 5608 676 5679 constituit
705 5603 801 5677 lrune
827 5607 994 5693 gradum,
1027 5630 1074 5675 ne
1093 5618 1200 5696 agant
1222 5616 1345 5672 contra
1395 5596 1488 5666 veris
1501 5594 1713 5687 pavoribus,
1747 5606 1799 5663 est
1813 5604 1930 5661 motus
1953 5606 1987 5663 et
2007 5589 2251 5663 testimonium
2268 5584 2385 5677 spin-

364 5709 623 5783 rouscientiam.
676 5706 892 5784 1.Tim.1.:
926 5706 1074 5778 Summa
1097 5706 1256 5777 mandati
1283 5715 1346 5781 est,
1395 5712 1453 5771 tus
1468 5696 1592 5766 sancti.
1644 5693 1761 5767 Sentit
1777 5715 1859 5781 ergo
1876 5690 2008 5763 Paulus
2025 5692 2123 5761 aliud
2143 5690 2290 5758 verbum
2311 5688 2384 5755 iam

363 5810 503 5882 dilectio
517 5836 560 5881 er
576 5812 681 5881 corde
695 5834 802 5904 puro,
835 5808 1049 5879 conscientia
1073 5808 1187 5887 bona,
1220 5822 1255 5877 et
1276 5808 1347 5875 fide
1394 5798 1695 5881 revelatamesse,
1720 5792 2083 5889 quoellicimurlilii,
2109 5792 2239 5861 donata
2261 5790 2428 5857 remis-

364 5934 438 5983 non
450 5912 538 5987 ficta.
588 5908 685 6005 Ergo
703 5938 783 5984 curu
802 5913 970 5983 adversus
984 5912 1150 5983 mandata
1167 5908 1234 5983 Dei
1250 5932 1347 5979 com·
1395 5901 1497 5973 sione
1511 5912 1755 5993 peccatorum,
1782 5909 1816 5966 et
1829 5896 1962 5967 donato
1980 5891 2119 5987 Spiritu
2133 5903 2269 5963 sancto.

1614 3313 1697 3415 Qui
1709 3316 1848 3416 spiritu
1861 3315 1942 3390 Dei
1956 3315 2153 3393 ducuntur.

1400 4443 1404 4449 ’
1429 4436 1521 4517 Non
1541 4438 1637 4511 enim
1651 4436 1843 4534 accepistis
1856 4436 2029 4537 spiritum
2045 4436 2251 4511 servitutes.
2276 4432 2349 4509 etc«¹
