5825 6950
350 753 396 824 n
774 749 858 822 xu.
908 742 1212 823 saumario
1238 745 1495 823 laevane.
1524 743 1738 826 ιοιιιιιε.
1789 750 1895 828 car.
1925 753 1951 828 ι.
2154 713 2164 730 ’
2340 773 2384 844 ιι

351 927 439 998 citae
461 939 498 996 et
518 948 639 995 novae
662 923 821 995 insciciae
844 923 884 991 iu
907 921 1097 995 mentibus.
1159 919 1230 993 Sed
1253 917 1340 993 haec
1389 919 1589 993 testimonia
1605 935 1723 993 extant
1741 925 1786 994 de
1801 926 1901 998 factis
1918 931 2050 1002 divinis
2066 947 2129 1006 aut
2142 935 2186 1006 de
2201 963 2286 1010 voce
2298 939 2380 1016 Dei.

349 1027 519 1121 copiosius
535 1029 632 1097 infra
649 1026 807 1098 docenda
823 1039 941 1099 eruut.
1334 1063 1344 1080 ·
1389 1022 1476 1095 Vult
1512 1025 1608 1094 enirn
1641 1025 1737 1096 Deus
1763 1027 1868 1098 fidem
1901 1029 2080 1107 Ecclesiae
2124 1052 2254 1111 certam
2294 1068 2379 1122 esse.
2416 1039 2423 1062 ⁸

1386 1125 1558 1217 Exempla
1574 1121 1680 1198 huius
1695 1131 1745 1198 rei
1763 1134 1874 1205 multa
1894 1152 1997 1222 sunt,
2030 1155 2130 1230 pater
2151 1157 2313 1217 aeternus
2338 1174 2379 1220 ex

1388 1231 1487 1299 coelo
1505 1225 1595 1298 hanc
1611 1232 1722 1302 edidit
1745 1259 1882 1307 vocem:
1915 1235 1984 1310 Hic
2007 1225 2058 1312 cist
2084 1243 2177 1314 lilius
2199 1272 2298 1320 meus
2322 1255 2379 1322 di-

1388 1333 1517 1413 tectus,
1543 1326 1639 1404 hunc
1659 1334 1801 1420 audite,
1829 1354 1861 1408 et
1877 1343 2070 1413 adsuerunt
2085 1343 2204 1420 Moses
2220 1365 2254 1422 et
2269 1349 2378 1429 Elias.

441 1433 649 1511 Antithesis
685 1439 903 1510 observetur.
971 1435 1104 1508 Filium
1134 1433 1202 1506 Dei
1234 1452 1337 1509 vocat
1386 1433 1465 1505 Hoc
1479 1437 1686 1506 mandatum
1710 1462 1789 1508 cum
1814 1442 1986 1532 pertineat
2002 1451 2045 1516 ad
2063 1462 2176 1520 totum
2192 1459 2379 1542 mundum,

351 1545 469 1626 tutan,
496 1565 613 1632 genus
636 1537 835 1612 humanum
853 1562 1058 1632 oppressum
1075 1551 1217 1631 peccato
1233 1555 1336 1613 vocat
1386 1550 1505 1609 tamen
1526 1552 1664 1610 tantum
1689 1555 1773 1611 tunc
1795 1545 1984 1618 adfuerunt
2007 1562 2077 1621 tres
2099 1555 2283 1646 discipuli,
2311 1559 2377 1628 Pe.-

352 1647 513 1716 tenebras.
569 1645 718 1735 Secriper
734 1639 1170 1714 autemadfuitliliusllei
1187 1642 1336 1734 ipsege-
1385 1655 1478 1720 trus,
1508 1639 1655 1712 lacobus
1678 1657 1712 1712 et
1737 1645 1898 1719 loannes.
1958 1649 2008 1720 Hi
2032 1669 2151 1743 postea
2174 1671 2277 1730 testes
2300 1664 2376 1732 sue.

391 1195 444 1268 Et
464 1195 540 1270 lux
561 1199 602 1268 in
624 1195 780 1270 tenebris
797 1195 908 1282 lucet,
935 1205 966 1267 ιι
983 1193 1152 1268 tenebrae
1165 1219 1245 1268 cam
1262 1221 1336 1268 uon

438 1297 810 1399 comprehenderant.-

347 1749 415 1818 ueri
435 1749 623 1832 hnmano,
648 1761 684 1818 et
706 1771 846 1839 semper
867 1759 945 1836 post
960 1745 1111 1837 primam
1128 1747 1336 1836 promissio-

345 1875 418 1920 nem
439 1853 566 1921 datam
590 1850 717 1944 primis
740 1850 967 1943 parentibus,
993 1848 1114 1917 sonuit
1133 1873 1201 1916 vox
1219 1852 1264 1919 de
1280 1875 1333 1934 eo,

1385 1758 1472 1814 runt
1497 1745 1574 1813 eius
1597 1747 1710 1831 vocis,
1737 1762 1772 1818 et
1786 1747 1882 1820 Deus
1904 1755 2144 1828 testimonium
2171 1785 2293 1832 eorum
2312 1791 2377 1834 no·

1384 1845 1439 1915 vis
1459 1847 1641 1938 miraculis
1667 1851 1901 1925 confirmavit.
1971 1855 2021 1926 lta
2050 1862 2095 1930 de
2123 1865 2278 1937 adventu
2312 1869 2376 1937 blii

345 1956 377 2022 iu
405 1979 477 2048 qua
510 1956 656 2043 agnosci
685 1967 719 2023 ct
740 1952 898 2044 conspici
920 1951 1051 2034 voluit,
1082 1963 1117 2021 et
1139 1975 1204 2040 per
1227 1976 1334 2046 quam
1382 1946 1451 2020 Dei
1482 1951 1591 2020 multa
1621 1953 1821 2025 testimonia
1849 1961 2028 2049 proposita
2053 1980 2158 2050 sunt,
2191 1991 2282 2062 quae
2308 1972 2376 2056 piis

343 2059 403 2127 luit
425 2057 553 2126 efficax
576 2059 616 2126 in
641 2056 841 2150 aliquibus,
875 2055 970 2124 etin
996 2056 1047 2122 eis
1067 2077 1195 2123 novam
1220 2056 1333 2124 lucem

345 2161 491 2229 etritam
509 2159 683 2230 incoavit.
725 2155 852 2229 Adfuit
868 2157 977 2247 igitur
992 2172 1026 2228 et
1039 2157 1180 2245 agnosci
1197 2158 1234 2225 in
1251 2181 1333 2248 pro-

346 2265 507 2332 missione
532 2263 670 2343 voluit,
698 2277 733 2333 et
756 2285 855 2332 suam
880 2261 1114 2352 praesentiam
1135 2272 1240 2352 atque
1259 2261 1334 2329 clli-

1385 2055 1595 2143 proderant,
1622 2069 1657 2124 et
1671 2057 1757 2125 satis
1780 2059 2038 2133 coufinnabant
2061 2089 2139 2153 eos,
2166 2072 2229 2139 etsi
2245 2073 2291 2142 ab
2308 2074 2376 2143 im·
2403 2141 2407 2158 ,

1383 2155 1451 2249 piis
1482 2156 1746 2228 deridebantur.
1809 2157 1855 2232 Ut
1888 2170 2070 2239 constabat
2102 2173 2265 2260 angelum
2296 2202 2377 2246 cum

1387 2253 1560 2327 Zacharia
1575 2257 1731 2330 locutum
1753 2285 1844 2348 esse,
1871 2282 1989 2356 postca
2011 2295 2051 2337 ex
2073 2273 2183 2342 sterili
2201 2290 2234 2346 et
2251 2277 2377 2349 effoeta

349 2367 470 2434 cariam
487 2366 614 2436 multis
639 2365 811 2434 mirandis
835 2362 1108 2434 liberationibus
1131 2363 1334 2444 declaravit,
1383 2359 1683 2432 matre·loaunem
1710 2379 1834 2435 natum
1851 2392 1943 2449 esse,
1968 2385 2000 2439 et
2017 2375 2230 2447 nominatim
2249 2383 2291 2449 ad
2310 2376 2378 2452 hoc

359 2485 394 2538 ιιι
405 2469 560 2560 exempla
576 2465 726 2537 Patrnm
743 2481 778 2538 et
792 2462 1053 2559 Prophetarum
1067 2466 1274 2547 ostendunt,
1299 2479 1334 2536 et
1383 2463 1613 2549 destinatum,
1639 2480 1679 2536 ut
1692 2471 1890 2541 ostenderet
1904 2471 1973 2540 iam
1994 2491 2184 2550 venturum
2196 2479 2376 2556 Messium.

360 2585 465 2638 tamen
493 2573 656 2641 tenebrae
685 2595 764 2639 eum
788 2594 862 2638 non
894 2577 1140 2658 agnoverunt.'
1183 2567 1335 2660 Semper
1384 2563 1509 2636 Postea
1528 2565 1672 2636 loannis
1688 2572 1872 2642 vocatione
1890 2575 2011 2646 divina
2031 2603 2165 2650 novum
2183 2605 2293 2672 genus
2310 2589 2376 2656 do-

350 2674 490 2741 marinna
524 2699 607 2763 pars
635 2673 772 2764 generis
804 2663 971 2755 hnmani,
1011 2672 1138 2742 furens
1168 2666 1334 2741 horribili
1383 2671 1518 2740 ctrinae
1539 2684 1573 2742 et
1591 2671 1804 2760 baptismum
1827 2676 2001 2761 incoavic,
2039 2683 2089 2749 ibi
2115 2685 2207 2754 vidit
2231 2690 2378 2759 ‹lescen-

347 2789 517 2844 contemtu
541 2775 631 2861 Dei,
665 2775 833 2844 indicavit
858 2772 1094 2863 Evangelium
1117 2773 1259 2842 inanem
1283 2776 1330 2844 la·
1383 2775 1527 2843 dentem
1543 2771 1718 2872 Spiritum
1736 2792 1917 2865 sanctum,
1946 2795 1979 2851 et
1996 2784 2085 2854 vidit
2102 2801 2136 2855 et
2154 2790 2291 2861 audivit
2305 2792 2377 2861 cla·

349 2877 457 2946 bolam
491 2901 578 2947 esse.
639 2877 748 2947 Multi
777 2879 882 2946 etiam
903 2892 1070 2970 tanquam
1101 2878 1333 2966 perniciosam
1383 2901 1460 2945 ram
1477 2899 1598 2945 vocem
1616 2879 1750 2947 aeterni
1768 2881 1893 2970 patris:
1926 2881 1997 2954 Hic
2011 2900 2069 2956 est
2088 2889 2182 2960 lilius
2207 2917 2305 2963 meus
2322 2897 2379 2964 di-

347 2983 537 3050 doctrinam
553 2984 726 3064 odernnt,
752 2994 786 3050 et
803 2980 919 3048 delere
937 2980 1055 3049 conati
1072 2993 1166 3061 scint.

435 3081 537 3152 Haec
561 3085 671 3173 igitur
692 3084 850 3152 narratio
874 3096 1016 3166 monet,
1058 3083 1173 3174 qcralis
1195 3083 1240 3153 sit
1264 3079 1333 3152 Ec-

346 3187 463 3256 clesiae
502 3189 648 3277 species.
707 3185 812 3258 Velut
840 3209 948 3277 parva
979 3185 1134 3254 scintilla
1163 3186 1273 3275 fulget
1296 3187 1333 3252 in

346 3303 460 3371 nocte,
490 3290 543 3357 sic
564 3288 798 3376 Evangelium
825 3303 875 3360 est
903 3287 1087 3357 flammula
1118 3287 1259 3376 fulgens
1288 3288 1329 3356 in

347 3392 539 3485 aliquibus,
574 3417 656 3461 cum
679 3393 822 3462 interim
844 3391 973 3460 caeteri
995 3415 1118 3459 omnes
1145 3390 1217 3459 sint
1235 3403 1332 3459 tene-

349 3496 430 3563 brae.
495 3495 708 3588 Experimur
728 3510 845 3566 autem
870 3490 1180 3565 humana·iudicia
1203 3489 1332 3563 abhoc-

348 3622 414 3665 rere
435 3598 483 3666 ab
497 3595 565 3667 hac
588 3601 703 3690 specie
725 3595 923 3680 Ecclesiae,
949 3599 1122 3666 miramur
1146 3598 1333 3665 inaximam

349 3696 486 3769 hnmani
516 3703 656 3791 generis
685 3713 822 3793 partem
854 3700 1019 3780 interire,
1055 3714 1090 3769 et
1112 3701 1150 3768 in
1175 3714 1334 3770 aeternas

352 3828 471 3889 poenas
487 3804 608 3881 abiici.
659 3804 730 3876 Sed
753 3818 902 3894 proptor
917 3798 1009 3871 hanc
1026 3802 1260 3872 offensionem
1276 3826 1334 3871 ra-

354 3908 447 3975 cionis
483 3931 557 3977 non
589 3908 794 3977 deficiamus
819 3934 838 3974 a
861 3906 954 3988 Deo,
994 3930 1034 3973 ac
1057 3930 1100 3974 eo
1124 3907 1235 3994 magis
1258 3905 1334 3974 eius

353 4010 512 4079 iudicium
538 4028 574 4082 et
599 4012 688 4080 iram
715 4023 931 4090 metuamus,
970 4021 1003 4077 et
1029 4004 1226 4098 Evangelio
1247 4009 1333 4077 obe-

351 4112 487 4183 cliamus.

351 4278 431 4355 Fuit
456 4280 572 4357 Ιιιιηιο
596 4284 732 4355 massus
758 4311 782 4353 a
805 4280 892 4353 Deo
920 4284 980 4355 cui
1005 4308 1136 4353 nornen
1153 4280 1333 4355 Ioannes.

433 4424 616 4515 Superior
633 4442 713 4513 pars
737 4423 840 4491 docet
859 4420 1025 4489 lectorem
1048 4422 1092 4489 de
1117 4434 1244 4492 natura
1268 4420 1333 4490 lilii

358 4518 425 4609 Dei,
446 4551 541 4621 quaa
555 4526 662 4593 etiam
676 4540 758 4593 ante
778 4524 1030 4592 assumtionem
1047 4538 1193 4593 naturae
1207 4520 1333 4593 hnma-

353 4630 500 4701 naeluit.
552 4628 714 4719 Sequens
735 4628 892 4695 narratio
917 4627 1190 4696 concionabitur
1211 4628 1257 4695 de
1278 4650 1332 4695 as-

345 4734 514 4804 sumtione
529 4743 678 4800 naturae
696 4725 890 4810 humanae,
923 4742 959 4798 et
979 4729 1184 4820 priusquam
1207 4731 1251 4798 d'e
1270 4732 1334 4798 ad-

343 4850 443 4905 ventu
459 4836 524 4904 filii
544 4832 611 4902 Dei
635 4836 819 4926 loquatur,
842 4833 1063 4901 mentionem
1090 4831 1173 4901 facit
1189 4828 1334 4902 loannis

342 4932 518 5026 Baptistae
534 4951 681 5035 propter
696 4938 784 5005 duas
808 4956 947 5017 causas,
973 4957 1123 5027 quarum
1147 4933 1247 5025 prior
1270 4949 1332 5014 est,

343 5056 375 5105 ιι
404 5042 529 5129 alleget
554 5038 797 5108 testimoninm
820 5035 1000 5127 Baptistae
1025 5040 1070 5105 de
1094 5036 1244 5116 Messia,
1277 5060 1332 5107 se-

341 5150 472 5228 cunda,
497 5158 538 5214 ιιι
554 5142 732 5211 discernat
748 5140 917 5210 Messiam
934 5164 953 5207 a
968 5138 1141 5229 Baptista,
1166 5155 1199 5209 et
1215 5142 1332 5209 occini-

342 5246 406 5313 bns
417 5242 604 5339 Prophetis
620 5257 655 5315 et
670 5246 749 5313 aliis
764 5243 938 5310 ministris
957 5244 1142 5311 doctrinae
1160 5242 1331 5312 coelestis.

439 5348 494 5420 De
516 5348 626 5441 priori
651 5348 808 5417 breviter
831 5347 964 5414 dicam:
991 5342 1140 5435 Negotia
1163 5347 1333 5437 imperio-

338 5476 440 5543 rum,
467 5469 508 5523 ut
534 5451 704 5521 victoriae
721 5448 937 5533 Alexandri,
963 5446 1142 5538 Scipionis
1157 5463 1219 5519 aut
1240 5447 1334 5534 iulii,

337 5556 527 5625 inciserunt
548 5554 588 5621 in
608 5551 732 5624 oculos
755 5548 963 5631 hominnm,
991 5563 1024 5619 et
1041 5546 1173 5619 habent
1189 5553 1335 5619 eviden-

335 5662 382 5725 ιιι
416 5658 622 5727 testimonia
650 5656 835 5725 universae
870 5654 1113 5725 multitudinis
1145 5654 1182 5720 in
1215 5655 1335 5723 multis

337 5768 477 5845 aragois
499 5760 675 5849 gentibus.
734 5756 804 5827 Sed
831 5783 870 5825 ea
896 5780 987 5849 qnae
1009 5772 1184 5847 geruntur
1209 5760 1246 5824 iu
1266 5754 1335 5826 Bc·

1384 2980 1504 3048 lcctus.
1541 2977 1659 3052 Multa
1677 2982 1787 3072 igitur
1803 2985 1971 3056 miracula
1989 3008 2219 3078 concurrunt,
2242 2993 2379 3066 Zacha-

1383 3083 1476 3166 riae,
1500 3079 1707 3163 Elisabeth,
1732 3083 1895 3173 loannis,
1929 3115 2019 3182 quac
2043 3094 2161 3164 omnia
2179 3098 2378 3188 colligenda

1383 3197 1486 3268 sunt,
1520 3198 1558 3254 ut
1584 3187 1793 3258 confirment
1816 3191 2059 3263 testimonium
2086 3193 2248 3283 loannis,
2282 3205 2378 3294 qnod

1383 3292 1428 3355 de
1448 3287 1524 3355 filio
1548 3287 1685 3357 Mariae
1707 3289 1814 3370 dixit,
1860 3306 1895 3362 et
1920 3290 2004 3362 haec
2033 3299 2137 3368 multi
2164 3303 2213 3390 pii
2239 3319 2378 3377 norant.

1383 3388 1537 3482 Reliqua
1556 3389 1748 3461 multitudo
1765 3394 1872 3483 impia
1890 3397 2085 3472 deridebat.

1488 3490 1583 3561 Haec
1601 3495 1681 3562 ideo
1708 3497 1883 3584 praelatus
1898 3524 1996 3580 sum,
2025 3518 2063 3573 nt
2079 3505 2304 3577 autoritatem
2326 3526 2378 3581 te-

1384 3596 1636 3665 stimoniorum
1658 3598 1696 3664 in
1720 3594 1876 3671 Ecclesia
1902 3606 2210 3694 magnifaciamus,
2242 3613 2379 3682 etiamsi

1384 3698 1582 3791 spectacula
1603 3700 1835 3790 imperiorum
1858 3704 1967 3794 magis
1984 3706 2172 3781 incurrunt
2193 3713 2229 3783 in
2246 3718 2379 3794 oculos,

1385 3828 1492 3897 qnam
1518 3802 1671 3871 mirandi
1697 3820 1863 3885 eventus,
1899 3832 1988 3899 quos
2013 3807 2108 3881 Dens
2131 3812 2287 3912 impertit
2309 3814 2380 3887 Ec-

1385 3906 1521 3975 clesiae.
1544 3936 1549 3943 ·
1573 3904 1799 3979 Praedixerat
1813 3906 1908 3977 Deus
1930 3936 1992 4001 per
2007 3911 2222 3985 Malachiam
2240 3941 2276 3987 se
2295 3920 2380 3987 mis-

1385 4032 1508 4077 surum
1534 4032 1607 4079 esse
1632 4012 1803 4079 nuncium
1829 4012 2013 4099 eximium,
2049 4018 2315 4090 testificaturum
2337 4026 2381 4089 de

1387 4110 1539 4180 Messiae
1569 4114 1745 4193 adventu,
1775 4127 1809 4184 et
1842 4138 1885 4183 ne
1916 4118 2049 4185 ‹lecssct
2073 4123 2263 4207 auctoritas,
2299 4120 2382 4193 hnic

1387 4214 1592 4282 testimonio
1626 4214 1737 4285 multo
1766 4217 1934 4287 miracula
1966 4218 2003 4287 in
2033 4218 2222 4309 Zacharia,
2264 4224 2382 4297 Eliza-

1387 4312 1491 4401 beth,
1521 4314 1655 4386 Ioanne
1680 4316 1801 4392 affixit.
1855 4316 1913 4389 Fit
1940 4321 2049 4411 igitur
2069 4326 2203 4396 mentio
2227 4326 2383 4412 loannis,

1387 4434 1427 4488 nt
1453 4420 1538 4487 fides
1551 4414 1729 4491 Ecclesiae
1751 4420 1996 4505 confirmetur,
2036 4426 2191 4497 collectis
2216 4432 2382 4499 omnibus

1387 4522 1459 4589 illis
1487 4521 1700 4591 testimoniis
1724 4538 1755 4591 et
1781 4524 1982 4607 miraculis,
2019 4544 2052 4598 et
2075 4544 2113 4598 ut
2141 4534 2315 4600 admoniti
2337 4536 2383 4600 de

1387 4624 1621 4717 promissione
1651 4626 1688 4693 in
1713 4622 1909 4709 Malachia,
1957 4652 2187 4719 agnoscamus
2216 4650 2382 4705 eventum

1386 4750 1583 4815 congruere
1605 4722 1834 4825 prophetiae,
1857 4745 1890 4799 et
1913 4734 2111 4802 doctrinam
2132 4740 2176 4803 cle
2193 4736 2323 4807 Messia
2343 4764 2382 4807 ex

1385 4824 1577 4924 Prophetis
1607 4832 1649 4898 ad
1683 4832 1962 4901 confirmandam
2003 4836 2108 4904 iidem
2147 4841 2381 4933 requiramus.

1386 4931 1482 5002 Haec
1499 4935 1542 5001 de
1560 4934 1677 5022 priore
1692 4958 1794 5005 causa
1812 4936 1991 5005 monuisse
2008 4942 2092 5008 satis
2108 4956 2169 5015 est.

1489 5050 1612 5123 Adieci
1638 5070 1671 5123 et
1697 5055 1843 5124 alteram
1868 5082 2026 5143 causam,
2065 5062 2139 5129 lieri
2164 5064 2381 5132 rurationem

1385 5153 1581 5244 Baptistae,
1632 5172 1671 5226 ιιι
1703 5159 1951 5229 discernantur
1998 5162 2151 5232 ministri
2182 5190 2200 5233 a
2234 5188 2382 5257 persona

1384 5256 1532 5329 Christi.
1587 5258 1672 5328 ideo
1689 5262 1808 5330 addit:

1435 5408 1526 5487 Non
1554 5424 1633 5484 erat
1662 5411 1727 5485 ille
1754 5413 1844 5503 lux,
1872 5412 1940 5489 sed
1965 5427 2004 5487 ιιι
2030 5382 2278 5493 testimoninm
2302 5446 2382 5517 pcr-

1489 5512 1627 5587 hibern
1656 5514 1874 5590 delumine.

1492 5653 1677 5725 luficiitum
1703 5670 1752 5724 est
1769 5657 1958 5725 discrimen
1979 5658 2072 5727 inter
2091 5657 2257 5729 Messinm
2279 5676 2312 5732 ct
2331 5688 2385 5731 rc-

1388 5758 1527 5851 liqnum
1563 5771 1679 5827 totum
1703 5772 1842 5828 coetum
1876 5755 2156 5849 Prophetarum,
2191 5760 2384 5855 Apostolo-

333 5868 442 5934 clesia
462 5862 602 5933 nonita
627 5876 825 5931 cernuntur
838 5861 887 5929 ab
908 5860 1073 5928 universa
1094 5858 1337 5938 multitudine,
1359 5852 1363 5938 l
1388 5884 1470 5929 rnm
1499 5874 1533 5931 et
1563 5858 1777 5943 Doctorum,
1811 5874 1850 5931 ιιι
1874 5883 1978 5951 supra
2003 5862 2089 5933 dixi.
2163 5862 2269 5936 Solus
2292 5868 2386 5937 filins

329 5986 362 6037 ct
387 5988 512 6037 tamen
531 5965 661 6056 aliquis
684 5978 733 6032 est
760 5976 897 6045 coetus,
922 5962 960 6030 in
976 5986 1047 6056 quo
1064 5976 1158 6031 certa
1181 5977 1216 6033 ct
1236 5960 1335 6031 tirmn
1357 5971 1364 6053 l
1389 5961 1454 6034 Dei
1473 5963 1539 6035 luit
1555 5964 1716 6047 victima,
1741 5978 1774 6034 et
1791 5962 1946 6056 pretinm
1969 5988 2036 6057 pro
2063 5988 2192 6055 genere
2217 5964 2386 6043 humano.

387 6078 568 6139 llrtsrru.
600 6072 702 6134 Ocra.
736 6071 816 6133 Voe.
839 6068 917 6133 XV.
