5825 6950
283 722 371 801 ιιιι
428 718 529 798 ιιιιι
579 682 985 798 coonunumu.
1010 714 1063 793 tu
1088 709 1242 791 nrtsr.
1267 706 1415 784 canu
1438 702 1510 848 an
1533 704 1861 791 consternans.
1914 717 2021 798 car.
2048 725 2152 805 xcv.
2213 726 2315 814 aava

283 898 349 969 cita
378 898 541 981 asterus,
576 896 683 966 etde
715 896 844 980 ruodo,
875 892 1161 987 'qoo'aeeipitne
1189 892 1266 960 nita
1376 884 1581 980 Προφῆτιιι
1603 878 1645 956 δι’
1670 878 1742 957 δύο
1761 880 1788 980 ἢ
1809 888 1907 984 rpeic
1933 893 2161 974 λαλείτωσαν
2182 919 2245 982 etc.
2298 917 2304 932 ·

283 1014 413 1069 setcrua
430 1012 545 1089 certo,
571 1020 654 1071 cum
670 1022 777 1070 nemo
791 997 859 1089 legi
873 996 1081 1079 satisfaciat,
1109 1008 1143 1065 et
1159 1016 1266 1065 nemo
1414 1016 1486 1090 Hi,
1504 1034 1646 1105 mona,
1673 1022 1837 1093 minem
1860 1035 2074 1105 servandum
2099 1061 2173 1108 esse
2191 1042 2228 1111 in
2245 1044 2311 1112 do·

283 1102 579 1193 sitsioepecccto.
1004 1135 1049 1221 ⁸·
1185 1199 1195 1217 ο
1312 1122 1437 1191 ceudo.
1489 1116 1537 1193 Et
1561 1122 1669 1193 simul
1695 1123 2055 1221 iudicescoustituit,
2083 1146 2179 1231 qnod
2206 1147 2309 1216 valde

375 1200 465 1273 Cum
482 1197 1091 1297 hmq¹¹⁸l¹¹⁰¹³¹8¹¹m²¹¹¹³⁸¹m⁰l
1113 1222 1264 1270 ⁰⁰⁰¹⁰¹¹⁸
1314 1226 1463 1315 dignum
1484 1222 1535 1296 est
1551 1225 1848 1297 consideratione.
1898 1230 1980 1303 Non
2003 1240 2079 1310 vult
2099 1242 2136 1309 in
2152 1242 2308 1318 Ecclesia

283 1318 426 1391 l¹¹¹¹¹¹¹lv
458 1319 603 1376 ΝΜ·
636 1300 799 1375 immin&
830 1297 1267 1423 ¹¹⁰¹}s35010l’lffl’92,Et
1313 1328 1460 1398 concedi
1484 1329 1662 1399 licentiam
1682 1332 1878 1419 'spargendi
1904 1340 2080 1427 quaslibet
2108 1347 2297 1434 opiniones

283 1430 356 1475 :um
371 1422 487 1499 postea
501 1406 636 1479 accedit
653 1428 777 1477 sensus
795 1406 918 1478 iudicii
935 1406 1003 1475 Dei
1019 1406 1057 1476 iu
1080 1418 1264 1497 agnitione
1313 1432 1374 1499 „d
1392 1430 1470 1500 ,up
1486 1428 1635 1500 puppem
1655 1430 1867 1511 doctrinam·
1919 1434 1989 1509 ffic
2004 1445 2208 1517 continetur
2221 1404 2309 1519 orda

283 1524 517 1601 secretorum,
546 1524 581 1580 et
598 1508 796 1581 consolatio
812 1532 852 1580 ac
869 1510 1059 1579 vivificatio
1082 1510 1121 1577 in
1146 1508 1264 1584 corde,
1313 1532 1534 1626 synodorum
1555 1546 1589 1602 e,
1619 1532 1836 1605 iudiciorum
1853 1539 1896 1605 de
1911 1540 2092 1639 doctrina,
2118 1551 2164 1619 de
2181 1554 2313 1646 quibus

286 1613 394 1699 guito
422 1612 498 1681 lilio
515 1609 603 1697 osi,
623 1612 666 1681 in
694 1606 750 1682 his
770 1612 929 1683 motibus
949 1611 1105 1702 Spiritus
1125 1622 1266 1681 sauctus
1314 1628 1400 1705 haec
1414 1650 1568 1731 quatuo,
1582 1636 1838 1705 consideranda
1856 1653 1956 1712 sum:

283 1710 383 1787 rabis
397 1729 430 1786 et
446 1715 632 1787 coufirmat
654 1716 780 1799 corda,
805 1728 846 1784 ut
869 1714 939 1781 iam
963 1714 1126 1784 convinci
1153 1735 1189 1781 se
1210 1712 1264 1779 ia·

282 1831 436 1905 eantur,
461 1830 497 1887 et
511 1812 708 1907 Evangelio
729 1816 892 1887 assentiri
917 1816 1055 1886 firmins
1077 1814 1263 1905 incipiant.

285 1918 552 1989 [recitabunt
579 1918 829 2004 inomnibns,
863 1919 926 2011 qui
950 1917 1113 1990 exercitia
1141 1915 1265 2004 poeui-
1466 1854 1649 1991 Ecdma',
1882 1978 1891 1996 ,
2150 1990 2159 2008 ⁶
2214 1992 2224 2009 .

282 2022 403 2091 ¹entiae
419 2020 643 2111 intelligunt,
665 2034 699 2093 et
716 2023 760 2091 de
779 2016 844 2091 bec
860 2021 1129 2091 confirmatione
1147 2018 1264 2111 loqui·
1415 1972 1591 2065 1¹⁰Q¹m
1619 1991 1666 2047 ⁸¹¹
1694 2000 1839 2065 ¹¹⁰¹'m⁸2
1880 1994 1976 2053 ”W
2012 2007 2119 2077 ΨΜ
2147 1992 2311 2065 nidmu·

282 2120 505 2206 ‚urPaulus‚
539 2124 713 2209 comsit,
755 2124 793 2193 2.
817 2118 1049 2197 Coriutls.1.:
1088 2118 1186 2193 Dens
1212 2134 1264 2189 est
1470 2080 1640 2151 ‘mmm'
1720 2192 1730 2213 ‚
1785 2194 1794 2211 ‚

282 2238 413 2310 sutem,
452 2226 515 2318 qui
541 2224 727 2295 coufirmat
751 2247 817 2296 uos
841 2228 880 2294 in
903 2221 1106 2315 Christum,
1146 2222 1266 2316 quiet
1419 2195 1482 2267 ¹¹¹·
1509 2194 2057 2330 0¹¹⁰mffd⁰¹⁰d¹⁸³¹⁰¹¹¹v⁸¹e³b

282 2328 373 2399 auxit
387 2341 422 2399 et
438 2326 639 2416 obsignavit
653 2351 740 2413 nos,
763 2344 799 2398 ct
816 2328 914 2399 dedit
929 2330 1140 2399 arrabonem
1159 2325 1266 2414 spiri·
1419 2312 1483 2387 lV·
1512 2314 1614 2402 Quat
1630 2326 1676 2381 ⁸¹2
1693 2313 1863 2387 θῐθωίὶῠ·

282 2446 330 2503 tus
347 2432 384 2499 iu
404 2432 509 2499 corda
527 2444 660 2503 nostra.
711 2428 756 2500 Et
773 2428 927 2502 Roman.
948 2432 1003 2503 bu
1030 2428 1185 2523 Spiritus
1207 2430 1266 2497 dat
1389 2430 1443 2503 De.
1461 2434 1574 2521 prima
1592 2430 1815 2523 quaestione,
1841 2430 1937 2499 aliud
1967 2448 2017 2504 est
2040 2434 2140 2530 loqui
2162 2440 2207 2510 de
2227 2466 2312 2517 ssor-¹

282 2534 516 2603 testimouium
534 2532 677 2623 spiritui
703 2546 844 2617 nostro,
867 2538 962 2627 quod
980 2532 1089 2602 simus
1109 2532 1172 2601 lilii
1189 2528 1266 2601 Dei.
1320 2560 1394 2617 ma,
1417 2536 1514 2603 aliud
1534 2536 1578 2601 de
1598 2532 1769 2622 personis.
1822 2528 1877 2601 De
1905 2556 2031 2607 norma
2058 2560 2132 2608 uon
2161 2543 2309 2613 dubium

282 2634 325 2705 Et
341 2639 372 2708 1.
385 2632 509 2705 lcusn.
527 2640 583 2707 ιι
610 2632 741 2705 Unctio
757 2637 859 2707 docet
875 2636 1185 2704 vos'deosunibns.
1220 2630 1265 2701 la
1321 2652 1391 2725 est,
1417 2636 1625 2727 simpliciter
1637 2656 1802 2704 normam
1818 2656 1892 2703 esse
1908 2635 2022 2725 capita
2031 2641 2223 2718 :sutrinae
2239 2629 2311 2715 trsss

287 2735 387 2805 ltstsc.
409 2740 488 2807 11.=
520 2738 631 2807 Fides
654 2736 861 2807 nominatur
883 2735 1048 2835 lleyxcss
1079 2739 1173 2829 quad
1193 2730 1268 2803 'bot
1322 2744 1394 2812 dita
1412 2742 1451 2808 in
1469 2738 1610 2830 scriptis
1627 2731 1841 2828 propheticis
1857 2752 1891 2808 ct
1908 2741 2131 2828 apostolicis,
2162 2759 2196 2815 ct
2214 2769 2311 2817 coru.

282 2841 405 2923 modo,
426 2853 466 2909 ut
482 2840 576 2923 dixi,
597 2840 858 2910 convincantur
873 2856 1025 2925 mentes,
1044 2853 1078 2909 et
1093 2841 1193 2907 ocus
1209 2837 1268 2906 fiat
1322 2838 1495 2937 prehensa
1518 2841 1557 2909 in
1586 2838 1766 2934 symbolis.
1828 2834 1875 2911 Et
1899 2836 1986 2909 lsaec
2009 2863 2133 2915 norma
2158 2862 2209 2919 est
2231 2864 2312 2918 tan.

282 2940 441 3011 assentio.
491 2938 543 3011 lta
562 2955 595 3011 ct
611 2943 647 3009 iu
664 2935 732 3011 hoc
749 2942 861 3031 eapite
879 2942 996 3035 inquit
1013 2940 1161 3011 Pacilus:
1186 2938 1267 3009 Ali·
1324 2970 1429 3040 quam
1456 2942 1759 3014 summnsindex.
1824 2938 1896 3011 Sed
1919 2944 2001 3035 quia
2030 2946 2167 3016 iamde
2190 2974 2313 3040 perso·

282 3068 369 3137 quos
384 3044 501 3114 audita
518 3066 655 3115 summe
675 3045 855 3115 doetrinae
877 3045 914 3113 in
939 3064 1127 3133 congressu
1143 3038 1268 3113 Ecclc-
1323 3051 1378 3119 uis
1402 3047 1603 3139 quaeritur,
1627 3056 1666 3111 ut
1690 3056 1723 3112 ct
1740 3040 1872 3111 Paulus
1894 3046 1937 3111 de
1963 3053 2123 3135 personis
2140 3050 2314 3144 loquitur,

282 3148 371 3225 siae,
394 3162 425 3217 et
447 3148 537 3217 sacta
554 3146 743 3215 collatione
759 3150 801 3215 ad
822 3142 983 3215 ethnicos
997 3168 1151 3227 errores,
1175 3138 1267 3223 tralti
1323 3166 1354 3221 et
1373 3152 1410 3218 iu
1429 3146 1495 3219 hac
1509 3148 1581 3218 vita
1599 3147 1638 3214 in
1662 3145 1877 3214 refutatione
1895 3168 2078 3228 errorum,
2104 3152 2142 3219 in
2166 3177 2314 3243 cougre-

282 3272 293 3317 s
310 3248 451 3337 Spiritu
467 3262 600 3327 sancto,
627 3263 661 3317 et
675 3248 768 3319 flecti
785 3250 828 3317 acl
844 3248 1129 3341 amplectendum
1147 3243 1271 3315 Evan·
1325 3253 1488 3343 gatioucg
1513 3270 1681 3347 personas
1698 3248 1836 3339 aliquas
1851 3260 1992 3336 oportet
2007 3274 2069 3320 sua
2086 3276 2171 3322 voce
2195 3269 2230 3325 et
2248 3278 2313 3327 suo

281 3351 420 3439 gelisam.
476 3350 582 3421 Tales
598 3350 717 3444 inquit
742 3348 863 3435 lateri,
891 3352 985 3446 quod
1012 3372 1093 3419 vere
1108 3346 1204 3419 Detts
1225 3346 1270 3416 sit
1324 3355 1529 3425 testimonio
1555 3351 1736 3420 adversari
1759 3349 1966 3420 errantibus
2012 3349 2096 3423 ldeo
2117 3356 2312 3447 disputatio

281 3450 655 3538 {nEcclesia,idest,
683 3453 841 3523 sentiunt
868 3477 904 3524 sc
930 3444 1172 3534 aDeottalti,
1198 3463 1271 3520 ter-
1323 3471 1394 3543 est,
1436 3480 1526 3549 qnae
1552 3452 1729 3523 siutillae
1760 3475 1941 3543 personae.
2013 3450 2146 3528 Paulus
2178 3450 2313 3555 inquit:

281 3557 370 3640 reri,
397 3572 431 3626 et
454 3580 577 3628 rursus
598 3553 684 3646 erigi
710 3581 749 3624 ac
768 3555 959 3646 vivificari,
985 3569 1017 3624 et
1033 3557 1190 3626 latentur
1206 3555 1269 3624 do·
1326 3559 1688 3639 Seelentesiudicent,
1713 3556 1749 3623 id
1773 3567 1843 3637 etl,
1867 3578 1992 3626 omncs
2014 3560 2214 3646 auditores,
2241 3587 2314 3633 nou

281 3660 426 3729 :trinam
446 3683 563 3728 veram
581 3681 672 3736 esse,
698 3659 1012 3746 etamplectuutur
1026 3681 1111 3726 eam.
1326 3676 1364 3731 ut
1391 3662 1427 3730 in
1460 3661 1662 3743 seditione,
1698 3655 1774 3725 siue
1797 3657 1942 3736 ordine,
1985 3661 2045 3727 sed
2078 3683 2142 3732 suo
2166 3666 2315 3760 quisque

378 3759 476 3830 llaec
490 3761 645 3830 narratio
664 3759 836 3844 ostendit,
863 3763 1044 3853 quomodo
1065 3774 1099 3829 ct
1125 3759 1271 3828 collecta
1325 3759 1421 3842 lorti,
1456 3776 1638 3852 nt'postea
1662 3759 1780 3852 iuquit
1803 3757 1953 3828 Paulus:
1987 3756 2122 3832 Omnia
2147 3767 2233 3838 liant
2257 3793 2316 3837 or-

283 3877 435 3934 taucta
460 3865 504 3934 sit
529 3862 706 3945 Ecclesia,
742 3885 821 3932 cum
847 3856 1202 3932 ceuiebautEthuici
1228 3859 1271 3926 ad
1326 3867 1421 3938 diue.
1476 3863 1582 3933 ltem:
1611 3861 1707 3931 neus
1731 3875 1874 3930 nonest
1899 3859 2311 3949 arrtocoizmoorooc'oc.

286 3966 492 4034 odiendam
518 3967 729 4034 doctrinam.
783 3963 829 4033 Et
854 3966 978 4033 eodem
1008 3965 1116 4034 modo
1133 3961 1273 4050 colligi·
1327 3965 1378 4036 lta
1414 3979 1447 4035 et
1478 3960 1610 4035 March.
1635 3963 1692 4035 18.
1725 3963 1895 4052 scriptum
1924 3978 1996 4033 est:
2038 3963 2104 4032 Dic
2129 3965 2316 4043 Ecclesiae.

281 4093 325 4138 ιιι·
349 4063 508 4138 Ecclesia
524 4070 693 4138 omnibus
710 4067 945 4157 temporibus.
1326 4067 1422 4139 llaec
1439 4069 1547 4138 verba
1562 4091 1636 4134 non
1652 4065 1903 4154 intelliguntur
1917 4065 1962 4134 de
1983 4067 2092 4154 impio
2109 4086 2229 4156 coetu,
2253 4075 2315 4165 qui
2390 4087 2394 4099 '

1328 4172 1534 4242 dominatur
1564 4169 1602 4236 in
1624 4165 1780 4235 Ecclesia
1815 4167 1928 4236 titulis
1961 4163 2243 4261 Episcoporutn,
2283 4191 2317 4245 et

1327 4290 1445 4343 tamen
1476 4285 1527 4340 est
1555 4266 1668 4338 ltostis
1696 4293 1776 4336 vera
1804 4270 2006 4352 doctrinae,
2044 4278 2104 4339 sed
2135 4279 2179 4342 de
2201 4293 2316 4359 coetu,

381 4371 527 4462 Repetit
552 4385 797 4462 praeceptum,
824 4373 919 4464 quod
939 4385 971 4439 et
989 4393 1092 4460 supra
1118 4367 1277 4450 tradidit,
1328 4377 1387 4469 qui
1408 4397 1482 4444 uon
1496 4375 1585 4442 lalso
1602 4385 1697 4442 tenet
1713 4394 1844 4439 nomen
1863 4367 2057 4456 Ecclesiae,
2079 4376 2199 4465 quales
2217 4395 2318 4450 eraut

281 4493 306 4548 ιι
340 4478 575 4544 considerent
607 4477 790 4563 doctores,
833 4475 919 4566 quid
946 4471 1122 4540 Ecclesiae
1156 4471 1277 4560 prosit,
1329 4491 1447 4546 coetus
1461 4473 1710 4547 tuncal‘aulo
1728 4472 1877 4542 collecti.
1926 4471 1968 4542 lu
1988 4469 2055 4541 hoc
2071 4491 2171 4547 coetu
2188 4481 2317 4548 ordine

281 4580 469 4659 videlicet,
492 4581 534 4644 cd
554 4580 810 4662 agttosccntlam
827 4575 1058 4642 necessariam
1078 4573 1276 4641 doctrinam
1331 4579 1500 4648 dicantur
1530 4576 1723 4645 sententiae
1754 4599 1773 4640 a
1805 4577 2014 4644 docentibus
2045 4590 2076 4644 et
2109 4580 2319 4666 senioribus,

281 4687 312 4753 le
335 4681 495 4770 siugulis
511 4679 679 4750 articulis.
715 4675 853 4745 Deiiule
870 4679 913 4746 acl
933 4677 1125 4744 flectendus
1141 4675 1278 4742 animos
1329 4683 1419 4750 sicut
1438 4681 1475 4748 iu
1494 4675 1591 4748 Actis
1614 4678 1726 4765 cupito
1745 4671 1801 4744 15.
1826 4675 1974 4745 dicitnr:
2001 4675 2213 4768 Congregati
2236 4699 2319 4754 scant

281 4789 313 4854 ιιι
359 4783 633 4872 paenitentiam,
676 4781 719 4850 sd
745 4781 988 4866 corrigendam
1014 4779 1200 4868 profanam
1224 4801 1278 4845 sc.
1330 4783 1496 4874 Apostoli
1523 4796 1556 4851 u
1576 4779 1749 4853 seniores,
1777 4791 1815 4846 ut
1839 4777 2100 4848 rccsstctcrareut
2124 4777 2214 4851 lianc
2238 4809 2320 4853 cau·

281 4887 486 4957 ruritateru.
539 4883 723 4952 Posteuad
749 4881 1207 4968 consolationcmpiornm,
1235 4878 1278 4945 ud
1331 4911 1416 4954 sam.
1460 4883 1584 4951 Postea
1603 4881 1639 4947 iu
1657 4881 1841 4947 condendo
1858 4884 2018 4961 cleonem,
2046 4904 2118 4950 utin
2136 4887 2202 4952 soli
2221 4883 2318 4976 Apo-

285 4989 508 5058 xcitandam
539 4986 662 5071 lidem,
705 4985 986 5066 invocationem,
1020 5007 1117 5072 spem
1150 4995 1181 5047 cl
1209 4981 1278 5047 lte·
1333 4988 1413 5056 stoli
1437 4999 1498 5055 aot
1522 4984 1678 5051 seniores
1699 4984 1842 5050 sumunt
1865 4983 1931 5050 sibi
1948 4999 2152 5073 potestatem
2171 4985 2320 5085 o’ltyop·
2397 5031 2404 5041 ·

284 5095 402 5161 itiam
424 5091 460 5156 iu
479 5087 575 5164 Deo,
598 5091 641 5154 ad
659 5093 787 5154 arciens
804 5089 960 5154 studium
983 5109 1085 5152 verae
1110 5084 1280 5152 obedien·
1329 5083 1464 5182 2¹²⁷le
1503 5088 1564 5155 secl
1600 5085 1708 5154 totius
1741 5081 1919 5154 Ecclesiae
1951 5109 2143 5155 cortsensus
2176 5095 2320 5175 accedit,

284 5197 366 5262 iae.
420 5191 563 5258 Haeret
582 5191 711 5258 similia
731 5189 977 5280 complectitur
994 5191 1102 5253 verlso
1119 5185 1281 5253 aedifico·
1334 5192 1429 5258 iuxta
1455 5185 1542 5257 liaeo
1567 5189 1695 5254 verba:
1731 5184 1838 5254 'l'tsuc
1868 5187 1983 5256 visum
2008 5205 2057 5257 est
2078 5190 2261 5280 Apostolis
2285 5207 2319 5263 et

286 5294 416 5372 iouis,
443 5293 606 5360 alludens
621 5295 662 5359 ιιιΙ
685 5293 939 5360 extructionem
959 5289 1120 5360 aedilicii.
1333 5291 1553 5384 presbyteris
1570 5313 1649 5356 cum
1672 5301 1743 5356 tota
1768 5283 1936 5360 Ecclesia.
1988 5285 2035 5360 Et
2060 5305 2177 5377 postea
2200 5317 2321 5364 rursus

394 5393 527 5464 Ccuura
551 5419 624 5461 unu
647 5395 856 5472 aeclilicant,
890 5393 925 5458 icl
952 5407 1021 5472 est,
1057 5415 1130 5458 nou
1157 5389 1281 5457 iurant
1308 5429 1311 5443 ·
1335 5395 1482 5462 dicitur:
1520 5389 1681 5479 Apostoli
1706 5402 1741 5458 et
1765 5387 1966 5480 Presbyteri
1988 5407 2020 5462 rt
2043 5395 2177 5466 fratres.
2236 5397 2321 5465 Nou

281 5496 488 5566 Ecclesiam
507 5495 730 5563 recitationes
747 5521 819 5562 unu
839 5494 1051 5564 intellectae.
1087 5489 1284 5562 Destruunt
1335 5495 1448 5564 volarit
1468 5493 1621 5582 Spiritus
1638 5505 1778 5560 sauctus
1802 5491 1839 5559 in
1854 5487 2008 5562 Ecclesia
2024 5496 2244 5586 tyrannicam
2262 5486 2322 5568 aul

281 5603 397 5668 rtiuru
424 5614 592 5689 tamquam
610 5598 810 5666 aedilicium
835 5597 993 5664 curiosae
1011 5595 1233 5685 quaestiones
1252 5604 1287 5660 et
1310 5639 1312 5651 ·
1336 5591 1585 5684 uligarclsicam
1611 5607 1816 5681 potestatem
1847 5597 2078 5678 constituere,
2120 5600 2180 5664 sed
2205 5600 2321 5669 audiri

281 5697 503 5793 labyrinthi,
530 5725 619 5791 quae
638 5713 772 5766 suentes
790 5697 973 5786 implicant
993 5695 1287 5776 dubitationiluts,
1339 5699 1415 5786 pins
1438 5697 1552 5764 voluit
1576 5695 1681 5762 etiam
1707 5694 1745 5760 in
1767 5695 1934 5776 gradibus
1957 5696 2206 5776 inferioribus,
2232 5701 2323 5772 sicut

281 5819 310 5870 .·t
337 5804 490 5892 pariunt
507 5801 629 5872 odium
654 5799 858 5883 doctrinae,
885 5813 1055 5892 tauquam
1077 5799 1231 5868 incertae
1253 5811 1287 5864 et
1338 5797 1399 5872 tue
1432 5801 1548 5889 inquit
1573 5793 1729 5864 Paulus:
1771 5793 1921 5864 Potestis
1950 5798 2079 5885 singuli
2109 5801 2242 5888 dicere,
2284 5821 2325 5876 ut

288 5929 333 5972 ru
352 5907 494 5994 triguae.
1341 5925 1464 5970 omnes
1486 5900 1635 5968 discant.
1698 5895 1804 5967 ltem:
1834 5895 1874 5966 Si
1890 5899 1996 5970 luerit
2020 5901 2164 5970 sedendi
2191 5909 2325 5975 revela-

333 6003 537 6074 lttccssra.
557 6009 660 6076 orca.
689 6001 776 6076 Vos.
793 6007 873 6080 XV,
1488 5999 1539 6072 74

1415 1754 1443 1826 l.
1470 1754 1572 1843 Quae
1597 1778 1768 1845 personae
1788 1755 1861 1827 sint
1882 1758 2016 1833 iudices
2031 1764 2076 1835 dc
2093 1768 2256 1843 doctrina
2269 1771 2310 1843 in

431 4229 571 4310 Πάντα
595 4231 689 4332 πρὸς
714 4229 921 4329 οἰκοδομὴν
940 4230 1120 4332 γινέσθω.
