5825 6950
329 720 420 798 assa
590 713 693 799 xau.
742 722 779 795 a.
802 714 1103 798 sarnatus
1128 672 1286 795 uersa.
1311 713 1555 797 rasurae
1580 716 1841 799 nonanus.
1899 722 2003 799 cae.
2030 724 2114 805 xv.
2261 728 2361 808 eoas

325 908 370 967 est
387 893 499 966 tribui
522 894 617 966 et'in
641 890 707 964 hac
731 896 859 969 sitast
880 908 958 989 pust
983 890 1076 966 bab'c
1095 892 1206 964 iltsm
1222 893 1312 985 piis,
1364 889 1499 965 Paulus
1514 894 1610 966 velut
1635 888 1836 965 navambu's
1856 904 1890 966 et
1914 899 2122 991 praecipuus
2136 900 2359 990 guberuator

326 999 381 1093 qui
404 998 552 1067 benetici
573 1010 657 1068 suut
680 1020 762 1089 erga
777 995 1173 1076 lidelssdoetoresndh
1191 1006 1310 1067 ere'rn-
1363 994 1791 1080 audituraeenturioue.
1810 998 2000 1075 militibus
2026 1016 2058 1075 et
2081 1005 2221 1090 nautis,
2244 1021 2293 1081 ,es
2316 1002 2356 1079 hi

324 1102 378 1193 pla
408 1100 564 1169 illustria
599 1098 795 1173 recitantur
824 1093 1311 1191 iuhistniiis'prsphsticis,
1362 1096 1536 1186 singulari
1556 1122 1640 1167 eum
1666 1099 1915 1177 benevolentia
1940 1103 2239 1193 complectuntur.

274 1200 276 1239 ³
322 1226 383 1272 acc
404 1203 536 1272 desunt
558 1203 715 1293 exempla
743 1216 885 1272 nostrae
910 1202 1029 1271 aetati.
1189 1208 1194 1215 '
1463 1197 1737 1271 Consideremus
1757 1215 1875 1271 autem
1898 1215 1934 1273 et
1953 1198 2061 1276 huius
2081 1212 2252 1298 temporis
2272 1233 2351 1280 mo·

417 1297 548 1377 Matth.
577 1306 653 1377 10.:
693 1300 768 1393 Qui
795 1304 934 1375 dederit
958 1311 1083 1393 potum
1107 1322 1220 1396 aquae
1242 1302 1309 1373 uui
1361 1324 1429 1371 res.
1489 1301 1581 1372 Sunt
1605 1303 1717 1394 aliqui
1742 1301 1927 1394 Principes
1954 1319 1988 1375 et
2020 1306 2151 1397 privati
2185 1306 2352 1388 homines

320 1428 359 1475 ex
379 1404 539 1473 minimis
561 1405 732 1491 istorum,
766 1406 913 1499 proptor
935 1402 1156 1490 do'ctrinsm,
1191 1399 1309 1473 Amen
1334 1361 1338 1506 Ι
1362 1402 1509 1473 benefici
1528 1404 1566 1475 in
1585 1398 1652 1471 hoc
1675 1428 1822 1491 genere,
1844 1405 1905 1497 qui
1930 1407 2141 1479 docentibus
2159 1424 2190 1483 et
2207 1414 2349 1484 discen·
2419 1488 2424 1495 ,

319 1508 395 1577 dicu
421 1506 542 1591 vobis,
571 1502 717 1578 habebit
737 1512 946 1581 mercedem.
1057 1508 1080 1553 ·'
1333 1523 1337 1582 Ι
1361 1506 1456 1575 tibus
1480 1529 1583 1595 opem
1608 1506 1739 1580 ferunt.
1791 1505 1861 1577 Sed
1884 1506 2029 1598 plurimi
2044 1507 2181 1601 Reges,
2206 1510 2349 1587 Princi-

420 1610 453 1682 1.
476 1604 641 1681 Corinth.
664 1610 716 1679 9.:
750 1610 810 1680 Sic
834 1610 1014 1680 ordinavit
1041 1604 1239 1699 Dominus,
1268 1619 1309 1678 ut
1334 1602 1338 1640 ¹
1361 1630 1444 1698 pes.
1475 1604 1644 1699 Episcopi
1668 1609 1869 1679 defensores
1891 1610 2091 1696 idolorum,
2136 1610 2346 1689 horribilem

321 1700 374 1790 hi,
418 1711 483 1803 qui
511 1708 641 1782 docent
669 1708 922 1800 Evangelium,
964 1736 1005 1781 er
1028 1709 1224 1801 Evangelio
1251 1710 1306 1778 vi·
1359 1710 1542 1779 saevitiam
1564 1710 1601 1777 in
1625 1706 2016 1799 ministros-Evangelii
2037 1729 2210 1791 exercent.
2263 1717 2344 1790 Me·

319 1825 411 1887 vane,
1359 1812 1449 1881 minl
1477 1812 1593 1880 virum
1624 1812 1851 1882 excellentem
1880 1813 2046 1902 ingenio,
2078 1817 2278 1890 eruditione
2310 1836 2347 1897 et

416 1912 588 1987 Proverb.
606 1918 660 1989 &a
697 1912 845 1987 Honora
870 1915 1066 1986 Dominum
1084 1917 1204 1985 delun
1220 1915 1306 1983 sub·
1359 1912 1501 2004 pietate,
1517 1911 1712 1983 Henrieum
1723 1909 2021 2006 Sulphaniensem
2029 1968 2043 2001 ,
2059 1919 2121 2010 qui
2138 1920 2175 1988 iu
2190 1922 2345 1995 Dismar-

315 2017 465 2096 stantia.
490 2019 589 2087 etde
614 2019 781 2109 primitiis
805 2021 966 2088 omniurn
987 2020 1128 2105 frugum
1151 2030 1305 2099 tuarum,
1359 2014 1426 2099 sia,
1454 2014 1537 2105 quia
1552 2016 1817 2098 rectedocebat‚
1843 2018 2036 2090 crudeliter
2050 2020 2256 2095 interlectos
2274 2042 2341 2101 est:
2485 2020 2494 2029 ’

314 2130 342 2185 et
370 2116 774 2207 implebunturhorrea
798 2134 857 2193 tua
882 2122 1087 2199 saturitate,
1130 2134 1165 2189 et
1189 2132 1305 2189 musto
1358 2140 1423 2185 nec
1446 2116 1515 2185 alia
1537 2116 1607 2186 suit
1628 2116 1820 2187 ullaeausa
1845 2118 1941 2186 necis
1962 2120 2050 2188 eius.
2101 2119 2182 2194 Fuit
2200 2123 2344 2198 Tubin-

314 2222 550 2292 exundabant
574 2222 764 2291 tuscerlaria
789 2235 861 2291 tua.
1076 2258 1082 2275 =
1358 2240 1420 2307 gae
1442 2213 1619 2287 lohannes
1633 2216 1785 2287 Croesus
1800 2214 2170 2309 TheolngiaeDoctor,
2193 2228 2249 2297 vir
2263 2254 2342 2303 mo.

415 2320 671 2415 Syracidae7.:
697 2320 789 2392 'Pota
805 2324 921 2393 anima
940 2316 1305 2403 tuareverereDeum,
1358 2320 1577 2390 destissimus
1603 2334 1639 2391 et
1657 2321 1837 2390 studiosus
1858 2342 1961 2391 verae
1976 2323 2175 2413 doctrinae,
2199 2332 2261 2422 qui
2277 2357 2342 2424 po.

312 2435 345 2493 et
368 2416 512 2493 honore
526 2426 669 2495 adbritn
684 2428 883 2495 sacerdotes
900 2428 992 2509 eius,
1007 2474 1010 2483 ·
1028 2426 1139 2494 etdes
1154 2424 1206 2491 eis
1221 2446 1305 2513 par-
1358 2435 1429 2491 stea
1454 2422 1493 2490 in
1516 2420 1701 2510 Tillingen
1733 2423 1889 2492 adlectus
1920 2438 1971 2495 est
1999 2424 2126 2498 ultimo
2155 2433 2343 2525 supplicio.

313 2538 386 2607 tes,
414 2547 505 2618 quas
526 2526 580 2595 lex
599 2526 676 2596 uari
697 2528 887 2621 praecipit,
916 2528 1092 2618 primitias
1107 2539 1143 2596 et
1158 2520 1303 2609 hostias,
1357 2519 1430 2594 Nec
1453 2523 1569 2593 ullum
1597 2524 1731 2592 crimen
1754 2524 1787 2592 ei
1807 2524 1917 2594 obiici
1940 2526 2078 2617 potuit,
2119 2554 2226 2624 quarn
2246 2540 2342 2630 qnod

317 2641 357 2697 ut
378 2628 446 2697 tibi
471 2628 624 2696 vicissim
649 2628 746 2699 Deus
770 2630 968 2701 benedicas,
1038 2630 1044 2639 '
1357 2627 1518 2695 sacerdos
1543 2625 1581 2693 iu
1596 2626 1762 2715 coniugio
1781 2638 1872 2695 caste
1889 2628 2009 2698 vivere
2023 2630 2214 2721 maluerat,
2235 2663 2342 2732 quam

417 2725 546 2799 Esaiae
563 2730 642 2802 49.:
669 2730 785 2819 Reges
799 2744 904 2801 erunt
920 2731 1114 2801 nutritores
1128 2728 1181 2797 tui
1197 2741 1231 2797 et
1247 2750 1304 2795 re·
1357 2728 1396 2795 in
1418 2726 1595 2797 coelibatu
1620 2750 1656 2795 se
1678 2729 1775 2797 varie
1797 2728 1968 2818 polluere.
2023 2726 2072 2802 Et
2099 2757 2237 2824 possem
2261 2740 2344 2811 lon-

315 2832 417 2920 ginae
440 2832 617 2916 nutrices,
652 2833 782 2917 idest,
817 2832 1000 2922 Principes
1015 2848 1050 2903 et
1065 2828 1303 2921 Respublicae
1356 2850 1439 2917 gum
1481 2829 1678 2919 catalogum
1711 2852 1892 2898 recensere
1923 2830 2049 2901 talium
2086 2844 2341 2925 praestantium

315 2948 467 3015 curent,
494 2948 534 3003 ut
552 2934 707 3004 ministri
724 2934 908 3024 Evangelii
933 2930 1088 3004 babeant
1104 2935 1238 3003 victum
1263 2944 1300 3003 et
1357 2930 1538 3022 virorum,
1565 2932 1626 3023 qui
1644 2930 1850 3000 innocentes
1868 2945 2006 3003 tautum
2023 2949 2167 3026 propter
2183 2944 2341 3017 veritatis

316 3035 569 3105 defensionem.
1356 3033 1612 3103 consessionem
1635 3032 1809 3102 interlecti
1832 3047 1928 3107 suut.
1978 3033 2050 3105 Nec
2073 3041 2240 3112 saevitiae
2260 3047 2342 3118 linis

274 3176 276 3199 1
417 3138 473 3205 Ad
501 3133 586 3209 haec
611 3152 794 3230 praecepta
825 3141 926 3210 etad
956 3134 1020 3207 has
1049 3136 1302 3229 promissiones
1356 3148 1409 3205 est
1432 3136 1472 3204 iu
1491 3133 1609 3212 ltalia.
1638 3130 1774 3216 Gallia,
1799 3130 2008 3220 Britannia,
2031 3132 2175 3228 Belgico
2191 3159 2227 3215 et
2242 3148 2341 3220 alibi,

319 3242 475 3329 exempla
497 3242 688 3313 addantur.
1355 3233 1460 3307 Hanc
1481 3236 1724 3306 crudelitatem
1753 3231 1847 3306 haud
1873 3237 1982 3307 dubie
2011 3257 2203 3333 sequentur
2227 3273 2340 3324 novae

416 3338 514 3411 Deus
536 3341 706 3410 benefecit
733 3337 933 3431 hospitibus
950 3334 1129 3412 Abrahae.
1356 3362 1492 3431 poenae
1507 3352 1542 3407 et
1558 3360 1705 3426 maguae
1720 3338 1935 3410 mutationes
1957 3337 2202 3432 imperiorum.

415 3440 457 3512 ln
493 3444 653 3538 Aegypto
690 3440 787 3514 Deus
827 3444 1002 3515 benefecit
1036 3440 1301 3518 obstetricibus.
1458 3439 1636 3511 Paulatim
1653 3453 1786 3511 vernet
1803 3438 1985 3530 Principes
2010 3456 2044 3512 et
2068 3444 2197 3532 privati
2221 3445 2339 3525 homi.

319 3568 494 3638 quaenon
513 3547 767 3616 interfecerunt
788 3544 1209 3616 infanteslsraiilitarum.
1357 3543 1647 3635 neslocupletes,
1680 3541 1744 3633 urai
1760 3542 1946 3613 volueram
1962 3545 2160 3618 doctrinam
2176 3547 2340 3645 Evange-

416 3647 647 3745 Sareptanam
680 3645 856 3738 hospitam
885 3639 984 3718 Elian
1007 3647 1169 3716 mirando
1191 3644 1301 3714 modo
1356 3647 1395 3714 lii
1412 3645 1613 3714 conservari
1630 3658 1665 3714 et
1682 3644 1886 3734 propagari,
1912 3647 2151 3720 attribuerunt
2169 3654 2256 3724 olim
2269 3648 2370 3730 tte-'

318 3751 420 3834 aluit,
445 3764 481 3820 et
494 3751 635 3819 ornauit
649 3751 811 3819 restituto
828 3751 902 3820 atto
917 3775 958 3819 ex
973 3762 1098 3820 morte.
1354 3747 1471 3816 clesiis
1486 3745 1640 3830 reditus,
1666 3746 1728 3838 qui
1745 3745 1850 3815 initio
1864 3745 1903 3813 in
1919 3760 2073 3840 quatuor
2088 3766 2202 3840 partes
2217 3759 2340 3831 distri.

413 3851 550 3922 Abdias
571 3853 711 3921 abdidit
733 3848 930 3944 Prophetas
952 3851 991 3920 in
1011 3873 1178 3942 sperum,
1200 3862 1234 3920 et
1251 3847 1302 3920 eis
1356 3849 1435 3920 buti
1449 3849 1605 3916 fuerunt.
1654 3845 1709 3916 Ex
1725 3849 1840 3936 prima
1853 3862 1953 3936 parte
1968 3849 2147 3922 dabantur
2162 3865 2351 3940 mercedes

316 3956 432 4026 cibum
458 3953 632 4044 praebuit.
1354 3964 1389 4021 et
1408 4009 1412 4014 .
1429 3949 1599 4020 alimenta
1637 3949 1809 4019 ministris
1847 3947 2061 4038 Evangelii,
2112 3953 2339 4053 Pastoribna,

413 4055 583 4126 leremiae
605 4055 745 4144 captivo
762 4055 956 4144 opitulatus
972 4065 1022 4124 est
1038 4055 1155 4143 regius
1172 4049 1300 4124 Eunu·
1354 4075 1477 4123 eorum
1497 4050 1658 4139 collegis,
1686 4051 1748 4143 qui
1771 4051 1913 4140 publice
1935 4053 1973 4120 iu
1995 4054 2136 4144 templis
2153 4051 2340 4139 docebant.

315 4157 417 4240 rbus,
444 4157 500 4226 cui
522 4158 745 4248 promittitur
762 4157 987 4227 incolomitas
1001 4158 1038 4225 in
1053 4156 1190 4226 excidio
1204 4158 1300 4224 lero·
1354 4153 1516 4227 Secunda
1535 4175 1617 4242 pars
1633 4167 1707 4221 erat
1721 4153 1925 4222 docentium
1944 4155 1984 4221 in
1998 4151 2140 4225 Scholia
2155 4175 2187 4230 et
2207 4189 2339 4261 paupe.
2390 4155 2413 4180 ⁶

314 4265 494 4356 solymae,
536 4259 582 4328 Et
613 4283 672 4328 rex
692 4253 895 4351 ¹Aegyptius
926 4257 1063 4352 Apryes
1096 4257 1301 4329 interlector
1354 4281 1432 4328 rum
1447 4249 1751 4325 scholasticorum.
1782 4253 1835 4322 Ex
1852 4255 1954 4328 tertia
1971 4271 2071 4346 parte
2087 4267 2337 4340 consulebatur

315 4362 484 4435 leremiae
500 4361 739 4450 strangulatus
755 4375 806 4428 est
821 4363 866 4430 ab
888 4358 1011 4430 Amasi
1036 4361 1225 4448 praefecto.
1354 4357 1497 4450 inopiae
1519 4356 1719 4444 egentium,
1751 4356 1815 4447 qui
1838 4370 1983 4447 propter
2004 4361 2150 4429 morbus
2172 4389 2247 4434 non
2271 4393 2337 4460 po.

414 4463 628 4534 Moveamur
652 4483 734 4550 ergo
757 4474 792 4530 et
811 4463 1006 4552 praeceptis
1031 4459 1118 4552 Dei,
1152 4473 1186 4528 et
1215 4483 1303 4550 pros
1353 4473 1471 4556 terant
1497 4457 1683 4527 laboribus
1713 4458 1788 4526 suis
1810 4455 1942 4527 victum
1964 4469 2150 4550 quaerere.
2201 4467 2338 4557 Quare·

313 4567 544 4638 missionibus
569 4565 807 4656 praeraiorum
824 4573 858 4632 et
881 4563 1158 4654 promissionum
1181 4586 1300 4630 exem·
1352 4585 1433 4654 pars
1464 4560 1714 4630 conferebatur
1747 4559 1785 4628 iu
1818 4556 2080 4629 aedificationes
2104 4577 2138 4634 et
2161 4575 2341 4645 mercedes

310 4671 400 4762 plia,
435 4682 475 4739 ut
500 4669 537 4736 in
562 4662 630 4738 hnc
659 4685 788 4755 genere
816 4665 1087 4736 beneficentiam
1118 4663 1175 4754 pie
1198 4685 1299 4734 excr-
1353 4662 1581 4733 nunciorum.
1644 4661 1752 4730 Nunc
1780 4654 1952 4751 Episcopi
1977 4674 2013 4730 et
2031 4657 2193 4736 Abbates
2210 4671 2340 4744 fruun-

306 4793 460 4844 eesmus.
784 4763 788 4772 '
1351 4779 1411 4836 tur
1427 4763 1501 4834 illis
1516 4762 1665 4853 opibus,
1703 4773 1739 4830 et
1762 4759 1946 4849 negligunt
1965 4761 2202 4838 ministerium
2219 4767 2340 4846 Evan-

409 4869 488 4941 Etsi
509 4882 626 4940 autern
643 4868 789 4964 tyranni
810 4869 920 4938 etalii
939 4861 1118 4958 prophani
1135 4862 1299 4937 homines
1351 4866 1434 4956 gelii
1467 4876 1504 4934 et
1538 4865 1654 4933 studia
1685 4860 1890 4945 doctrinae,
1930 4862 2022 4933 sicut
2042 4868 2261 4954 praedictum
2283 4894 2337 4951 est

309 4975 579 5057 vociferantur,
618 4967 683 5041 bas
708 4967 975 5040 adhortationes
998 4972 1042 5037 de
1068 4970 1300 5042 beneficentia
1351 4971 1390 5038 in
1412 4963 1574 5058 Epistola
1610 4962 1743 5034 iudae:
1787 4959 2056 5038 Helluabnutur
2076 4967 2121 5038 de
2144 4969 2338 5076 eleemosy.

310 5101 392 5170 erga
426 5072 608 5145 ministros
629 5069 817 5161 Evangelii
843 5095 918 5141 esse
941 5070 1092 5162 aucupia
1114 5072 1299 5156 avariciae,
1351 5069 1408 5141 uis
1429 5067 1564 5142 restria.
1944 5103 1951 5110 ·
2316 5106 2321 5118 ·

307 5195 341 5253 et
366 5177 504 5249 similes
525 5197 599 5246 esse
619 5170 684 5243 has
704 5175 893 5244 conciones
922 5174 1090 5262 lnporum
1112 5173 1297 5244 concioni·
1453 5167 1551 5240 ilaec
1571 5168 1663 5237 mala
1679 5167 1922 5260 deploremus,
1947 5182 1984 5240 et
1997 5170 2133 5245 interea
2148 5174 2187 5244 in
2205 5182 2337 5254 noem.

308 5283 396 5363 bns,
430 5301 518 5371 quas
544 5273 675 5346 habere
705 5275 888 5362 fiagrantur
916 5276 961 5344 ad
984 5297 1142 5344 anseres:
1179 5287 1297 5346 tamen
1350 5270 1519 5342 Ecclesiis
1538 5265 1725 5339 hortemur
1747 5271 1825 5359 pios
1846 5271 2116 5361 gubernatores,
2141 5292 2181 5347 ut
2200 5285 2338 5354 reditus

307 5407 377 5456 nos
401 5383 621 5451 voluntatem
646 5375 713 5448 Dei
739 5377 959 5458 intueamur,
982 5390 1016 5444 et
1037 5376 1192 5445 sciamus
1216 5399 1297 5445 eum
1350 5373 1589 5444 Ecclesiamm
1612 5371 1670 5462 pie
1693 5370 1861 5442 collocari
1884 5385 2026 5456 curent.
2063 5400 2104 5446 ac
2131 5387 2338 5468 praesertim

307 5483 532 5558 avarissime
558 5479 760 5574 praecipere
781 5477 1085 5548 conservationem
1108 5477 1297 5547 ministerii
1349 5489 1390 5546 ut
1412 5475 1544 5545 rictum
1566 5473 1759 5565 praebeant
1778 5472 1924 5543 familiis
1945 5486 2125 5566 pastorum
2155 5495 2249 5552 recte
2272 5487 2340 5556 do-

307 5584 521 5675 svaugelici.
579 5581 729 5671 Semper
752 5579 856 5650 etiam
882 5577 983 5649 Deus
1004 5579 1207 5670 aliquorum
1230 5574 1299 5649 bn·
1350 5579 1530 5660 centium,
1555 5588 1589 5646 et
1604 5598 1708 5666 opem
1731 5575 1847 5646 ierant
1867 5574 2084 5666 pauperibus
2105 5574 2336 5662 scholasticis.

305 5689 451 5760 ninum
470 5697 611 5776 pectora
627 5685 670 5750 ad
687 5675 779 5750 hanc
792 5679 1058 5750 beneficentiam
1074 5679 1193 5751 flectis
1238 5680 1298 5751 Si·
1349 5677 1578 5749 Haecofficia
1601 5677 1857 5765 gubernatores
1874 5673 2213 5767 demoraremur,
2238 5686 2337 5760 iusta

306 5800 369 5863 eut
385 5787 501 5858 Paulo
523 5785 694 5877 praebent
715 5777 910 5870 hospitium
931 5779 1076 5868 Sergius
1091 5778 1299 5869 Proconsul,
1348 5781 1486 5850 dietum
1501 5775 1643 5848 Esaiae:
1670 5774 1788 5868 Reges
1801 5791 1907 5848 enrnt
1921 5778 2115 5850 nutritores
2130 5783 2203 5867 tui,
2223 5800 2259 5855 et
2278 5811 2340 5859 rs-

306 5883 585 5984 Onesipbucus,
626 5897 662 5958 et
694 5883 824 5978 passim
854 5873 933 5957 alii.'
979 5881 1024 5954 lu
1064 5883 1148 5954 navi
1190 5882 1296 5956 etiam
1347 5883 1453 5976 giuae
1486 5881 1653 6056 aazias.
1688 5876 2029 5954 laniamenta
2049 5881 2094 5952 in
2119 5881 2339 5978 inspeetisue
