5825 6950
577 700 653 782 075
739 722 744 734 ·
1182 685 1311 768 eurr.
1336 682 1456 762 nar.
1479 679 1692 760 scutras
1717 663 2069 760 amoarium·
2241 723 2246 734 -
2327 727 2333 742 ·
2513 697 2574 773 aaa

575 879 719 975 prodest
742 875 850 963 scire,
872 879 914 944 nl
934 880 1118 944 teneamus
1140 859 1421 936 consolationem
1445 871 1570 932 contra
1721 853 1884 929 Primum
1904 857 1951 928 de
1972 869 2089 931 morse
2106 845 2147 930 ’.ι
2168 857 2338 933 magd„
2367 863 2580 940 mmmm„

576 982 784 1077 opinionem
818 975 964 1059 meriti,
999 972 1084 1044 item
1105 980 1228 1039 contra
1255 964 1360 1038 illum
1384 963 1571 1057 populum,
1619 972 1661 1034 ut
1684 960 1875 1031 admoneat
1896 983 2071 1032 sommam
2094 965 2346 1035 contumeliam
2368 989 2456 1052 esse,
2485 970 2581 1044 ullum

548 1153 552 1161 ,
578 1083 643 1180 qni
663 1082 732 1152 sibi
753 1081 843 1151 falso
867 1086 1009 1167 arrogat
1031 1069 1175 1143 titulum
1199 1057 1399 1158 Ecclesiae,
1425 1078 1572 1158 propter
1619 1075 1801 1158 peecatum
1817 1063 1930 1154 pluris
1945 1064 2080 1151 lacere,
2106 1087 2211 1158 quam
2229 1060 2298 1136 hoc
2311 1066 2519 1142 sacrificinm.

578 1183 755 1259 iusticiam
772 1181 860 1271 legis
876 1193 941 1255 etc.
980 1173 1129 1248 Necesse
1145 1169 1307 1243 cocenim
1324 1194 1391 1241 nos
1406 1181 1573 1250 statuere,
1632 1199 1636 1206 ·
1723 1163 1916 1252 Secundo,
1955 1161 2118 1238 Christus
2147 1168 2405 1240 resurreetione
2436 1193 2494 1240 sna
2516 1173 2585 1246 vicit

580 1290 677 1385 quod
692 1281 898 1357 sitEcclesia
914 1279 1045 1363 electa,
1070 1299 1144 1344 non
1159 1272 1524 1365 propterdignitatem
1541 1281 1574 1337 et
1623 1265 1825 1338 universam
1856 1267 1992 1338 diaboli
2024 1269 2233 1362 potentiam.
2301 1267 2403 1342 Hanc
2426 1273 2585 1344 victoriam

581 1390 706 1461 merita
720 1381 895 1467 humana,
921 1405 995 1452 non
1012 1392 1159 1473 propter
1175 1373 1349 1447 iusticiam
1366 1375 1472 1466 legis,
1499 1392 1572 1442 non
1624 1368 1775 1440 sciamus
1807 1367 1983 1442 efficacem
2014 1394 2108 1461 esse,
2147 1386 2183 1444 et
2218 1373 2323 1444 nobis
2358 1396 2494 1468 quoque
2519 1399 2588 1470 pro-
2620 1388 2621 1400 ¹

582 1508 729 1585 propter
744 1487 966 1561 autoritatem
984 1477 1197 1566 humanam,
1224 1500 1298 1548 non
1316 1490 1575 1570 propterprae·
1624 1471 1795 1544 loturam.
2099 1509 2103 1516 -
2565 1517 2568 1526 .

582 1595 777 1684 rogativam
795 1584 1034 1660 successionis.
1072 1580 1172 1653 ldem
1195 1579 1378 1650 sciendum
1395 1575 1574 1669 est,quod
1633 1659 1637 1666 ι
1725 1571 1868 1656 Tertio,
1893 1598 2042 1667 regnum
2066 1599 2141 1648 noo
2165 1589 2216 1648 est
2238 1577 2411 1649 otiosum:
2438 1575 2536 1649 Sedet
2555 1579 2589 1648 ad

583 1697 647 1766 illa
670 1691 852 1776 Ecclesia,
884 1711 974 1784 quae
1006 1683 1149 1756 titulum
1182 1679 1312 1768 habet,
1352 1677 1578 1774 persequitur
1626 1675 1803 1746 dexteram
1820 1679 1952 1769 patris,
1979 1679 2188 1771 etpotentia
2207 1679 2329 1751 divina
2349 1683 2591 1752 cerdeniense.

584 1818 705 1868 veram
729 1791 935 1864 Ecclesiam.
995 1785 1117 1878 Quare
1140 1784 1245 1877 initio
1270 1797 1391 1856 monet
1416 1805 1489 1853 esse
1510 1779 1577 1849 ali·
1627 1791 1706 1864 vat,
1738 1793 1911 1852 sustentat
1935 1795 1967 1852 et
1991 1780 2165 1866 vivificat,
2198 1785 2305 1853 modo
2336 1806 2382 1852 ne
2413 1783 2592 1854 deficiamus

586 1922 693 1994 quarn
709 1897 855 1966 electam
873 1888 1088 1975 Ecclesiam,
1112 1900 1154 1961 nt
1176 1887 1380 1960 intueamur
1398 1896 1434 1957 et
1449 1901 1578 1974 agnos·
1628 1881 1673 1950 ab
1699 1903 1753 1955 eo.

587 2023 707 2074 camus
730 1989 847 2067 ceram
867 1992 1071 2064 Ecclesiam.
1727 1979 1865 2072 Quarto
1882 1983 1981 2056 addit
1997 1985 2241 2077 pontificatum
2267 1999 2301 2059 et
2327 1985 2592 2058 intercessionem

687 2099 815 2172 Statim
838 2111 955 2168 autem
980 2092 1101 2166 attexit
1118 2089 1383 2176 devocatione,
1408 2087 1580 2162 ntdcdu-
1627 2080 1775 2160 Christi.
1841 2083 1913 2156 Nec
1945 2112 2031 2158 vero
2062 2091 2136 2160 ulla
2166 2096 2218 2161 e'st
2242 2089 2387 2160 dulcior
2410 2087 2595 2166 consolatio,

588 2217 642 2276 cat
658 2226 724 2272 nos
738 2203 781 2271 ad
800 2200 969 2282 verbnm,
995 2191 1103 2267 ethic
1120 2207 1241 2265 monet
1257 2193 1480 2264 vocationem
1505 2211 1581 2257 non
1630 2210 1737 2280 quam
1767 2209 1955 2278 agnoscere
1980 2185 2165 2264 Christum
2194 2191 2421 2283 pontificem,
2453 2205 2485 2262 et
2505 2189 2595 2258 inter·

588 2327 663 2378 esse
684 2305 834 2376 irritam.
892 2296 963 2369 Sed
979 2295 1075 2369 Deus
1100 2291 1185 2366 huic
1203 2318 1287 2365 snae
1302 2290 1482 2366 vocationi
1501 2312 1582 2360 rere
1632 2289 1927 2381 pellatoremesse
1943 2295 2140 2383 pronubis.
2199 2291 2302 2366 Esset
2316 2307 2435 2364 autem
2451 2296 2596 2363 adversus

589 2411 706 2491 adest,
733 2406 899 2475 iustificat
916 2399 1351 2493 etglorilicabitvocatos.
1400 2394 1491 2466 Vult
1514 2391 1582 2481 igi·
1632 2390 1873 2482 pontificatum
1898 2389 2053 2486 Christi,
2085 2396 2321 2481 contumelia,
2352 2395 2387 2466 si
2408 2395 2598 2466 existimare·

588 2525 650 2580 tur
664 2531 730 2578 nos
745 2505 875 2576 intueri
893 2503 1127 2585 vocationem,
1145 2523 1186 2602 ac
1198 2499 1412 2584 meminisse,
1428 2498 1525 2591 quod
1539 2495 1585 2565 sit
1633 2515 1712 2563 mus
1738 2495 1813 2564 eins
1836 2495 2123 2568 intercessionem
2147 2499 2284 2569 irritam
2311 2521 2396 2574 esse.
2456 2495 2550 2580 llam,
2576 2492 2599 2561 si

591 2611 766 2702 divinitus
781 2611 889 2691 lacta,
914 2620 954 2677 ut
972 2605 1010 2674 in
1033 2627 1073 2672 ea
1089 2623 1371 2694 perseveremus,
1387 2601 1471 2694 quia
1488 2596 1584 2670 Deus
1634 2610 1790 2666 nostram
1809 2597 2070 2672 invocationem
2088 2624 2162 2674 non
2186 2599 2462 2693 adiungeremus
2482 2601 2523 2670 ad
2541 2595 2598 2668 eius

589 2707 674 2785 huic
691 2735 774 2784 suae
790 2706 970 2782 vocationi
996 2718 1031 2777 et
1048 2727 1113 2776 suo
1128 2705 1239 2775 verbo
1255 2703 1443 2774 adiuturus
1461 2714 1524 2777 est.
1632 2699 1932 2772 intercessionem.

864 2873 975 2976 Quid
986 2874 1104 2972 igitur
1124 2867 1313 2944 dicemus?
1844 2862 1941 2966 Quis
1962 2869 2079 2966 igilur
2099 2870 2291 2973 separabit
2317 2871 2415 2946 nos?

694 3016 893 3108 Septimum
917 3026 1165 3102 argumentum
1191 3007 1344 3080 occurrit
1374 3005 1585 3099 Praecipuae
1734 2997 1926 3075 Conclusio
1943 3018 1995 3077 est
2010 3009 2164 3098 proximi
2178 3009 2394 3100 argumenti.
2428 3004 2512 3080 Cum
2526 2998 2604 3074 Deus

594 3120 812 3218 quaestioni,
838 3129 992 3188 sumtum
1011 3113 1172 3185 estenim
1197 3113 1243 3182 ab
1265 3111 1404 3181 obiecto
1424 3122 1461 3181 et
1481 3131 1585 3180 causa
1635 3115 1819 3196 tantopere
1846 3107 1972 3198 diligat
2000 3133 2085 3198 nos,
2122 3135 2351 3206 nequaqnam
2383 3110 2522 3181 abiiciet
2545 3125 2604 3186 noc

593 3224 746 3318 pavoris.
796 3217 888 3290 Nam
912 3240 1014 3288 causa
1033 3213 1173 3308 pavoris
1199 3227 1232 3284 et
1250 3211 1507 3305 desperationis
1523 3226 1586 3300 est,
1635 3207 1772 3278 etiarnsi
1789 3230 1911 3300 somus
1927 3211 2079 3300 infirmi,
2104 3228 2137 3285 et
2160 3238 2369 3285 exercemur
2385 3212 2484 3284 omni
2499 3227 2604 3300 genere

594 3329 690 3423 qnod
720 3327 815 3394 inter
840 3321 1050 3391 afflictiones
1079 3319 1185 3388 etiam
1211 3329 1319 3388 terret
1345 3337 1409 3385 nos
1437 3334 1585 3403 conspe.
1636 3309 1879 3384 afflictionum.
1945 3311 2037 3384 Nam
2062 3315 2288 3387 dilectionem
2312 3316 2382 3388 Dei
2410 3329 2524 3396 vocat,
2551 3331 2604 3402 qua

594 3446 671 3503 ctus
695 3440 896 3497 nostrorum
919 3433 1163 3515 peccatorum,
1191 3437 1226 3492 et
1245 3417 1444 3490 iudicamus
1466 3415 1585 3487 Deum
1638 3409 1733 3482 Deus
1758 3436 1825 3485 nos
1847 3415 1983 3507 diligit,
2017 3418 2107 3491 sicut
2130 3432 2249 3511 postea
2272 3419 2529 3512 interpretatur
2548 3413 2606 3505 ipse

595 3532 701 3601 nobis
717 3526 832 3598 irasci.
1638 3512 1787 3586 Paulus:
1821 3515 1971 3610 Propter
1990 3544 2090 3606 eum,
2119 3522 2180 3614 qui
2204 3522 2323 3612 diligit
2346 3544 2424 3593 nos.
2487 3513 2609 3606 Repetit

527 3716 533 3729 Ι
697 3628 793 3699 Huic
802 3625 1000 3722 quaestioni
1013 3619 1070 3695 hic
1081 3625 1243 3695 medetur
1252 3620 1398 3705 Paulus,
1415 3634 1449 3693 et
1467 3634 1588 3693 osten·
1639 3618 1733 3687 enim
1749 3615 1880 3689 Pacilus
1897 3622 1933 3690 in
1959 3623 2029 3692 line
2050 3624 2306 3696 consolationis
2333 3618 2428 3694 hanc
2452 3620 2609 3711 propriam

595 3734 650 3807 dit
672 3733 768 3804 alind
790 3730 969 3801 obiectum
991 3721 1331 3820 apprehendendum
1353 3747 1448 3810 esse,
1480 3738 1514 3795 et
1538 3723 1588 3793 sic
1639 3737 1672 3791 et
1689 3720 1922 3814 principalem
1935 3719 2119 3817 Evangelii
2143 3750 2284 3813 vocem,
2314 3729 2413 3822 quud
2431 3726 2526 3795 Deus
2541 3718 2611 3787 dili-

597 3846 879 3927 argumentatur:
911 3828 1004 3900 Deus
1029 3841 1177 3900 testatur
1196 3852 1233 3899 se
1256 3827 1362 3899 nobis
1375 3850 1449 3897 esse
1464 3824 1587 3917 propi·
1638 3833 1695 3913 gat
1712 3845 1795 3913 nos,
1819 3824 1901 3916 quia
1920 3840 1971 3897 est
1987 3826 2224 3899 efficacissima
2241 3829 2445 3900 consolatio
2465 3828 2499 3896 in
2514 3818 2613 3893 omni-

598 3939 693 4010 cium
710 3937 792 4007 dato
810 3934 906 4017 lilio,
932 3945 966 4002 et
983 3932 1127 4025 quidem
1144 3926 1207 3999 ille
1230 3930 1370 3999 assidue
1392 3954 1458 4021 pro
1483 3928 1588 3997 nobis
1639 3929 1705 3996 bus
1722 3926 1995 4015 attttcstonihm,
2021 3930 2096 4001 imo
2120 3932 2273 4001 inomni
2295 3932 2541 4009 invocatione,
2564 3922 2612 3991 scd

599 4038 819 4132 interpellat,
852 4033 949 4125 Ergo
972 4057 1047 4102 non
1072 4032 1281 4102 abiiciamus
1306 4032 1410 4101 fidem
1435 4044 1470 4102 et
1490 4053 1586 4120 spem
1641 4028 1763 4119 procul
1787 4030 1900 4120 posita
1924 4054 2029 4127 snpra
2045 4034 2164 4103 cordis
2179 4027 2329 4104 humani
2345 4057 2509 4117 sensum,
2534 4024 2613 4121 quod

599 4130 835 4212 liberationis.
874 4134 972 4225 Quid
989 4136 1147 4205 dicemus
1163 4133 1206 4203 ad
1225 4128 1336 4204 hacc?
1360 4135 1398 4204 id
1413 4132 1586 4226 est,quid
1640 4144 1693 4203 est
1716 4130 1860 4224 plenum
1884 4134 2109 4207 dubitatione
2131 4148 2165 4209 et
2187 4158 2341 4227 pavore,
2368 4151 2403 4208 et
2427 4156 2499 4203 non
2523 4128 2615 4199 audet

600 4244 777 4334 amplius,
815 4251 877 4310 aut
907 4234 1021 4308 maius
1052 4238 1097 4305 ad
1127 4236 1404 4306 consolationem
1436 4234 1589 4325 proponi
1641 4247 1794 4305 statuere
1808 4256 1874 4303 nos
1894 4237 1996 4328 diligi
2014 4263 2032 4308 a
2052 4234 2139 4313 Deo.
2192 4234 2390 4331 Exaggerst
2417 4238 2522 4329 igitur
2536 4230 2615 4300 Pao-

601 4357 745 4439 potest‚
783 4364 891 4436 quarn
921 4340 1017 4433 quod
1048 4332 1221 4408 habemus
1243 4334 1360 4408 Deum
1389 4335 1591 4407 laventem?
1642 4330 2095 4411 lus‘hancconsolationem
2110 4340 2233 4413 multis
2247 4342 2382 4421 verbis,
2408 4334 2615 4434 quasidicat:

480 4472 484 4479 ·
601 4448 643 4519 ld
681 4445 868 4538 amplificat
901 4442 1025 4511 addito
1059 4440 1207 4529 pignore
1245 4438 1403 4530 gratiae,
1448 4438 1592 4523 scilicet,
1643 4438 1723 4509 Non
1739 4440 1876 4530 frangat
1893 4466 1956 4513 vos
1972 4442 2181 4533 magnitudo
2197 4432 2450 4525 afflictionum,
2468 4442 2525 4512 sed
2541 4432 2619 4503 hanc

601 4548 698 4646 quod
722 4546 860 4617 dederit
885 4565 949 4638 pro
974 4542 1080 4613 nobis
1103 4543 1231 4615 lilium.
1289 4538 1339 4612 Et
1362 4541 1455 4611 cla're
1479 4539 1591 4620 addit,
1642 4542 1921 4615 consolationem
1947 4544 1986 4615 in
2003 4546 2176 4616 'omnibus
2205 4547 2409 4618 terroribus
2433 4532 2618 4614 intuemini

602 4677 648 4723 ne
666 4662 806 4745 peccata
822 4649 1024 4720 deterreant
1039 4666 1122 4716 nos:
1149 4640 1241 4734 Quis
1256 4642 1460 4716 accusabit?
1490 4642 1591 4738 quasi
1642 4644 1737 4737 quod
1757 4644 1852 4715 Deus
1876 4661 1972 4717 certo
1995 4670 2058 4717 vos
2077 4648 2212 4740 diligat.
2265 4646 2342 4721 Nec
2362 4661 2417 4719 est
2440 4668 2528 4736 opus
2549 4662 2619 4732 pro·

602 4757 713 4825 dicat:
746 4748 899 4821 Etiamsi
928 4748 1099 4819 sentimus
1129 4769 1195 4816 uos
1225 4744 1391 4835 indignos
1423 4768 1515 4830 esse,
1558 4756 1592 4815 et
1643 4748 1712 4817 lixa
1736 4746 2029 4841 interpretatione
2051 4748 2091 4820 in
2112 4745 2398 4843 hscparticula,
2427 4750 2486 4828 sed
2509 4746 2544 4813 in
2563 4740 2622 4807 vita

604 4850 722 4925 adhuc
743 4846 874 4939 habere
896 4863 1054 4947 peccata,
1091 4862 1126 4923 et
1148 4846 1327 4936 ingentem
1351 4846 1591 4918 infirmitatem
1642 4850 1731 4921 etin
1752 4849 1978 4922 invocatione
1999 4852 2193 4939 discamus,
2219 4857 2315 4947 quod
2347 4853 2510 4947 requirat
2527 4846 2622 4921 Deus,

603 4981 644 5027 ac
672 4954 963 5036 immunditiem,
1002 4965 1122 5021 tamen
1162 4972 1268 5020 eremo
1307 4950 1487 5021 accusabit
1516 4971 1594 5033 nos,
1644 4964 1683 5023 ut
1707 4966 1902 5024 statuamus
1928 4978 1994 5025 nos
2015 4956 2138 5046 diligi,
2172 4970 2206 5027 et
2228 4958 2470 5028 exuscitemus
2493 4972 2573 5033 nos,
2595 4956 2622 5012 st

605 5070 793 5149 postquam
823 5066 967 5145 propter
988 5051 1190 5142 pontificem
1213 5046 1396 5122 Christum
1417 5052 1522 5138 iusti,
1556 5051 1594 5121 id
1643 5049 2219 5129 baclidevereinvocemuseum.

605 5172 674 5241 cst,
716 5156 847 5246 accepti
870 5176 1004 5227 sumus.
1063 5150 1437 5248 ldeoinquitrDeus
1461 5152 1593 5248 estqui
1658 5151 1662 5167 ”
1748 5156 1979 5229 Admonendi
2009 5174 2093 5232 sunt
2126 5157 2183 5231 hic
2213 5162 2392 5244 lectores,
2434 5159 2481 5229 de
2508 5146 2624 5243 ineptis

605 5260 789 5336 iustificat,
815 5258 933 5340 idest,
959 5256 1313 5346 instospronunciat.
1366 5252 1413 5330 Et
1432 5257 1596 5330 iustificat
1646 5260 1933 5357 quaestionibus,
1958 5260 2122 5335 hocloco
2147 5264 2294 5353 agitatis.
2355 5258 2626 5353 Disputaverunt

605 5386 671 5433 nos
686 5356 1127 5455 propt‘erjnterpellantem
1142 5353 1339 5429 Christum.
1647 5362 1741 5433 enim
1767 5360 1996 5450 scholastici,
2022 5362 2080 5437 An
2102 5368 2215 5439 iustus
2237 5363 2348 5458 possit
2371 5366 2541 5440 amittere¹
2558 5372 2626 5425 snas

709 5463 761 5534 lta
775 5456 966 5551 amplificat
982 5454 1075 5530 hanc
1089 5458 1300 5531 sententiam
1316 5461 1500 5534 mentione
1520 5484 1596 5532 me
1646 5465 1811 5548 virtutes,
1838 5490 1917 5535 cnm
1939 5465 2069 5537 Pacilus
2084 5454 2208 5542 dicatz'
2224 5468 2316 5557 Quis
2333 5465 2516 5557 separabit
2529 5480 2590 5530 nos
2609 5476 2625 5522 a

609 5565 758 5638 illatoris
790 5556 951 5647 Christi,
989 5583 1029 5630 ac
1061 5562 1145 5632 facit
1181 5564 1399 5633 mentionem
1438 5565 1594 5657 primum
1647 5568 1862 5637 dilectione?
1887 5568 1997 5657 Quasi
2015 5565 2083 5640 ho'c
2099 5570 2203 5651 velit,
2227 5568 2425 5661 Quomodo
2444 5566 2625 5660 poterimus

610 5668 769 5747 Mortis,
811 5663 941 5733 deinde
973 5658 1283 5750 Resurrectionis,
1329 5668 1435 5737 tertio
1468 5664 1596 5755 Regni,
1647 5671 1809 5740 amittere
1838 5686 1994 5741 nostram
2029 5674 2291 5745 dilectionem?
2334 5674 2512 5765 putabant
2542 5661 2624 5733 enim

608 5786 736 5865 quarto
754 5764 997 5838 Pontificatus.
1048 5761 1144 5835 Haec
1160 5766 1317 5837 breviter
1333 5782 1597 5859 commemorat,
1648 5772 1874 5843 dilectionem
1888 5776 2190 5867 interpretandam
2205 5800 2280 5848 esse
2302 5776 2349 5846 de
2365 5776 2503 5845 nostris
2525 5770 2625 5833 virtu·

608 5897 696 5967 quae
714 5885 833 5945 tamen
847 5890 924 5937 non
942 5878 1026 5940 sont
1041 5866 1157 5941 obiter
1171 5881 1308 5946 tantum
1324 5872 1539 5965 aspicienda.
1647 5874 1762 5961 tibus,
1791 5872 1858 5952 boc
1878 5887 1948 5965 est,
1972 5878 2019 5949 de
2044 5880 2250 5979 dilectione,
2276 5900 2346 5975 qna
2361 5886 2440 5951 'nos
2458 5872 2625 5967 diligimus
