5825 6950
341 675 418 752 sot
534 675 637 757 xltt.
686 683 722 756 2.
755 679 1122 764 COMMENTARH
1144 687 1196 765 IN
1220 685 1376 763 EPIST.
1401 679 1552 760 esunt
1578 684 1647 762 AD
1671 683 1937 768 ROMANOS.
1988 688 2096 768 ΟΑΡ.
2122 691 2187 768 tv.
2302 697 2380 775 602

339 857 481 966 saturn,
514 862 550 921 et
569 873 644 921 nou
665 868 785 947 petere
805 873 868 928 ant
892 854 1041 932 credere
1056 864 1245 952 gratuitam
1273 887 1330 936 re·
1381 859 1593 930 ceremoniis
1612 861 1802 934 detraxisse
1827 861 2125 939 iustificationem.
2161 847 2235 938 ‘Ad
2256 864 2293 940 id
2316 894 2374 942 re-

336 969 567 1066 missionem,
591 955 651 1024 sed
670 973 811 1030 manere
825 961 864 1030 iu
884 963 947 1033 illa
970 965 1194 1038 dubitatione
1210 981 1246 1038 et
1267 990 1331 1059 pa·
1380 965 1629 1052 spondendum
1646 977 1716 1037 est:
1749 963 1792 1036 ln
1808 961 2010 1053 Abraham,
2035 965 2192 1054 Davide‚
2216 983 2250 1042 et
2266 971 2368 1042 simi-

336 1051 505 1171 northus:
532 1053 607 1129 Aut
628 1082 798 1150 quaerere
821 1087 886 1155 per
906 1089 1014 1157 opera
1037 1070 1329 1155 consolationem,
1381 1064 1476 1134 libus
1506 1067 1729 1137 ceremoniae
1756 1081 1827 1140 tarn
1856 1064 2037 1142 habebant
2058 1072 2264 1144 mandatum
2289 1069 2371 1165 Dei,

335 1165 434 1226 arctat
454 1155 517 1224 ahi
546 1178 611 1247 per
639 1161 891 1250 monachatus,
938 1169 1000 1238 alii
1032 1195 1095 1262 per
1121 1171 1191 1241 alia
1220 1193 1327 1265 opera
1379 1189 1486 1258 quarn
1510 1166 1579 1238 alia
1609 1171 1703 1240 bona
1737 1194 1865 1261 opera,
1903 1169 1998 1262 Ergo
2033 1173 2123 1244 ratio
2152 1173 2368 1250 diversitatis

334 1269 530 1348 qnaernnt.
573 1258 629 1331 lta
642 1265 743 1334 dicit:
771 1266 889 1338 Mansi
906 1270 943 1339 in
963 1273 1166 1360 pavoribus,
1186 1288 1222 1346 et
1238 1299 1327 1365 pene
1378 1268 1478 1338 nulla
1504 1284 1554 1341 est
1578 1265 1649 1346 hic.
1700 1269 1739 1342 Si
1764 1286 1899 1346 caetera
1921 1299 2027 1365 opera
2054 1277 2218 1347 mandata
2239 1274 2367 1370 aDeo,

333 1371 548 1475 consumtus
568 1382 690 1436 essem.
741 1367 881 1440 Deinde
904 1374 1004 1444 addit
1026 1377 1071 1444 de
1094 1377 1327 1463 confessione,
1377 1373 1607 1443 merebantur
1630 1373 1872 1446 remissionem
1900 1389 2122 1468 peccatorum
2142 1391 2178 1449 et
2200 1377 2368 1452 iustihca-

331 1481 375 1527 ιιι
400 1483 473 1576 qua
494 1461 588 1533 clare
608 1467 725 1541 docet:
753 1469 862 1561 Quod
879 1473 975 1546 Deus
996 1478 1151 1550 remittat
1173 1492 1324 1571 peccata,
1376 1472 1530 1558 tionem,
1559 1475 1672 1546 multo
1693 1477 1802 1566 magis
1822 1501 1902 1548 cum
1924 1479 1995 1548 illis
2012 1479 2239 1552 merebantur
2252 1481 2290 1552 id
2307 1503 2365 1554 ce·

329 1574 370 1680 ‘ff
384 1564 535 1683 ‘lumel-1¹
548 1569 705 1646 remittat
720 1575 920 1660 confitenti,
945 1600 1020 1649 non
1042 1581 1206 1652 afferenti
1222 1581 1324 1653 iusti·
1376 1577 1576 1663 teutoniae,
1616 1577 1700 1670 quia
1727 1591 1829 1650 erant
1859 1579 2070 1672 praestantia
2094 1604 2201 1673 opera
2226 1581 2365 1676 primae

331 1684 431 1734 Μ
445 1665 554 1756 Ῑθὸῑιι
578 1663 676 1762 Ergo
692 1677 799 1765 gratis
820 1679 980 1751 remittit.
1375 1676 1527 1751 tabulae.
1579 1673 1702 1773 ltaque
1724 1704 1803 1751 cnm
1826 1679 1957 1754 Paulus
1977 1678 2131 1755 detrahit
2155 1685 2366 1758 ceremoniis

439 1765 625 1846 Transfert
640 1779 840 1870 exemplum
855 1783 899 1851 ad
916 1783 1021 1854 alios:
1047 1778 1194 1856 Prohoc
1209 1783 1325 1854 oravit
1374 1779 1559 1862 meritum,
1584 1777 1740 1856 detrahit
1756 1783 1859 1856 etiarn
1877 1785 2020 1855 caeteris
2034 1785 2214 1878 operibus.
2326 1839 2331 1852 .

331 1869 428 1940 sdte
440 1873 560 1942 omnis
573 1893 726 1961 sanctus,
743 1883 780 1952 id
799 1895 862 1967 est,
879 1883 985 1956 etiam
1001 1887 1113 1957 sancti
1129 1900 1325 1977 agnoscunt
1477 1877 1661 1966 Secundo,
1688 1880 1747 1956 hic
1768 1885 1867 1956 locus
1889 1886 2048 1957 continet
2061 1888 2184 1959 ulilem
2202 1883 2364 1958 c⁰l¹⁸ii⁰·

330 1993 369 2041 ae
380 1967 676 2068 haherepercata,
695 1993 730 2053 et
739 1997 863 2077 petunt
878 2001 913 2056 et
927 1990 1077 2061 credunt
1091 1989 1161 2060 sibi
1176 1989 1324 2078 ignosci,
1374 2006 1456 2078 nem
1472 1985 1574 2068 fidei,
1598 1998 1633 2058 et
1646 1989 1869 2082 sequentium
1884 2013 2042 2081 operum.
2094 1983 2277 2060 Abraham
2291 1989 2361 2059 lide

327 2070 430 2164 Ergo
445 2090 500 2148 est
514 2083 664 2167 gratuita
678 2087 873 2162 remissio·
896 2087 973 2160 Hac
988 2091 1056 2161 tide
1072 2094 1323 2175 servabuntur,
1374 2101 1581 2158 consecutus
1604 2101 1656 2159 est
1678 2091 1920 2160 remissionem
1938 2106 2179 2184 peccatorum,
2205 2103 2238 2162 et
2259 2089 2364 2161 iusti·

328 2189 364 2246 ct
379 2199 461 2294 nora
473 2181 673 2256 obruentur
687 2188 872 2276 fluctibus,
896 2215 970 2260 non
988 2193 1235 2285 opprimentur
1251 2207 1322 2264 ter·
1374 2185 1497 2260 heatus
1522 2191 1568 2262 ita
1591 2191 1704 2283 placet
1728 2217 1887 2283 persona.
1953 2191 2078 2266 Postea
2101 2190 2263 2286 seqnitur
2287 2191 2365 2262 eius

331 2281 494 2398 roribus.
558 2281 669 2358 Vides
698 2291 808 2380 igitur
840 2295 1010 2384 coniungi
1044 2296 1242 2367 doctrinam
1277 2298 1321 2365 de
1374 2293 1587 2366 obedientia.
1640 2291 1792 2365 Haecin
1810 2295 1873 2367 tali
1895 2317 2045 2388 persona
2066 2295 2135 2366 iam
2159 2289 2266 2366 babet
2287 2318 2364 2364 ιιιι-

335 2384 554 2472 poenitentia
568 2401 604 2458 ιι
625 2392 669 2461 de
691 2393 907 2464 remissione.
959 2395 1040 2466 Non
1065 2397 1240 2490 promittit
1265 2421 1322 2467 re-
1372 2415 1478 2482 gnam
1497 2394 1649 2470 laudem.
1768 2411 1773 2422 ·

339 2486 540 2600 missionem
554 2495 687 2562 securis
702 2506 737 2564 ιι
753 2519 827 2564 uon
844 2499 1059 2585 dolentibus,
1085 2502 1146 2570 sed
1168 2501 1230 2586 iis,
1256 2501 1319 2570 nbi
1474 2494 1534 2568 Sic
1557 2496 1671 2570 David
1698 2499 1854 2592 primum
1876 2496 2003 2588 accipit
2024 2499 2093 2569 lide
2118 2497 2362 2570 remissionem

343 2587 441 2657 simul
456 2591 575 2661 existit
592 2595 807 2685 poenitentia
822 2611 858 2672 ιι
877 2603 1033 2672 existunt
1046 2617 1209 2674 terrores.
1373 2612 1594 2688 peccatorum
1617 2615 1653 2672 et
1674 2601 1712 2672 bt
1734 2602 1845 2685 filius,
1872 2615 1990 2691 postea
2012 2600 2152 2695 placent
2170 2601 2246 2673 eins
2258 2601 2363 2672 lorti-

414 2686 505 2762 ldeo
516 2693 617 2768 addit
632 2701 840 2771 concionem
856 2706 900 2772 ad
918 2706 1088 2796 populum
1102 2707 1200 2796 legis,
1214 2728 1320 2799 quem
1372 2713 1426 2770 ter
1442 2701 1532 2773 facta
1548 2702 1586 2771 in
1602 2701 1748 2790 militia,
1772 2703 1956 2793 diligentia
1973 2701 2009 2772 in
2025 2703 2196 2796 imperio,
2219 2703 2361 2796 patien-

337 2785 499 2865 bortatur
510 2798 554 2865 ad
567 2802 842 2890 poenitentiam:
868 2804 988 2877 Nolite
1004 2807 1081 2877 fieri
1102 2809 1192 2901 sicut
1209 2829 1321 2902 equus
1372 2803 1420 2874 tia
1437 2803 1477 2874 in
1499 2805 1770 2892 afflictionibus,
1796 2818 1831 2876 ιι
1850 2805 1940 2875 aliae
1962 2805 2121 2880 virtutes.
2171 2803 2220 2876 Ει
2240 2819 2360 2878 tamen

337 2906 370 2966 et
391 2895 532 2990 mulos,
557 2901 595 2999 id
620 2916 692 2988 est,
723 2908 901 2994 agnoscite
921 2910 1013 2980 iram
1034 2908 1121 2998 Dei,
1151 2912 1321 2981 adversus
1373 2901 1436 2975 has
1453 2907 1596 2978 interim
1612 2933 1686 2979 non
1701 2907 1851 3002 opponit
1866 2906 1999 2978 iudicio
2016 2903 2103 2994 Dei,
2128 2909 2195 2979 scit
2213 2931 2270 2978 eas
2283 2927 2359 2978 non

335 3009 523 3086 peccatum.
573 3001 619 3074 Et
634 3007 733 3078 addit
747 3009 791 3077 dc
806 3011 931 3103 poeuis
945 3013 1096 3105 peccati:
1123 3010 1220 3084 Deus
1235 3035 1320 3084 one·
1371 3009 1571 3082 satisfacere
1594 3011 1685 3102 legi,
1726 3033 1792 3082 nec
1822 3011 1960 3102 placere
1991 3023 2136 3102 propter
2156 3031 2255 3081 suam
2277 3033 2360 3101 per·

338 3107 582 3176 ratmundum
603 3108 862 3183 calamitatibus
884 3128 920 3183 et
943 3129 1077 3201 morte,
1103 3129 1137 3187 ιι
1162 3116 1319 3185 ιοὸιιιιι
1369 3112 1578 3202 tectionem,
1604 3115 1666 3185 sed
1692 3113 1774 3208 quia
1801 3111 1912 3184 credit
1934 3133 1971 3180 se
1992 3133 2057 3201 per
2078 3111 2358 3182 misericordiam

339 3203 504 3292 etpuuiat
518 3209 666 3301 impios,
692 3225 726 3282 ιι
741 3226 781 3283 ut
798 3209 962 3286 humiliet
980 3239 1065 3301 nos,
1090 3232 1130 3290 ut
1151 3240 1318 3306 agnosca·
1371 3227 1516 3306 propter
1538 3217 1750 3308 promissum
1782 3239 1903 3285 semen
1935 3208 2066 3284 hab'erc
2090 3209 2205 3286 Deum
2236 3213 2358 3304 propi-

338 3324 575 3421 mufpeccata.
627 3310 956 3408 ltaomnesplagae
979 3320 1106 3389 muudi
1130 3335 1214 3391 sunt
1236 3343 1318 3412 pars
1369 3316 1482 3399 cium,
1508 3317 1748 3414 sicutinquit:
1774 3313 1873 3408 Quid
1891 3312 2083 3390 retribuam
2098 3311 2358 3386 Dominoietc.

343 3403 418 3495 lagu
435 3422 472 3481 et
490 3415 680 3486 conciones
700 3417 864 3511 divinae,
899 3444 990 3515 qnae
1015 3435 1191 3494 testantur
1211 3447 1316 3494 mun·
1368 3419 1420 3493 lta
1444 3421 1485 3491 in
1507 3422 1671 3495 credente
1694 3420 1764 3492 iam
1787 3420 1881 3491 bona
1901 3419 2008 3512 op'era
2029 3415 2356 3491 fiuutsacriticiaet

341 3510 418 3579 dom
450 3534 527 3586 esse
552 3519 750 3591 subiectum
783 3535 953 3615 peccato,
992 3539 1027 3596 et
1059 3524 1180 3597 Deum
1212 3524 1316 3597 irasci
1368 3520 1654 3609 hostiaelaudis,
1676 3540 1711 3597 et
1727 3520 1997 3612 habentmagna
2018 3521 2190 3620 praemia.

341 3626 484 3704 Will-
1470 3624 1595 3699 Tertio
1611 3625 1882 3718 diligentissima
1898 3618 1957 3695 hic
1973 3623 2074 3695 locus
2087 3625 2132 3694 de
2146 3645 2214 3693 usu
2229 3620 2355 3695 Sacra-

429 3714 535 3793 Hanc
556 3724 766 3796 seutentiam
793 3728 943 3819 opponit
972 3728 1116 3801 indiciis
1135 3724 1316 3807 humanis.
1367 3742 1570 3800 mentorum
1587 3729 1830 3802 observandus
1847 3741 1910 3812 est,
1937 3738 1977 3796 nt
1993 3725 2129 3797 muniat
2145 3746 2212 3795 nos
2229 3738 2354 3795 contre

341 3812 421 3889 Nam
440 3814 602 3898 homines
633 3828 787 3917 cogitant
815 3852 897 3901 casu
920 3831 1079 3905 accidere
1100 3834 1315 3904 calamitates
1367 3826 1579 3925 pharisaicas
1610 3832 1798 3925 opiniones
1825 3831 1871 3900 de
1901 3851 2009 3921 opere
2039 3840 2198 3919 operato.
2263 3822 2353 3895 ltem

341 3922 455 3995 etsioe
466 3928 619 3999 consilio
631 3928 718 4015 Dei,
754 3944 816 4003 ant
836 3932 969 4005 iniusto
989 3932 1223 4008 iudiciollei:
1252 3938 1313 4006 sed
1365 3949 1489 4008 contra
1510 3934 1784 4027 anabaptisticas
1803 3930 2085 4022 imaginationes.
2137 3926 2232 4018 Quia
2256 3928 2352 3997 enirn

340 4018 507 4117 Propheta
521 4024 580 4102 hic
600 4034 882 4107 concionaturet
898 4037 1002 4112 docet
1018 4038 1229 4129 sapientiam
1254 4041 1312 4108 di·
1366 4037 1497 4111 Paulus
1525 4036 1829 4108 circumcisionem
1867 4046 1968 4103 vocat
1999 4030 2156 4121 sigillum
2195 4028 2355 4101 iustitiae

338 4125 460 4200 rinitus
475 4134 683 4220 revelatam,
708 4139 805 4229 quod
819 4137 952 4209 sciente
971 4157 1007 4213 et
1030 4142 1222 4213 ordinante
1237 4139 1313 4211 Deo
1363 4138 1467 4229 fidei,
1496 4155 1645 4215 testatur
1665 4140 1892 4214 Sacramenta
1916 4156 1990 4205 esse
2014 4134 2114 4225 signa
2137 4129 2352 4227 requirentia

333 4230 511 4321 accidunt,
546 4250 588 4307 ut
608 4233 704 4308 Deus
724 4240 883 4313 coiitccat
906 4239 1062 4336 impios,
1101 4258 1136 4317 ιι
1157 4244 1313 4315 declarat
1362 4244 1482 4317 tidem.
1540 4242 1661 4335 Quare
1683 4265 1756 4314 non
1779 4238 1971 4311 iustificaut
1991 4236 2069 4305 sine
2090 4234 2160 4305 lide
2180 4258 2222 4303 ex
2246 4252 2353 4324 opere

328 4334 417 4405 irarn
438 4338 608 4410 adsersus
638 4354 844 4434 peccatum,
876 4357 918 4415 ut
938 4368 1168 4439 agnoscamus
1190 4353 1313 4437 pecca-
1362 4360 1527 4441 operato,
1553 4357 1591 4418 nt
1608 4340 1772 4416 monachi
1789 4340 2039 4435 loquebantur.

327 4449 422 4518 ¹⁰¹⁰,
447 4456 483 4511 et
500 4465 710 4535 quaeramus
731 4446 770 4513 iu
783 4438 927 4515 Christo
951 4450 1099 4540 gratiam
1122 4462 1167 4521 et'
1180 4448 1312 4521 libera·
1469 4448 1566 4521 idem
1583 4450 1685 4520 docet
1707 4442 1766 4517 hic
1781 4444 1899 4532 locus,
1925 4439 2150 4514 Sacramenta
2174 4456 2249 4507 non
2270 4444 2351 4504 tan·

320 4540 472 4620 tionem.
528 4546 712 4618 Praeterea
734 4550 836 4618 docet
856 4563 1014 4639 sanctos,
1040 4552 1179 4623 etiamsi
1203 4552 1310 4623 simul
1361 4564 1438 4622 tnrn
1463 4572 1537 4621 esse
1565 4550 1664 4639 signa
1693 4544 1923 4642 professionis
1952 4564 2032 4632 erga
2063 4534 2245 4627 homines,
2287 4546 2350 4606 aut

316 4642 550 4736 tffllsssssslur,
586 4663 703 4722 tamen
726 4649 859 4721 servari
880 4661 916 4721 rt
943 4656 1087 4726 taudem
1117 4654 1309 4726 liberoria
1360 4652 1521 4747 symbola
1562 4664 1768 4723 nostrorum
1811 4668 1977 4727 morum,
2024 4652 2065 4714 ut
2106 4640 2349 4730 imaginantur

316 4764 438 4826 '³⁰¹¹‘
455 4763 490 4824 ²²
503 4751 673 4825 ‘’mnibu‘
687 4754 801 4823 “¹³5⁸-
1362 4753 1633 4846 Anabaptistae,
1658 4754 1720 4850 qui
1735 4759 1925 4823 extenuant
1940 4742 2178 4817 Sacramenta.
2215 4738 2350 4810 Verum

1361 4856 1424 4929 ille
1444 4880 1531 4928 usus
1553 4871 1589 4928 et
1609 4856 1689 4926 finis
1720 4847 1929 4949 principalis
1955 4857 2008 4917 est
2029 4842 2350 4926 sacramentorum,

620 4931 773 5012 ΟΜΝ
791 4938 1014 5015 ”mmm
1361 4961 1459 5054 quod
1481 4973 1566 5030 snut
1587 4958 1686 5048 signa
1710 4950 1973 5052 promissionis,
1999 4960 2034 5019 et
2056 4944 2257 5019 testimonia
2282 4968 2347 5013 ro·

426 5060 606 5152 Quartum
626 5072 873 5149 argumentum
898 5082 940 5130 ex
964 5055 1092 5127 ordine
1113 5081 1309 5135 causarum.
1361 5061 1510 5133 luntatis
1532 5058 1599 5131 Dei
1622 5082 1703 5153 erga
1729 5082 1811 5143 nos,
1837 5068 1872 5129 et
1894 5050 2081 5147 requirunt
2102 5046 2226 5135 iidem,
2259 5044 2351 5118 sicut

315 5158 508 5239 Abraham
538 5161 799 5255 pronunciatur
825 5161 940 5233 iustus
968 5173 1050 5232 ante
1071 5161 1310 5235 circumcisio·
1361 5162 1561 5257 promissio.
2331 5166 2334 5173 '

313 5292 423 5349 ιιιιιι,
448 5262 547 5355 Ergo
570 5286 660 5355 opus
681 5262 773 5333 illud
796 5286 871 5333 uon
893 5277 1050 5336 meretur
1063 5264 1308 5348 remissionem
1463 5262 1506 5335 in
1521 5259 1704 5338 Abraham
1718 5256 1939 5335 circumcisio
1955 5272 2006 5331 est
2021 5268 2119 5340 uota,
2148 5274 2238 5349 quae
2255 5271 2348 5322 sem-

313 5384 564 5465 peccatorum,
589 5364 968 5439 neriustiticationem.
1019 5362 1099 5437 Hoc
1120 5387 1309 5458 argumen-
1359 5368 1653 5461 peradmonebat
1669 5390 1750 5439 curn
1774 5360 2032 5458 promissionis.
2082 5354 2132 5429 Et
2152 5368 2230 5428 erat
2250 5352 2349 5425 testi·

314 5489 397 5547 tum
413 5484 467 5545 est
486 5469 642 5555 illustre,
667 5469 751 5563 qnia
766 5469 924 5540 eontinet
938 5469 1165 5542 collationem
1181 5471 1309 5543 tunifl-
1359 5470 1543 5557 monium,
1568 5473 1665 5567 quod
1681 5466 1779 5542 Deus
1799 5468 1831 5539 ei
1847 5464 2026 5560 propicius
2046 5472 2134 5533 esset
2149 5459 2245 5529 iuxta
2261 5476 2347 5547 pro·

312 5576 473 5649 cationis
491 5582 556 5643 se'u
575 5571 895 5653 reconciliationis,
920 5585 957 5643 ιι
975 5573 1200 5665 sequentinm
1221 5597 1308 5669 npe-
1358 5572 1576 5649 missionem.
1628 5570 1681 5644 lta
1695 5572 1890 5667 baptismus
1914 5568 1953 5638 in
1970 5578 2091 5636 nostro
2112 5580 2262 5650 corpore
2282 5556 2348 5624 ad-

312 5704 413 5753 rnm.
465 5674 651 5747 Praeterea
666 5677 769 5745 docet
782 5677 827 5743 de
841 5694 909 5745 usu
924 5670 1246 5749 Sacramentorum.
1358 5690 1502 5748 moneat
1523 5693 1590 5751 nos
1606 5671 1872 5769 promissionis,
1897 5683 1932 5742 et
1954 5667 2074 5740 testari
2101 5663 2224 5744 debet,
2247 5654 2345 5749 quod

420 5778 585 5851 Primum
598 5790 714 5849 autem
729 5776 901 5846 diluenda
914 5788 967 5849 est
981 5776 1172 5849 cavillatio.
1214 5776 1306 5853 Com
1358 5802 1441 5849 rere
1465 5778 1552 5851 velit
1565 5778 1662 5853 Deua
1683 5776 1860 5871 impartiri
1882 5796 1944 5877 es,
1978 5790 2068 5865 quae
2088 5768 2127 5839 in
2147 5757 2343 5851 Evangelio
2440 5844 2443 5849 .

309 5884 456 5958 Paulus
474 5877 715 5954 nominaverit
729 5876 983 5963 ceremoniam,
1008 5878 1152 5953 videtur
1165 5892 1306 5953 tantum
1358 5880 1535 5977 promisit.
