5825 6950
303 754 392 836 sets
457 752 561 837 xsts.
611 755 651 838 s.
676 689 1017 835 conumrnh
1041 750 1093 829 tn
1118 750 1278 833 mrsu.
1301 750 1454 832 esunt
1478 750 1548 833 sn
1572 712 1899 837 conuentus,
1958 758 2066 841 cer.
2091 764 2158 849 111.
2233 775 2333 853 sess

303 930 446 1005 revelata
459 930 548 1005 fecie
560 916 713 1025 gloriam
726 922 877 1017 Dornini
890 927 1123 1023 speculantes,
1144 926 1186 1001 in
1199 951 1287 1000 esu·
1334 950 1460 1001 omues
1481 924 1646 1002 homiues
1668 950 1744 1003 non
1764 932 1905 1025 profani
1937 957 2000 1011 sua
2021 939 2237 1031 experientia
2258 967 2326 1017 nn-

303 1035 376 1107 dem
405 1035 598 1131 imaginem
623 1033 965 1122 uuusiormemurs
994 1030 1111 1121 pluria
1138 1030 1179 1101 in
1208 1031 1288 1123 plo·
1333 1045 1440 1114 runt,
1477 1026 1652 1105 bumsuss
1685 1036 1778 1107 vires
1813 1048 1952 1111 tentum
1986 1053 2169 1138 utcunque
2203 1069 2326 1139 repere

302 1136 386 1208 rism
402 1132 551 1231 Domini
573 1137 732 1231 spiritu,
745 1137 790 1211 id,
808 1148 878 1221 est,
898 1156 967 1209 nos
986 1156 1070 1207 vere
1092 1134 1286 1207 sentientes
1335 1158 1437 1228 posse
1460 1134 1728 1221 lncomotivsm‚
1768 1158 1831 1207 sess
1855 1153 2018 1215 externos
2037 1160 2166 1233 gestus.
2231 1148 2325 1223 Cum

301 1238 467 1311 iudicium
489 1254 530 1330 et
547 1240 640 1318 irem
653 1236 722 1327 Dei
741 1239 910 1323 adversus
926 1239 1088 1331 peccstd,
1108 1249 1145 1309 ct
1160 1258 1286 1309 rursus
1338 1251 1457 1311 sutem
1472 1236 1566 1311 Deus
1588 1238 1745 1312 ostendit
1759 1238 1849 1311 iram
1866 1265 1966 1315 suam
1986 1261 2109 1319 eontra
2134 1263 2327 1341 perustum,

302 1342 620 1437 mutientesnpditu
634 1340 873 1451 prpmissione
891 1353 927 1413 et
948 1337 1071 1431 agnito
1090 1338 1287 1413 mediatore
1336 1362 1428 1436 quae
1448 1340 1666 1413 describitur
1685 1342 1725 1411 in
1750 1342 1847 1433 lege,
1872 1346 2016 1437 fugiunt
2035 1352 2162 1438 corde,
2191 1367 2227 1427 et
2249 1378 2327 1427 ms·

301 1445 595 1533 consolationem,
621 1444 802 1544 cernimus
823 1442 975 1535 dociam
994 1438 1162 1529 Domini,
1186 1440 1286 1515 iudi·
1334 1442 1523 1533 pnitudiuc
1539 1443 1613 1515 irae
1631 1444 1906 1537 opprimuntur,
1931 1461 1967 1522 et
1981 1451 2139 1525 fremunt
2158 1454 2329 1529 adversus

301 1546 391 1620 cium
407 1548 586 1641 etyitsm,
612 1543 1014 1633 ettrsnsiurmamuciu
1027 1544 1286 1618 eandcmima·
1335 1544 1454 1619 Deum
1489 1557 1665 1619 struunt
1697 1548 1737 1617 in
1769 1562 1934 1627 mortem.
1997 1549 2121 1647 ltaque
2146 1534 2328 1652 utrunque

301 1648 498 1743 gincm,‚id
514 1665 587 1745 est,
611 1647 720 1735 buius
736 1649 827 1733 lueis
840 1661 881 1721 et
896 1647 990 1720 vitae
1005 1646 1196 1740 perticipes
1209 1646 1288 1717 eib-
1336 1648 1566 1739 significetur.
1631 1646 1790 1741 Populus
1821 1651 1982 1727 intuetur
2007 1654 2132 1727 sociem
2148 1658 2329 1749 velatam,

300 1750 443 1849 cimup,⁴
455 1749 737 1849 ct,hsec,plorjp„
759 1753 884 1838 idest,
907 1749 970 1829 lus
990 1748 1133 1825 iusticie
1156 1764 1193 1823 et
1213 1748 1287 1820 viss
1337 1750 1463 1834 idest,
1488 1750 1576 1841 legis
1590 1764 1733 1823 exterus
1753 1776 1859 1847 npetu
1875 1768 2060 1853 utcunque
2076 1761 2177 1833 audit
2193 1775 2228 1835 et
2243 1763 2328 1833 imi·

300 1868 459 1928 cmcunt
480 1855 520 1925 iu
541 1856 741 1937 conversis,
766 1854 909 1926 lucente
925 1852 966 1922 in
990 1851 1043 1922 eis
1062 1852 1193 1943 spiritu
1207 1850 1284 1925 Do·
1336 1868 1451 1934 tstur,
1473 1868 1509 1927 et
1524 1848 1611 1925 haec
1626 1852 1780 1927 imitatio
1794 1865 1847 1927 est
1859 1856 1990 1932 iudicia
2005 1860 2164 1953 politica,
2188 1879 2223 1939 et
2237 1859 2328 1958 phe-

301 1956 390 2031 mini
410 1958 522 2049 nostri
542 1957 625 2051 lesu
639 1954 801 2045 Christi,
824 1980 889 2050 per
910 1976 1018 2051 quem
1038 1954 1146 2029 datur
1166 1952 1286 2049 Spiri-
1335 1956 1483 2041 risaica,
1515 1958 1578 2026 sed
1598 1955 1773 2047 fulgorem
1794 1956 1915 2052 Moysi
1944 1962 2037 2035 terre
2058 1977 2185 2037 nature
2209 1960 2328 2038 homi·

300 2076 356 2135 i⁰³
370 2075 538 2153 memb:
652 2121 694 2147 .·.‚
719 2115 738 2144 ι.
766 2114 785 2145 η
804 2122 811 2143 ,
828 2117 832 2128 ·
1336 2082 1424 2130 num
1439 2080 1516 2129 uon
1529 2070 1662 2151 potest,
1687 2059 1724 2129 id
1742 2073 1813 2145 est,
1838 2060 2011 2137 iudicium
2027 2079 2062 2137 et
2076 2066 2166 2137 iram
2179 2065 2249 2140 Dei
2262 2071 2329 2141 ad-

399 2161 563 2259 Deuique
579 2163 859 2250 colistioliterae
873 2158 1069 2254 ct'spiritus
1081 2157 1131 2230 ita
1147 2158 1187 2230 lit
1201 2155 1288 2227 illu·
1338 2183 1461 2233 versus
1474 2173 1634 2253 peccate,
1655 2186 1746 2256 quse
1756 2164 1975 2237 describitur
1989 2166 2064 2258 lege
2074 2164 2165 2258 Dei,
2191 2193 2328 2265 nequa·
2358 2218 2364 2227 -

300 2264 402 2352 stris,
420 2267 908 2359 consopiretur-utcunque,
927 2261 1043 2358 qualis
1064 2261 1112 2333 sit
1132 2273 1215 2354 post
1231 2282 1289 2329 re·
1338 2286 1446 2359 quern
1482 2276 1596 2354 potest
1630 2278 1757 2337 nutura
1790 2261 1977 2339 hominurn
2004 2269 2167 2347 tolerare.
2226 2272 2329 2347 Sicut

301 2368 555 2442 surrectionem
577 2370 862 2446 lutursmeteuna
883 2364 1024 2437 iusticia
1039 2377 1076 2436 ct
1088 2363 1182 2454 vita,
1206 2384 1289 2432 cum
1337 2362 1397 2437 bic
1423 2364 1574 2439 dicitur:
1608 2364 1683 2438 Lex
1713 2379 1766 2439 est
1794 2368 2034 2445 ministerium
2064 2373 2204 2449 mortis.
2282 2370 2333 2447 tlt
2405 2388 2409 2399 '

299 2468 397 2547 Deus
412 2472 483 2560 erit
494 2474 671 2559 neonisio
685 2471 867 2555 omnibus.
912 2468 986 2541 Hic
997 2468 1135 2558 integra
1148 2462 1291 2537 iusticie
1339 2468 1552 2561 experientis
1585 2482 1750 2557 testetur,
1782 2467 1945 2543 homines
1976 2474 2053 2545 sine
2083 2476 2331 2549 consolatione

302 2576 370 2647 erit
387 2572 462 2665 [lep
485 2576 617 2667 ipsiin
639 2574 746 2657 nobis
763 2573 880 2665 palem
895 2565 1078 2643 habitante
1093 2584 1129 2641 et
1143 2568 1288 2641 lutense.
1338 2568 1540 2661 evangelica
1571 2594 1672 2643 ruere
1700 2572 1738 2641 in
1766 2587 1946 2648 aeternam
1978 2577 2262 2671 desperationem
2295 2594 2332 2655 et

300 2676 360 2753 dd
382 2678 481 2749 illam
506 2691 685 2759 aeternam
703 2677 818 2760 vitan
839 2686 878 2747 et
895 2674 1013 2747 lucem
1041 2670 1164 2743 coulec
1186 2668 1287 2741 insti-
1340 2688 1505 2749 mortem.

300 2782 391 2853 ciem
408 2775 589 2854 Pharisaei
604 2780 776 2865 aihuim,
801 2775 867 2871 qui
886 2786 950 2849 sut
967 2796 1113 2849 securus
1127 2778 1199 2858 est,
1223 2773 1293 2843 do·
1440 2770 1538 2846 Hsec
1562 2775 1723 2855 doctrine
1749 2800 1852 2873 saepe
1876 2780 1970 2869 apud
2001 2776 2152 2851 Paulum
2182 2782 2332 2877 repetite

303 2906 370 2955 nec
384 2904 458 2952 unu
471 2884 578 2964 sentit
595 2882 769 2962 iudicium
782 2878 870 2961 nei,
895 2890 959 2955 sul
977 2877 1052 2951 ruis
1066 2876 1106 2946 iu
1124 2877 1293 2967 ‹tespera-
1341 2891 1406 2965 est,
1431 2893 1472 2951 ut
1487 2874 1594 2953 Rom.
1609 2879 1663 2952 4.:
1688 2878 1760 2951 Lex
1775 2880 1862 2951 irem
1879 2882 1997 2954 efficit.
2033 2880 2133 2967 trem,
2152 2880 2261 2959 Rom.
2276 2882 2333 2959 7.:

302 2988 438 3057 tionem
467 2999 501 3057 et
525 2986 666 3057 dolores
697 2984 892 3055 inferorum
899 3030 914 3067 ,
956 3004 1039 3069 eum
1066 2977 1175 3051 sentit
1202 2977 1292 3047 iram
1342 2981 1528 3061 Peccatum
1554 3003 1618 3073 per
1640 2981 1751 3073 legem
1772 2984 1900 3056 occidit
1924 3008 1991 3055 me.
2066 2982 2170 3071 trem,
2208 2988 2243 3061 1.
2264 2986 2335 3061 Go-

303 3084 391 3175 Dei,
412 3100 453 3159 ut
472 3085 573 3175 Spul.
638 3085 682 3169 ln
706 3085 772 3163 tuli
788 3086 871 3169 viro
893 3106 958 3156 cos·
979 3096 1034 3153 est
1055 3082 1135 3153 sine
1155 3078 1232 3151 Deo
1257 3090 1293 3149 ct
1343 3078 1458 3159 rintb,
1475 3078 1550 3158 15.:
1577 3078 1734 3155 Aculeus
1756 3084 1883 3157 mortis
1905 3100 2084 3177 peccatum
2108 3101 2180 3172 est,
2206 3102 2336 3181 poten-

303 3190 383 3261 sine
413 3190 507 3277 vite,
539 3204 577 3263 et
597 3206 692 3277 ¹sunt
724 3184 897 3269 horrendi
929 3183 1290 3260 leemitus.advcrsus
1344 3188 1393 3258 tis
1416 3208 1503 3257 veru
1523 3185 1745 3277 peccatilex.
1795 3184 1893 3259 Hsec
1917 3188 2021 3261 toties
2044 3190 2170 3280 repetit
2190 3186 2337 3281 Paulus,

301 3292 418 3367 Deum
428 3342 448 3377 „
460 3293 562 3369 iuxta
577 3291 844 3377 illuddictum:
870 3286 944 3363 Cor
967 3283 1127 3359 hominis
1149 3304 1295 3378 pester-
1344 3304 1386 3363 ut
1401 3289 1565 3359 ostendat
1584 3282 1748 3359 homines
1764 3312 1839 3359 non
1856 3290 1933 3361 lieri
1947 3288 2059 3361 iustos
2074 3290 2161 3379 lege.
2249 3368 2254 3377 ,

303 3408 436 3472 mmet
454 3416 748 3480 aerumnosum,2
772 3437 792 3476 .:
833 3445 873 3471 ,,.
1453 3388 1563 3480 Quod
1605 3414 1689 3461 vero
1730 3390 1863 3463 dicitur
1899 3391 1938 3463 iu
1975 3386 2102 3464 Exodo
2115 3441 2130 3479 ,
2182 3390 2336 3492 Moysen

1253 3553 1260 3572 .
1345 3493 1521 3566 amovisse
1543 3493 1704 3566 velssuen
1728 3494 1986 3588 ingredientem
2007 3498 2051 3566 sd
2069 3495 2203 3584 Deum,
2226 3509 2261 3570 et
2280 3499 2337 3569 lo-

1347 3611 1516 3694 quentem
1533 3619 1612 3666 cusu
1629 3619 1689 3685 eo,
1723 3611 1758 3668 ct
1774 3597 1988 3688 completum
2005 3621 2079 3670 esse
2095 3601 2174 3670 lucc
2196 3599 2336 3673 divine:

340 3561 449 3644 Idem
470 3559 589 3637 velum
615 3558 656 3636 's'u
679 3539 848 3652 'electione
874 3557 1008 3656 scieris,
1026 3553 1065 3634 Τ
1063 3564 1258 3633 estomculs

422 3669 451 3685 ·’
579 3672 624 3764 ’.
729 3649 867 3781 bitu·

1347 3699 1584 3790 significatum
1609 3711 1679 3786 est,
1712 3699 1817 3770 slism
1844 3721 1919 3773 esse
1938 3701 2133 3788 iusticiam,
2168 3724 2238 3796 qus
2260 3701 2338 3774 Deo

407 3804 595 3879 Ensrrstis
615 3803 799 3875 vocubulis
821 3801 962 3874 Litersc
983 3811 1021 3871 ct
1038 3796 1215 3890 Spiritus,
1239 3818 1300 3868 sc·
1349 3823 1472 3873 sssmns
1488 3801 1641 3892 recepti,
1666 3813 1701 3870 et
1717 3825 1785 3896 qua
1801 3799 1918 3873 Deum
1942 3804 2116 3875 sustinere
2138 3825 2338 3896 possumus,

303 3911 514 3987 commodet
538 3907 671 3984 Pactus
693 3921 818 4001 typum
847 3893 894 3982 de
919 3903 1010 3978 facie
1028 3899 1150 3995 Moysi
1172 3898 1299 3970 veluit·
1349 3903 1641 3996 scilicetqttendo
1655 3903 1751 3974 lilius
1772 3905 1923 3997 loquens
1938 3905 1977 3974 in
1992 3907 2113 3992 nohis,
2138 3905 2339 3978 communi-

305 4015 411 4090 }laec
431 4003 910 4103 interpretatio-‚prophetiae
931 4020 968 4078 et
986 4003 1180 4097 spostolics
1206 3996 1301 4072 Pha-
1349 4020 1405 4079 cst
1420 4008 1525 4076 nobis
1542 4006 1656 4076 lucem
1672 4028 1785 4081 susm.
1837 4007 1890 4078 lte
1906 4007 2025 4078 velum
2044 4009 2114 4098 legi
2128 4002 2340 4095 detrahitur,

306 4115 436 4198 risaeis
459 4130 495 4191 et
515 4111 835 4206 pseudoapostolis.
850 4110 974 4198 inuste
1002 4107 1102 4191 fuit,
1140 4102 1206 4199 qui
1236 4125 1301 4174 nce
1350 4123 1385 4180 et
1398 4107 1539 4180 tollitur
1554 4102 1764 4203 hypocrisis,
1790 4121 1825 4180 et
1846 4110 1991 4181 sunt'iu
2015 4111 2120 4182 nobis
2146 4109 2283 4182 iusticia
2305 4123 2342 4188 el

307 4222 424 4311 legem
449 4216 793 4308 nec,promissioncs
813 4213 1077 4288 intellexerunt.
1138 4205 1300 4278 Primum
1351 4212 1437 4296 vits,
1462 4233 1568 4302 quem
1584 4210 1640 4280 lex
1655 4209 1842 4298 describit,
1868 4214 1930 4292 sed
1947 4233 2022 4282 nou
2036 4210 2191 4299 exhibet,
2213 4235 2339 4283 verum

306 4337 430 4395 autem
452 4315 636 4406 historiam
654 4329 796 4409 oportet
812 4327 1041 4397 uotamessc,
1067 4331 1160 4404 quse
1174 4305 1302 4378 recita·
1352 4313 1448 4384 blius
1462 4309 1530 4382 Dei
1555 4307 1710 4383 exbibet.
1770 4311 1855 4384 ldeo
1880 4305 1939 4387 hic
1960 4315 2077 4410 iuquit
2091 4313 2243 4386 Paulus:
2269 4311 2341 4384 Ve-

307 4441 370 4498 tur
386 4419 502 4496 Exodi
517 4421 570 4498 db
607 4422 669 4492 nbi
691 4419 840 4504 dicitur,
865 4415 964 4488 Mosi
987 4414 1114 4485 faciem
1134 4409 1303 4504 spsrsisse
1352 4415 1428 4484 lum
1443 4411 1580 4486 aboleri
1595 4436 1659 4508 per
1671 4407 1865 4492 Christum.
1897 4413 2179 4488 Haccseutentis
2196 4417 2340 4487 devera

305 4531 508 4618 fulgorem,
532 4540 573 4597 ut
587 4519 882 4614 uspiciepopulo
903 4541 978 4590 uon
995 4527 1132 4613 posset,
1156 4515 1198 4583 ac'
1219 4534 1303 4602 pro·
1353 4516 1586 4587 conversione
1608 4516 1838 4604 intelligendu
1860 4530 1923 4596 est.
1972 4518 2017 4588 ln
2039 4521 2132 4588 veris
2153 4515 2342 4588 doloribus

307 4644 432 4724 pterea
453 4650 535 4698 cum
556 4627 760 4719 loqueretur
785 4623 830 4692 ad
854 4621 1050 4714 populum,
1075 4615 1201 4689 texisse
1223 4637 1303 4683 eum
1353 4617 1577 4707 spuoscimus
1590 4641 1665 4690 nou
1680 4620 1781 4690 reddi
1796 4641 1916 4710 pacem
1930 4618 2156 4692 conscientiis
2177 4631 2212 4692 et
2232 4619 2342 4690 vitsm

308 4735 441 4806 faciem
458 4730 646 4813 velamine,
662 4729 759 4822 quod
776 4738 896 4796 tsmcu
911 4721 1116 4812 ingrediens
1125 4719 1170 4788 ad
1178 4713 1305 4787 Domi·
1354 4743 1418 4814 per
1433 4721 1527 4790 bons
1543 4743 1661 4812 opera.
1702 4720 1939 4810 Agnoscimus
1953 4734 1989 4795 et
2003 4723 2130 4817 procul
2144 4741 2210 4793 nos
2226 4745 2245 4792 a
2262 4744 2343 4813 per-

305 4861 403 4908 nuru
421 4848 454 4904 et
468 4833 618 4926 loquens
634 4855 715 4900 cum
732 4851 776 4900 eo
797 4825 944 4898 emovit.
994 4819 1112 4892 Huius
1134 4814 1304 4890 historiae
1357 4822 1511 4894 tadone
1531 4822 1619 4914 legis
1647 4823 1786 4909 abesse,
1826 4824 1888 4894 sed
1914 4823 1964 4896 ite
1989 4825 2091 4896 reddi
2116 4823 2342 4896 conscientiis

305 4934 628 5030 significationem,
672 4953 764 5026 quae
796 4949 972 5022 nusquam
1010 4921 1101 4996 slibi
1141 4919 1306 5000 traditur,
1357 4947 1478 4994 verum
1493 4923 1784 5010 consolationem,
1800 4939 1954 5019 quaeest
1969 4925 2113 5000 initium
2125 4926 2217 4998 vitae
2230 4939 2345 4998 aeter·

304 5039 509 5134 Apostolus
532 5033 590 5108 bic
622 5034 777 5128 exponit.
852 5027 1086 5102 Manifestum
1114 5037 1166 5095 est
1195 5035 1305 5095 totum
1358 5048 1445 5110 nne,
1471 5049 1551 5098 cum
1568 5025 1681 5098 hlium
1701 5025 1768 5098 Dei
1786 5027 2030 5118 agnoscimus,
2054 5041 2088 5100 et
2112 5027 2347 5119 promissione

303 5156 482 5214 naturum
497 5133 692 5211 humanum
708 5136 845 5208 viribus
867 5129 1094 5204 naturalibus
1113 5125 1186 5196 sini
1208 5145 1306 5214 rege-
1357 5129 1471 5220 ipsius
1494 5141 1753 5212 sustentantur,
1779 5143 1820 5202 ut
1832 5126 1950 5200 David
1974 5131 2171 5212 reviviscit,
2197 5131 2345 5202 audieus

303 5243 521 5326 metatione,
554 5241 662 5314 etism
690 5263 771 5310 cum
799 5234 904 5308 discit
931 5245 966 5304 et
994 5229 1155 5302 imitatur
1180 5227 1307 5315 tegern,
1357 5230 1471 5303 etlide
1487 5231 1702 5323 smplectcus
1718 5227 1810 5304 hunc
1831 5253 1972 5306 vocem:
1998 5229 2176 5304 Dominus
2196 5231 2345 5304 abstulit

302 5363 438 5420 tamen
455 5357 592 5416 tanturn
614 5340 878 5436 qualescunque
896 5347 1061 5408 externos
1078 5344 1196 5422 gestus
1220 5326 1308 5418 lepis
1358 5345 1539 5424 peccatum
1554 5346 1668 5408 tuum.
1719 5333 1825 5406 Tunc
1846 5333 1943 5404 enim
1962 5333 2081 5424 agnita
2105 5333 2347 5406 misericordia

302 5451 454 5532 fecere,
477 5459 517 5516 ut
530 5445 616 5520 Saul
632 5445 760 5514 retinet
780 5454 963 5533 utcunque
985 5433 1241 5528 professionem
1262 5431 1308 5500 de
1356 5433 1448 5516 Dei,
1474 5433 1674 5508 vivificatur
1687 5459 1750 5526 per
1764 5436 1877 5508 hlium
1892 5433 1978 5518 Dei,
2004 5449 2039 5509 et
2052 5436 2097 5507 ad
2113 5433 2228 5508 Deum
2247 5455 2347 5508 eccc-

303 5549 428 5622 unico
443 5545 542 5634 Deo,
567 5547 606 5616 in
629 5539 698 5616 hoc
720 5542 853 5636 populo
870 5540 1063 5632 petelscto,
1087 5537 1149 5606 sed
1173 5555 1236 5602 cor
1257 5547 1309 5604 est
1359 5537 1435 5622 dit,
1459 5537 1602 5610 invocat
1617 5561 1719 5624 eum,
1742 5552 1777 5610 et
1796 5531 1903 5624 habel
1925 5537 2028 5610 initia
2051 5560 2155 5608 verae
2177 5535 2347 5609 obedien-

305 5654 469 5748 plenum
498 5646 802 5732 dubitetionibus,
832 5665 908 5715 non
936 5639 1059 5714 statuit
1082 5660 1118 5708 se
1142 5633 1309 5726 recipiet
1359 5638 1430 5708 tise
1460 5638 1559 5710 iuste
1587 5633 1673 5710 hsec
1703 5639 1821 5710 dicta:
1857 5635 2054 5732 decepistis
2074 5639 2237 5732 spiritum
2258 5640 2347 5709 edo·

306 5749 520 5826 exaudiris
536 5747 634 5836 Deo,
658 5747 765 5820 sentit
786 5765 823 5816 ss
844 5741 956 5830 mori,
982 5753 1017 5813 et
1036 5740 1077 5810 in
1097 5749 1213 5810 morte
1233 5760 1310 5808 uon
1361 5741 1495 5833 ptionis
1511 5739 1688 5824 liliorum,
1713 5763 1785 5836 qno
1805 5741 1999 5814 clamemus
2013 5737 2117 5812 Abbs
2138 5753 2249 5832 puter.
2298 5735 2349 5814 Et

303 5857 431 5930 sentit
451 5852 729 5926 costsolstiouern
751 5861 790 5920 et
810 5847 932 5918 vitam.
979 5839 1226 5918 Deindc·suut
1247 5838 1311 5909 alii
1364 5841 1544 5934 pertinent
1573 5835 1643 5913 huc
1666 5843 1759 5916 diets
1781 5843 1923 5928 omnia,
1964 5865 2055 5936 quae
2082 5841 2280 5934 loquuntur
2303 5841 2348 5916 de

304 5955 487 6032 acerrimi
511 5969 631 6026 motus
659 5962 857 6047 pugnantes
885 5969 966 6020 curu
989 5942 1081 6023 Deo.
1145 5939 1312 6038 Denique
1366 5967 1448 6017 vers
1472 5943 1723 6034 conversione,
1760 5945 1864 6018 etde
1887 5943 1959 6016 vita
1981 5965 2023 6014 sc
2045 5941 2184 6026 iststicia
2207 5953 2350 6018 reterns

369 6059 564 6134 Mensura.
581 6059 688 6129 orn.
714 6051 803 6130 vos.
818 6053 902 6130 XV.
1515 6041 1566 6121 77
1686 6123 1692 6147 ,
