5825 6950
300 730 371 804 att

302 895 561 972 misrricordiae
573 893 662 984 Dei,
690 897 780 968 sicut
795 895 888 968 Psal.
906 894 1040 991 inquit:
1073 893 1203 969 lnvoca
1227 855 1284 962 rue

304 1001 338 1072 io
353 999 412 1069 die
427 1000 693 1089 tribulationis,
719 1012 754 1105 et
776 999 925 1094 eripiam
940 1012 992 1088 te,
1017 1014 1052 1072 et
1072 996 1285 1090 glorificabis

303 1127 352 1174 rue
364 1115 430 1172 etc.
448 1131 452 1138 ·

460 1259 544 1337 Sed
551 1224 595 1337 ‘ut
610 1262 897 1365 manifestentur
910 1227 1019 1361 opero
1034 1255 1124 1336 Dei.

392 1399 585 1475 Liberatin
616 1396 724 1472 huius
753 1398 845 1470 caeci
876 1399 1030 1468 illustrat
1052 1395 1200 1486 gloriam
1216 1391 1283 1466 Dei

310 1501 503 1595 tripliciter,
529 1503 688 1602 primum
709 1501 783 1595 ipsa
808 1501 943 1572 sanatio
969 1512 1020 1595 est
1042 1497 1283 1570 testimonium

317 1609 353 1677 de
369 1599 530 1691 Christo,
569 1601 666 1676 hune
690 1606 868 1675 doctorem
891 1601 1009 1673 aDeo
1029 1601 1175 1672 missum
1200 1623 1283 1670 esse.

318 1703 386 1778 llam
405 1707 582 1778 miracula
608 1707 857 1777 universaliter
878 1718 962 1778 sunt
993 1701 1193 1775 testimonia
1218 1703 1283 1772 do-

318 1811 436 1889 ctrinae,
450 1821 489 1880 et
504 1833 587 1880 cum
603 1808 672 1878 alia
686 1809 765 1879 aliis
784 1809 972 1881 videantur
985 1806 1138 1891 maiora,
1162 1805 1282 1897 omnia

315 1913 565 2002 moioogamus.
623 1907 767 1982 Certum
788 1924 839 1980 est
859 1907 1161 1980 resuscitationem
1182 1929 1280 1975 mor-

311 2026 435 2086 tuomm
456 2013 574 2084 solius
594 2009 663 2082 Dei
681 2037 771 2110 opus
793 2035 884 2098 esse,
904 2008 1005 2098 ‘ergo
1032 2005 1196 2080 Christus
1226 2031 1283 2077 re·

312 2117 465 2186 suscitans
481 2128 663 2202 mortuos,
694 2139 769 2184 non
791 2127 844 2185 est
855 2105 1184 2206 pseudopropheta,
1220 2109 1280 2178 sed

278 2293 285 2309 .
314 2215 407 2290 aDeo
424 2218 576 2304 missus,
610 2231 645 2289 et
668 2216 840 2288 divinitus
863 2215 997 2306 regitur
1022 2237 1061 2282 ac
1085 2213 1283 2298 adiuvatur,

315 2321 386 2390 sicut
406 2321 445 2391 iu
466 2333 568 2390 textu
596 2319 777 2414 aliquanto
800 2331 880 2413 post
903 2315 1049 2388 dicitur:
1091 2313 1281 2403 Quomodo

318 2417 532 2514 potestlromo
556 2434 717 2513 peccator
740 2421 823 2491 talia
846 2420 945 2510 signa
965 2417 1091 2492 lacere.
1142 2415 1282 2516 Deinde

326 2523 494 2594 illustratur
517 2519 718 2612 gloriaDei
740 2536 1006 2615 personatum,
1041 2517 1103 2612 qui
1126 2517 1281 2610 primurn

322 2625 458 2718 privatim
475 2625 561 2696 Deo
576 2625 705 2716 gratias
720 2625 791 2715 egit
808 2647 872 2715 pro
891 2635 988 2694 tanto
1007 2619 1190 2706 beneficio,
1215 2644 1281 2711 po·

317 2741 374 2796 ster
385 2740 547 2800 autorem
564 2727 737 2814 celebrat,
761 2739 795 2825 et
810 2726 902 2795 clara
920 2722 1151 2807 confessione,
1176 2733 1283 2794 testa-

314 2843 376 2914 tur,
399 2825 517 2910 hunc,
544 2853 652 2924 aquo
670 2844 812 2899 sanatus
827 2841 894 2910 est,
928 2819 1142 2916 Prophetam
1166 2846 1280 2893 essea

310 2925 372 3002 Deo
385 2932 555 3016 missum,
581 2931 653 3002 imo
668 2943 787 3023 postea
802 2925 967 3000 Christus
987 2927 1092 2998 etiam
1115 2926 1280 2996 nomina·

310 3033 361 3103 tim
375 3057 453 3104 eum
467 3034 575 3103 docet
593 3035 636 3102 de
650 3056 789 3104 summo
804 3031 967 3114 articulo,
994 3029 1093 3099 iubet
1108 3053 1188 3098 eum
1205 3050 1282 3096 cre·

308 3135 380 3206 dere
394 3136 431 3205 in
447 3135 564 3205 filium
581 3133 659 3221 Dei,
684 3149 719 3206 et
731 3129 791 3203 hic
808 3147 949 3203 sanatus
964 3131 1170 3222 respondet:
1195 3127 1282 3200 Cre-

306 3239 345 3308 do
358 3239 517 3310 domiue.
569 3234 666 3307 llaec
683 3237 726 3307 de
744 3235 858 3304 carisis
879 3232 1114 3304 afflictionum
1137 3246 1169 3303 et
1191 3232 1283 3300 libe-

305 3341 476 3412 rationum
501 3339 540 3408 in
563 3333 733 3408 hocloco
763 3337 879 3426 dicta,
918 3333 1056 3427 aliquid
1084 3334 1174 3402 lucis
1199 3328 1282 3400 huic

304 3441 494 3516 narrationi
509 3453 545 3511 et
559 3441 735 3511 similibus
748 3438 921 3525 afferunt,
944 3451 1067 3509 etuas
1090 3434 1127 3505 in
1151 3433 1281 3504 nostris

305 3547 477 3616 eemmuis
488 3544 627 3615 utiliter
639 3542 820 3616 erudiunt.

325 3712 387 3789 Me
401 3720 543 3815 oportet
558 3707 708 3810 operari
719 3731 829 3808 opero
851 3703 947 3788 eius,
978 3703 1047 3807 pai
1064 3702 1167 3777 misit
1189 3726 1259 3777 me.

391 3848 596 3940 Diligenter
607 3842 694 3917 haee
709 3842 880 3915 sententia
895 3855 929 3912 et
943 3842 1075 3912 similes
1092 3842 1282 3911 observan-

303 3958 363 4029 dae
377 3968 479 4035 sunt,
504 3974 595 4047 quae
612 3951 656 4017 de
669 3948 809 4032 labore,
834 3968 897 4015 seu
918 3945 963 4013 de
979 3942 1183 4013 'vocationis
1205 3942 1282 4011 ossi-

303 4060 362 4131 ciis
376 4054 609 4151 praecipiunt.
661 4048 752 4119 Nam
774 4061 808 4117 et
829 4049 958 4116 docent
975 4068 1040 4114 uos
1055 4047 1099 4116 de
1117 4068 1157 4113 re
1171 4044 1283 4111 maxi-

302 4186 356 4231 ma
378 4174 413 4230 et
436 4160 607 4227 adversus
637 4172 861 4222 communem
887 4148 1119 4217 tentationem
1142 4144 1281 4236 sapien·

303 4280 374 4335 rom
389 4259 631 4333 consolantur.
681 4248 896 4343 Experimur
918 4250 956 4318 in
981 4250 1081 4318 omni
1104 4248 1282 4337 guberna-

303 4368 395 4439 tione
416 4382 544 4451 magna
568 4369 602 4427 ct
625 4377 755 4446 parva,
792 4352 918 4422 maritas
947 4371 1020 4421 esse
1045 4350 1282 4435 difficultates,

300 4490 387 4563 quae
400 4460 559 4535 hnmana
573 4456 756 4547 diligentia
774 4453 879 4523 leniri
897 4466 1143 4550 nonpossunt,
1169 4450 1280 4520 multa

302 4566 453 4661 ingentia
470 4561 627 4659 pericula
644 4560 879 4650 undecunque
893 4557 998 4639 oriri,
1025 4576 1115 4647 quae
1129 4553 1279 4643 prospici

302 4686 336 4743 et
348 4668 460 4742 caveri
476 4675 680 4760 nequeunt,
706 4660 861 4753 denique
883 4680 1001 4749 saepe,
1034 4666 1073 4725 ut
1095 4669 1281 4745 tempesta-

288 4790 373 4843 'tum
387 4770 531 4842 saevitis
554 4788 612 4834 ars
634 4762 781 4833 navium
805 4760 1115 4847 gubernandarum
1138 4779 1282 4848 supera·

303 4892 373 4957 tor,
398 4874 446 4943 ita
463 4890 610 4961 prorsus
624 4862 718 4934 vinei
735 4862 886 4950 consilia
904 4860 1100 4950 sapientum
1115 4859 1281 4949 inopina-

307 4978 348 5047 tis
362 4973 554 5046 eventibus.
609 4963 650 5038 ld
668 4976 888 5059 quaeruntur
902 4957 1158 5030 Demosthenes
1174 4972 1209 5029 et
1218 4956 1280 5029 Ci-

305 5102 396 5165 eero,
428 5078 514 5145 inde
536 5083 571 5141 et
590 5090 713 5138 versus
736 5076 927 5134 natusest:
962 5060 1087 5131 Vitam'
1103 5062 1191 5151 regit
1207 5062 1281 5130 for.

306 5194 401 5265 tona,
424 5200 498 5249 non
514 5170 701 5265 sapientia.
751 5167 871 5256 Quare
894 5164 997 5235 mrrlti
1021 5165 1195 5255 sapientes
1219 5162 1282 5231 dc.-

696 724 781 800 xu.
831 717 1130 800 autumno
1157 681 1208 796 riv
1234 715 1419 796 avano.
1443 711 1662 794 rolucus
1712 714 1816 796 aar.
1844 718 1908 796 rx.

2246 725 2323 800 222

1337 903 1428 976 tem,
1454 891 1569 982 quam'
1584 890 1729 962 alteram
1748 897 2005 984 proponentem
2021 893 2193 964 maximos
2207 889 2325 967 hono·

1336 1015 1392 1062 res
1414 992 1451 1062 in
1472 989 1683 1088 Republica.
1750 991 1859 1084 Quod
1886 993 1958 1062 iam
1986 1017 2054 1065 usu
2085 997 2324 1090 comperisset,

1336 1109 1509 1186 quantum
1530 1096 1569 1163 in
1585 1095 1843 1184 gubernatione
1862 1095 2102 1186 periculorum
2123 1098 2190 1184 sit,
2214 1123 2322 1192 quam

1336 1219 1410 1264 non
1440 1199 1676 1286 respondeant
1719 1211 1865 1268 eventus
1895 1192 2061 1270 consiliis.
2127 1195 2324 1271 Aeschines

1336 1298 1482 1367 exulans
1495 1296 1616 1368 scribit
1626 1321 1663 1368 se
1678 1299 1846 1389 gratulari
1861 1298 1930 1370 sibi
1949 1301 2062 1374 otium
2079 1324 2196 1386 suum,
2222 1305 2321 1394 quod

1336 1413 1503 1492 tanquam
1525 1399 1697 1470 arabiosa
1717 1424 1823 1484 cane,
1848 1398 2038 1494 aReipub.
2064 1402 2322 1494 gubernatione

1334 1500 1504 1572 liberatus
1521 1501 1584 1570 sit:
1610 1515 1644 1572 ει
1657 1499 1760 1572 Plato
1778 1501 1957 1574 Socratem
1980 1517 2101 1576 narrat
2117 1503 2244 1595 fugisse
2258 1508 2323 1576 ad·

1334 1602 1633 1674 ministrationem
1646 1599 1800 1696 Reipub.
1826 1600 1989 1698 Denique
2010 1604 2102 1677 dieta
2122 1607 2323 1698 sapientum
2382 1637 2385 1644 ¹

1334 1717 1370 1776 et
1393 1706 1551 1797 exempla
1571 1719 1656 1777 sunt
1678 1705 1851 1798 plurima,
1900 1730 1991 1798 quae
2018 1722 2164 1781 monent
2189 1710 2324 1780 tutissi-

1334 1831 1432 1876 mum
1451 1831 1525 1877 esse
1541 1807 1652 1879 vitare
1667 1808 1787 1878 omnia
1803 1808 1943 1896 negotia
1958 1809 2121 1898 publica,
2145 1825 2179 1881 et
2193 1811 2322 1896 aliena,
2370 1879 2373 1886 .

1333 1931 1461 1997 magna
1478 1925 1511 1980 et
1526 1933 1654 2001 parva,
1680 1910 1833 2004 denique
1855 1912 1899 1978 de
1916 1910 2060 2000 privatis
2074 1909 2247 1982 sodalitiis
2267 1911 2325 1983 di-

1334 2010 1445 2082 citur:
1489 2007 1589 2080 Nulli
1612 2025 1646 2082 te
1667 2011 1775 2082 iacias
1804 2010 1912 2080 nimis
1938 2013 2116 2102 sodalem,
2153 2012 2324 2104 gaudebis

1335 2113 1474 2198 miuus,
1499 2126 1533 2183 et
1547 2114 1667 2183 miuus
1685 2113 1833 2184 dolebis.
1892 2135 1895 2142 ·

1435 2211 1570 2284 Contra
1592 2205 1899 2286 hanc'humauam
1929 2215 2137 2309 sapientiam
2165 2218 2323 2292 clamitat

1335 2311 1517 2386 Christus:
1543 2315 1605 2386 Me
1627 2329 1766 2408 oportet
1785 2319 1898 2388 iacere
1920 2343 2028 2413 opera
2051 2319 2147 2406 eius,
2181 2319 2244 2413 qui
2265 2345 2323 2392 me

1333 2417 1450 2498 misit,
1488 2419 1602 2488 donec
1624 2419 1699 2488 dics
1724 2432 1795 2505 est,
1828 2420 1865 2490 id
1890 2436 1959 2502 est,
1994 2422 2107 2493 donec
2133 2414 2220 2492 haee
2243 2444 2322 2494 mea

1334 2521 1471 2590 vocatio
1495 2521 1653 2591 sonantis
1678 2517 1865 2612 Evangelii
1896 2523 2019 2614 durat,
2067 2522 2118 2594 sie
2138 2521 2323 2614 Apostolis

1334 2621 1525 2713 praecipit,
1564 2636 1604 2693 ut
1629 2625 1797 2708 doceant,
1839 2648 1904 2693 nec
1927 2636 2086 2695 metuant
2105 2638 2257 2695 terrores
2281 2647 2327 2696 ae

1334 2724 1510 2818 pericula,
1541 2748 1606 2793 uec
1623 2725 1833 2816 frangantur
1848 2725 1997 2812 animis,
2022 2726 2157 2798 etiamsi
2176 2741 2323 2799 eventus

1336 2849 1408 2894 non
1432 2828 1648 2918 respondent
1669 2821 1836 2896 humanis
1860 2827 2103 2920 opinionibus.
2153 2827 2214 2900 Sic
2237 2827 2322 2898 Mo·

1334 2950 1387 2998 ses
1402 2923 1478 2997 Deo
1503 2927 1722 3021 obtemperat
1750 2931 1903 3000 educens
1925 2929 2113 3022 populum,
2146 2942 2180 3000 et
2207 2951 2323 3023 quan·

1334 3052 1440 3122 quam
1456 3029 1590 3099 instant
1605 3025 1734 3111 hostes,
1761 3047 1879 3102 tamen
1896 3031 1994 3101 iubet
2004 3029 2175 3122 populum
2192 3056 2320 3121 magno

1336 3132 1455 3201 animo
1471 3154 1562 3202 esse:
1591 3129 1700 3216 State,
1728 3133 1856 3224 iuquit,
1882 3133 1965 3225 quia
1984 3131 2151 3202 videbitis
2167 3130 2321 3222 gloriosa

1335 3255 1441 3324 opera
1456 3229 1538 3305 Dei.
1557 3315 1560 3322 Ι
1589 3230 1649 3303 Sic
1665 3230 1797 3302 Paulus
1814 3233 1932 3326 inquit
1945 3235 1988 3303 ad
2005 3229 2132 3324 Ephes.
2148 3229 2202 3304 5.:
2230 3231 2322 3304 Am·

1335 3334 1455 3403 bulate
1472 3333 1679 3423 diligenter,
1705 3358 1779 3403 non
1800 3348 1839 3405 ut
1855 3334 2082 3428 insipientes,
2115 3334 2174 3404 sed
2199 3347 2238 3406 ut
2264 3358 2321 3405 sa·

1336 3435 1492 3528 pientes,
1518 3435 1730 3507 redimentes
1745 3451 1902 3528 tempus,
1928 3437 2009 3530 quia
2033 3436 2109 3507 dies
2125 3437 2209 3507 mali
2226 3451 2320 3507 sunt.

1335 3538 1453 3609 Simul
1484 3538 1729 3629 complectitur
1749 3537 1883 3609 Paulus
1913 3539 2024 3630 ipsam
2047 3538 2323 3631 impedimento·
2378 3544 2387 3573 ⁸

1335 3664 1414 3710 rum
1435 3640 1676 3725 mentionem,
1709 3654 1743 3711 et
1768 3655 1885 3711 tamen
1908 3640 2005 3712 iubet
2028 3639 2102 3711 illis
2124 3664 2322 3734 repugnare

1336 3755 1421 3816 arte.
1472 3738 1557 3811 Dies
1575 3742 1657 3810 mali
1673 3754 1774 3829 sun't,
1799 3743 1835 3812 id
1854 3754 1923 3823 est,
1949 3742 1986 3810 in
2002 3736 2108 3813 huius
2124 3742 2216 3815 vitae
2231 3758 2322 3841 tern-

1337 3867 1420 3935 pore
1436 3844 1568 3913 multae
1585 3843 1810 3914 difficultates
1834 3843 2034 3934 impediunt
2050 3844 2143 3914 bona
2161 3844 2320 3930 consilia,

1337 3968 1462 4035 magna
1485 3944 1637 4035 pericula
1663 3947 1841 4042 deterrent
1867 3946 1997 4016 multos
2022 3950 2111 4015 bene
2135 3946 2319 4015 consulere

1334 4044 1490 4137 Reipub.
1540 4044 1776 4139 Quanquam,
1800 4046 1938 4140 inquit,
1961 4042 2047 4117 haec
2064 4048 2110 4118 ita
2135 4047 2242 4133 fiunt,
2267 4049 2322 4119 ιε’-

1335 4173 1418 4217 men
1439 4171 1515 4217 non
1536 4148 1738 4219 abiicienda·
1758 4164 1808 4221 est
1829 4149 2038 4241 gubernatio
2067 4173 2208 4237 rerum,
2245 4172 2321 4219 non

1335 4252 1553 4322 cessandum.
1777 4292 1784 4309 ·

1437 4349 1535 4441 Quid
1551 4351 1660 4443 igitur
1675 4352 1877 4423 laciendum
1895 4366 1963 4433 est,
1996 4352 2090 4423 dicet
2105 4349 2226 4437 Plato,
2258 4364 2320 4423 aut

1334 4451 1485 4539 similes,
1510 4478 1589 4524 rum
1604 4450 1695 4524 nihil
1711 4469 1771 4526 aut
1788 4479 1911 4546 parum
1930 4455 2098 4544 prolicere
2122 4452 2321 4545 possimus?

1333 4552 1542 4646 Respondet
1558 4550 1617 4626 hic
1631 4553 1812 4627 Christus:
1839 4550 1992 4649 Oportet
2008 4581 2063 4627 rue
2082 4554 2194 4625 iacere
2210 4576 2319 4643 opera

1334 4656 1428 4743 eius,
1452 4658 1515 4751 qui
1532 4658 1627 4730 misit
1642 4683 1718 4743 me,
1749 4659 1786 4727 id
1810 4671 1881 4740 est,
1914 4680 2020 4748 opera
2044 4678 2142 4725 meae
2162 4653 2320 4725 vocatio·

1335 4758 1410 4844 uis,
1442 4783 1503 4830 seu
1526 4760 1721 4845 missionis,
1747 4772 1781 4831 et
1807 4763 1838 4833 l.
1854 4752 2015 4831 Corinth.
2030 4756 2086 4828 ll:
2119 4754 2193 4826 Vae
2213 4750 2318 4842 mihi,

1334 4859 1362 4927 si
1395 4884 1468 4929 non
1501 4862 1804 4950 evangelizavero,
1857 4874 1893 4931 et
1928 4882 2030 4949 saepe
2059 4860 2103 4928 de
2134 4856 2319 4931 vocatione

1333 4962 1565 5053 praecipitur,
1590 4964 1633 5031 ad
1649 4960 1754 5033 Rom.
1773 4964 1828 5038 ta.
1851 4975 1887 5033 et
1901 4960 2006 5046 alibi,
2040 4972 2080 5031 ut
2101 4982 2199 5031 suam
2220 4960 2320 5053 quis·

1333 5088 1400 5155 que
1417 5064 1637 5133 vocationem
1653 5066 1840 5153 diligenter
1855 5064 1968 5147 obeat,
1992 5086 2057 5132 nec
2074 5062 2216 5133 obiiciat
2231 5084 2318 5146 eam,

1332 5176 1479 5256 propter
1508 5180 1677 5250 terrores,
1715 5166 1818 5250 odia,
1850 5164 2014 5249 iniurias,
2044 5160 2216 5257 pericula,
2255 5175 2317 5235 aut

307 5298 389 5353 serta
423 5265 682 5371 griberoalione
724 5292 860 5351 rerum,
915 5265 1129 5335 abdiderunt
1167 5287 1204 5335 se
1241 5264 1281 5333 iu
1335 5280 1482 5335 eventus
1497 5268 1625 5355 tristes.
1678 5264 1725 5339 Et
1742 5270 1785 5337 ad
1800 5263 1894 5338 hane
1909 5267 2107 5337 doctrinam
2132 5264 2317 5334 addendae

309 5384 428 5466 otium,
452 5393 488 5452 et
512 5387 737 5470 praeceptum
759 5370 985 5441 tradiderunt
1005 5362 1105 5437 λα’θε
1127 5358 1280 5459 βιώσας.
1333 5380 1415 5436 sunt
1432 5362 1499 5437 hae
1516 5370 1607 5438 duae
1625 5369 1903 5453 consolationes,
1928 5370 1996 5437 lide
2019 5365 2190 5437 auxilium
2206 5387 2225 5434 a
2239 5361 2316 5436 Deo

308 5478 552 5553 Demosthenes
570 5478 676 5548 etiarn
692 5472 780 5545 dirit
799 5494 922 5555 senex,
948 5492 1002 5553 se,
1025 5470 1056 5537 ri
1074 5468 1143 5537 iam
1160 5468 1281 5537 liceret
1334 5472 1589 5557 expectandum
1606 5494 1696 5555 esse,
1720 5487 1754 5543 et
1769 5472 1960 5563 sperandas
1975 5480 2122 5538 eventus
2135 5467 2316 5551 salutares,

313 5586 372 5654 sibi
394 5586 502 5655 libere
524 5582 568 5649 de
594 5600 655 5648 sua
679 5579 750 5645 vita
771 5588 942 5656 statuere,
977 5584 1162 5663 essentque
1188 5572 1279 5638 duae
1334 5569 1471 5638 etiamsi
1488 5595 1553 5639 nos
1567 5595 1639 5640 non
1656 5573 1771 5642 statim
1798 5570 1975 5642 cernimus
1997 5592 2056 5639 eos
2080 5569 2211 5639 nostris
2227 5591 2315 5637 ocu·

313 5688 392 5757 ritae
419 5682 636 5778 propositae,
678 5678 786 5747 altera
816 5675 859 5743 ad
884 5666 1214 5743 summoshooores
1240 5671 1279 5739 in
1332 5669 1387 5743 lis.
1445 5668 1547 5742 Sicut
1574 5671 1739 5744 Ieremias
1766 5675 1954 5744 consulens
1992 5696 2065 5742 rem
2093 5692 2240 5751 novam,
2280 5682 2316 5741 et

313 5782 437 5879 Repub.
460 5788 612 5863 ducens,
651 5780 759 5849 altera
781 5789 874 5846 recta
900 5776 943 5845 ad
970 5788 1139 5856 mortem,
1172 5772 1278 5841 malle
1330 5772 1622 5862 qrraevidebatur
1635 5776 1741 5845 exitio
1755 5776 1873 5845 sutura
1893 5774 1947 5843 illi
1963 5772 2125 5865 politiae,
2151 5769 2314 5842 videlicet

316 5910 386 5960 nor
401 5886 536 5981 ingredi
551 5886 646 5957 viam
662 5880 759 5953 illam
784 5892 878 5951 recta
903 5876 1089 5949 ducentem
1111 5876 1155 5947 ad
1180 5898 1277 5947 mar·
1329 5871 1547 5947 deditionem
1564 5890 1600 5949 et
1614 5877 1804 5967 auxilium,
1839 5890 1956 5949 tamen
1972 5873 2102 5948 sciebat
2117 5868 2184 5942 hoc
2198 5872 2313 5942 consi-
