5825 6950
315 743 356 813 st
712 741 798 824 xu.
850 735 1151 814 uuauuauo
1179 737 1229 810 ut
1256 733 1440 814 avano.
1468 735 1685 812 toauuts.
1737 736 1842 816 cae.
1870 739 1917 816 11.
2235 747 2335 818 ‘os
2381 697 2387 706 ’

315 917 369 999 sit,
392 923 425 981 et
441 909 588 996 vicerit,
613 924 655 982 ut
670 916 830 984 ostendat
846 936 883 981 se
898 911 1138 988 unctuosius
1153 910 1293 1002 pericu-
1345 910 1488 982 facienti
1511 910 1646 1004 aliquid
1672 911 1747 981 siue
1771 911 1971 999 vocatione,
2005 925 2066 984 aut
2089 913 2255 987 servienti
2281 931 2334 988 te·

317 1019 370 1099 lis,
394 1026 427 1084 et
441 1015 519 1082 fore
532 1014 716 1085 victorem.
1346 1015 1519 1084 merariae
1543 1013 1749 1104 cupiditati,
1785 1038 1859 1085 non
1881 1015 2026 1085 utilitati
2047 1014 2244 1099 Ecclesiae,
2271 1041 2334 1088 seu

404 1112 456 1185 Ac
478 1115 694 1188 tentationes
708 1115 804 1207 ipsae
820 1117 976 1208 pericula
992 1110 1171 1185 Ecclesiae
1191 1137 1294 1205 prae·
1345 1116 1511 1212 proximi.
1563 1114 1716 1186 Deiicias
1733 1129 1788 1201 tc,
1813 1116 1949 1212 inquit,
1976 1117 2058 1211 quia
2077 1121 2332 1212 scriptumest:

316 1221 406 1309 cipue
427 1217 628 1289 continent.
680 1217 842 1288 Primum
861 1232 911 1289 est
925 1220 969 1287 de
983 1219 1160 1309 corporali
1177 1239 1293 1310 perse·
1344 1215 1427 1287 Non
1449 1218 1606 1288 offendes
1629 1219 1673 1288 ad
1697 1218 1850 1311 lapidem
1873 1220 1999 1313 pedem
2021 1235 2134 1296 tuum.
2185 1221 2261 1293 Hac
2279 1245 2335 1292 sa-

254 1402 255 1405 ,
317 1320 465 1404 cutione,
488 1319 635 1410 inopia,
664 1321 772 1405 lame,
804 1321 937 1404 exiliis,
969 1342 1065 1393 nece.
1116 1316 1195 1389 Hoc
1219 1319 1294 1410 pri·
1345 1319 1500 1408 pientiae
1531 1321 1723 1402 tentatione
1745 1321 1881 1393 duriter
1905 1336 2066 1414 quassata
2091 1337 2141 1394 cst
2165 1319 2333 1411 Ecclesia,

317 1446 400 1492 mom
419 1421 522 1510 angit
543 1422 706 1492 omniurn
723 1423 871 1492 animos.
930 1421 969 1492 Si
990 1422 1087 1491 voles
1109 1418 1185 1490 Deo
1208 1422 1294 1490 obe·
1344 1424 1467 1492 sedent
1484 1425 1645 1494 doctores
1661 1423 1700 1491 in
1716 1424 1870 1493 culmine
1887 1425 2021 1515 templi,
2046 1439 2079 1496 et
2096 1425 2177 1518 quia
2190 1435 2339 1519 persua-³

320 1526 396 1608 dire,
419 1523 594 1614 amplecti
611 1521 861 1615 Evangelium,
885 1525 955 1593 erit
974 1524 1120 1593 serenda
1141 1547 1292 1618 pauper·
1344 1524 1482 1594 sionem
1504 1525 1715 1615 sapientiae,
1741 1527 1785 1595 de
1808 1549 1844 1596 se
1860 1527 2081 1616 magnificam
2097 1523 2246 1614 habent,
2272 1533 2335 1598 de-

327 1641 378 1709 tes,
399 1624 569 1715 patienda
592 1625 676 1695 odia
697 1640 902 1718 potentum,
935 1627 1119 1697 subeunda
1142 1625 1292 1696 saevitia
1345 1625 1470 1698 iiciunt
1500 1649 1552 1709 se,
1578 1627 1624 1721 ,td
1655 1642 1723 1708 εει,
1757 1641 1933 1699 ostentant
1964 1629 2097 1726 populo
2120 1654 2200 1702 suas
2225 1631 2335 1701 bellas

325 1729 526 1818 principum,
558 1729 726 1797 miserere
748 1729 882 1798 errabis
902 1728 979 1797 sinc
1001 1721 1127 1813 dom'o,
1152 1741 1213 1798 aut
1235 1729 1293 1795 in·
1344 1726 1634 1818 imaginationes,
1661 1729 1737 1800 sine
1752 1732 1868 1800 'verbo
1893 1744 1929 1801 et
1950 1731 2026 1798 sine
2049 1732 2232 1801 vocatione
2248 1757 2334 1802 con-

323 1831 495 1902 tcdicicris.
553 1826 650 1900 Haec
672 1826 825 1900 humana
845 1843 972 1900 natura
995 1853 1059 1922 per
1079 1853 1153 1899 sese
1167 1829 1293 1898 formi-
1344 1830 1460 1915 fictas,
1496 1846 1536 1902 ut
1565 1832 1648 1924 quia
1680 1829 1910 1902 Samoseteno
1940 1832 2053 1922 placet
2079 1835 2257 1904 cavillatio
2290 1837 2334 1905 dc

320 1933 381 2016 dat,
402 1945 437 2001 et
449 1929 620 2002 diabolus
635 1932 759 2004 obiicit
771 1932 992 2011 occasiones,
1017 1945 1058 2003 ut
1080 1927 1136 2002 his
1159 1932 1297 2022 cogita·¹
1345 1935 1474 2016 verbo,
1507 1957 1568 2004 seu
1599 1925 1720 2032 λόγῳ,
1755 1957 1861 2028 quam
1884 1933 2006 2014 finxit,
2037 1937 2170 2030 spargit
2196 1961 2271 2005 eam
2295 1937 2334 2006 in

321 2034 459 2104 tionibus
474 2027 721 2106 vehementius
738 2034 876 2105 animos
892 2033 1080 2104 concutiat.
1131 2030 1293 2103 Haecest
1343 2036 1535 2126 populum,
1570 2035 1754 2106 discedens
1780 2060 1799 2107 a
1824 2050 1990 2128 perpetua
2012 2038 2184 2108 sententia
2209 2050 2335 2123 textus,

322 2160 436 2205 somma
450 2136 662 2207 verborum:
690 2136 838 2207 Sifilius
852 2135 920 2206 Dei
937 2159 992 2220 es,
1013 2137 1091 2219 dic,
1117 2148 1157 2206 ut
1178 2131 1217 2204 bi
1239 2136 1292 2204 la·
1345 2133 1444 2208 loan.
1474 2139 1508 2209 1.
1563 2135 1622 2208 Sic
1644 2141 1870 2209 commodum
1897 2137 2012 2208 visum
2029 2151 2080 2207 est
2105 2139 2332 2229 pontificibus

323 2237 502 2327 pidesbant
525 2260 658 2328 panes,
683 2237 719 2307 id
743 2252 811 2323 est,
844 2239 926 2310 sies
942 2240 1023 2310 Deo
1047 2261 1171 2316 curae,
1195 2239 1292 2308 unde
1344 2242 1496 2309 condere
1517 2238 1609 2330 leges
1625 2242 1670 2308 de
1686 2241 1840 2310 cultibus
1857 2253 1891 2310 ct
1907 2239 2094 2310 coelibatu.
2146 2239 2236 2310 Nam
2256 2265 2335 2334 spe·-

325 2339 502 2410 eictitabis?
527 2363 617 2409 num
640 2365 681 2412 ex
696 2341 902 2431 lapidibus?
941 2337 1075 2433 Estque
1096 2362 1292 2410 sarcasmus
1344 2341 1437 2411 ciosa
1461 2365 1517 2411 res
1539 2355 1590 2411 est
1606 2341 1666 2410 ille
1683 2341 1962 2412 ceremoniarum
1979 2344 2089 2426 ordo,
2117 2357 2150 2414 et
2166 2366 2332 2435 persona-

332 2441 444 2510 diaboli
458 2441 644 2514 irridentis
666 2438 871 2522 Christum,
891 2443 1042 2512 ‘scilicet
1063 2442 1200 2532 egregie
1227 2466 1291 2510 vo·
1344 2465 1423 2513 rum
1447 2445 1589 2533 gradus.
1643 2441 1727 2515 ldeo
1752 2439 1838 2514 haec
1865 2445 1942 2512 sine
1966 2443 2173 2534 vocatione,
2200 2460 2233 2514 et
2258 2447 2335 2515 sine

335 2544 446 2610 bissum
465 2544 601 2634 agitur,
641 2543 673 2613 si
696 2544 827 2637 putatis
848 2568 911 2614 vos
938 2544 1071 2614 servire
1095 2542 1189 2630 Deo,
1228 2565 1291 2612 vos
1343 2547 1452 2614 verbo
1476 2546 1636 2616 instituta
1662 2558 1758 2617 sunt.
1808 2545 1930 2616 Placet
1952 2546 2171 2638 sapientibus
2195 2547 2332 2616 virisin

327 2645 478 2714 moeblios
493 2645 584 2731 Dei,
610 2647 693 2740 qui,
718 2648 748 2716 si
765 2670 828 2716 vos
842 2660 999 2732 curaret,
1021 2669 1100 2716 non
1117 2647 1290 2716 concede-
1343 2645 1454 2718 lsrae'l
1481 2672 1600 2717 creare
1619 2671 1755 2738 regem,
1787 2641 1942 2718 habeant
1964 2661 2098 2718 certum
2121 2651 2266 2732 ducem,
2299 2663 2334 2720 ει

321 2748 585 2839 rcttyrannisin
609 2772 672 2819 vos
695 2770 856 2819 exercerc
877 2747 1077 2833 saevitiam,
1103 2771 1178 2818 non
1195 2748 1290 2819 sine·
1342 2750 1583 2830 defensorem,
1622 2773 1721 2820 more
1752 2750 1902 2820 aliarum
1930 2749 2100 2838 gentium.
2170 2747 2221 2819 lta
2252 2775 2333 2820 cum

318 2863 359 2915 rct
373 2873 452 2930 vos,
476 2863 615 2920 vestros
630 2849 762 2920 liberos
774 2851 867 2920 fame
882 2851 1022 2940 necari,
1048 2851 1290 2922 crudelissime
1342 2848 1507 2922 homines
1527 2852 1738 2922 naturaliter
1760 2852 1983 2923 delectentur
1999 2875 2062 2922 sua
2081 2851 2274 2944 sapientia,
2300 2865 2335 2921 et

316 2947 461 3022 interfici.
516 2948 568 3022 lta
584 2951 749 3022 diabolus
773 2965 954 3044 oppugnat
969 2966 1003 3022 ct
1017 2951 1174 3025 concutit
1189 2977 1290 3023 men·
1344 2967 1517 3048 quaerant
1544 2954 1799 3024 concinnitates
1829 2954 1870 3022 in
1895 2955 2004 3022 verbo
2027 2953 2096 3022 Dei
2119 2954 2334 3044 plausibiles.

313 3065 368 3136 tes,
391 3052 571 3123 obiicicns
594 3053 823 3142 cogitationes
840 3055 885 3123 dc
909 3055 1151 3153 providentia,
1163 3069 1211 3147 ,et
1226 3057 1291 3124 ad·
1344 3056 1432 3128 ltem
1449 3081 1530 3127 curn
1549 3080 1673 3126 omues
1688 3057 1798 3126 simus
1814 3056 2024 3125 naturaliter
2039 3051 2270 3150 φιλαρχικοὶ,
2298 3070 2335 3127 ει

310 3155 429 3222 ducens
448 3155 489 3222 in
507 3153 786 3243 dubitationem,
811 3179 858 3226 an
875 3154 971 3227 Deus
985 3157 1077 3228 adsit
1092 3159 1209 3238 nobis,
1234 3159 1290 3228 iu·
1343 3158 1455 3228 multa
1478 3158 1664 3244 ordinare,
1700 3172 1735 3229 et
1758 3157 1971 3228 constituere
1995 3159 2196 3248 cupiamus,
2222 3157 2333 3228 multa

309 3270 370 3339 vet,
394 3269 501 3326 curet
517 3279 595 3330 nos.
1343 3274 1439 3329 extra
1461 3260 1701 3340 vocatiouem,
1729 3272 1763 3328 et
1785 3259 1861 3326 siue
1878 3261 1986 3327 verbo
2004 3259 2169 3327 audacter
2185 3259 2333 3351 suscipi-

391 3356 498 3428 Haec
519 3359 657 3428 diaboli
682 3359 750 3430 tela
774 3355 938 3431 Christus
968 3359 1098 3452 excipit
1127 3361 1290 3452 opposito
1343 3385 1441 3447 mus,
1468 3357 1622 3454 horest,
1650 3383 1686 3430 se
1704 3359 1854 3429 deiicere
1869 3361 1913 3428 de
1931 3359 2088 3429 culmine
2103 3361 2239 3451 templi.

306 3461 439 3555 clypeo,
466 3485 509 3530 ac
523 3462 645 3546 docet,
670 3463 774 3556 quale
790 3463 835 3534 sit
851 3457 918 3532 hoc
937 3485 1051 3552 genus
1074 3486 1230 3555 pugnae,
1257 3478 1289 3534 et
1443 3459 1515 3549 Hic
1537 3486 1659 3532 rursus
1675 3461 1824 3554 opponit
1840 3457 2003 3533 Christus
2018 3461 2150 3532 dictum
2165 3462 2333 3552 gravissi-

304 3564 479 3655 qnomodo
501 3564 699 3635 vincendus
721 3565 766 3635 sit
791 3560 849 3633 hic
873 3561 1002 3650 hostis,
1043 3570 1223 3659 quomodo
1246 3567 1291 3634 de
1343 3590 1458 3635 mum:
1485 3564 1567 3635 Non
1594 3564 1745 3635 tentabis
1771 3565 1957 3635 dominum
1971 3562 2086 3633 Deum
2102 3578 2215 3637 tuum.
2268 3561 2333 3635 Est

304 3666 481 3737 voluntate
496 3665 564 3737 Dei
578 3668 809 3737 iudicandum
829 3669 885 3742 sit.
936 3667 1019 3737 Non
1035 3670 1113 3738 solo
1128 3693 1219 3758 pane
1236 3669 1290 3737 vi·
1343 3669 1438 3736 enim
1464 3681 1599 3738 tentare
1615 3664 1731 3737 Deum
1755 3668 1901 3759 proprie
1919 3679 2051 3736 certare
2068 3690 2147 3737 cum
2164 3664 2262 3755 Deo,
2290 3668 2331 3735 fi-

305 3763 501 3853 cithomo,
525 3769 587 3838 sed
609 3770 708 3840 omui
732 3771 839 3838 verbo
865 3770 960 3862 quod
986 3770 1144 3860 procedit
1164 3794 1205 3839 ex
1228 3795 1289 3840 ore
1342 3772 1446 3841 ducia
1473 3770 1635 3860 propriae
1656 3769 1866 3860 sapientiae,
1900 3768 2079 3848 iusticiae,
2104 3782 2165 3838 aut
2189 3769 2332 3851 virium,

302 3864 369 3943 Ilei.
431 3864 493 3941 Ex
527 3866 595 3940 hac
630 3872 860 3961 responsione
899 3872 1136 3942 animadverti
1165 3886 1289 3965 potest,
1343 3886 1377 3943 ct
1391 3866 1456 3941 hac
1472 3872 1599 3941 fiducia
1616 3872 1794 3941 discedere
1811 3896 1829 3941 a
1848 3873 1957 3940 verbo
1969 3871 2058 3949 Dei,
2094 3884 2128 3941 et
2146 3870 2331 3938 vocatione

254 4047 255 4058 ἵ
302 3974 485 4064 praecipue
507 3967 601 4042 hauc
624 3975 732 4045 luisse
754 3974 1038 4055 dimicationem,
1072 3998 1178 4067 quam
1203 3976 1289 4055 dixi,
1342 3998 1404 4044 seu
1428 3974 1654 4045 ordinatione
1672 3974 1755 4045 Dei.
1808 3970 1869 4043 Sic
1891 3985 2034 4061 peccant
2059 3992 2183 4039 omnes
2205 3966 2330 4041 haere-

300 4078 337 4141 de
361 4074 589 4145 defensione.
652 4072 860 4168 Respondet
894 4075 1002 4163 igitur
1032 4070 1212 4163 Christus,
1252 4100 1289 4146 se
1342 4076 1421 4155 tici,
1454 4076 1504 4145 sic
1529 4088 1673 4166 peccant
1697 4090 1835 4145 autores
1859 4097 2034 4142 uovorum
2058 4072 2239 4163 cultuum,
2266 4074 2330 4165 qui

301 4178 463 4247 muniens
475 4191 512 4247 et
527 4176 743 4247 confirmans
758 4178 868 4247 verbo
890 4174 971 4249 Dei.
1024 4174 1120 4247 Hinc
1142 4193 1289 4250 testatur
1341 4178 1561 4249 discedentes
1582 4204 1600 4247 a
1619 4178 1727 4247 verbo
1740 4176 1825 4259 Dei,
1846 4174 2035 4264 imaginati
2050 4188 2135 4244 sunt
2153 4173 2329 4245 Monasti-

302 4282 488 4350 ediscere
510 4279 730 4351 voluntatem
752 4277 840 4359 Dei,
882 4279 944 4372 qui
971 4280 1151 4375 pollicitus
1173 4295 1225 4351 est
1251 4304 1288 4351 se
1342 4303 1407 4349 cen
1424 4302 1499 4348 esse
1513 4303 1588 4347 rem
1604 4280 1798 4369 insignem,
1825 4302 1915 4372 quae
1930 4277 2009 4368 plus
2024 4278 2118 4366 apud
2135 4272 2249 4347 Deum
2268 4300 2329 4345 va-

305 4382 503 4453 adlotnrum
532 4404 606 4452 esse
625 4378 810 4453 Ecclesiae.
871 4380 978 4451 Vivet
1000 4380 1109 4471 igitur
1129 4381 1287 4453 Ecclesia
1339 4382 1448 4452 litura
1481 4395 1586 4467 esset,
1617 4404 1723 4475 quam
1751 4401 1857 4471 opera
1886 4379 2085 4448 communis
2117 4378 2219 4451 vitae.
2270 4376 2330 4447 Sic

309 4478 494 4555 ethabebit
509 4482 662 4567 victum,
685 4484 947 4563 defensionem,
973 4484 1109 4553 etiamsi
1131 4479 1286 4555 humana
1340 4482 1497 4575 peccavit
1517 4480 1669 4574 populus
1684 4481 1796 4551 lsraiil
1819 4504 1879 4550 sua
1903 4480 2096 4571 sapientia,
2121 4502 2238 4567 regem
2262 4477 2329 4547 lla·

305 4606 357 4673 ope
375 4582 630 4657 destituimur.
687 4581 801 4670 Mihi,
833 4586 971 4679 iuquit,
1004 4584 1089 4655 satis
1113 4600 1165 4656 est
1187 4589 1287 4680 sequi
1339 4586 1474 4675 gitans,
1501 4608 1581 4654 cum
1598 4585 1687 4653 scire
1703 4584 1847 4654 deberet
1865 4584 1903 4652 in
1922 4582 2054 4675 populo
2073 4582 2144 4649 Dei
2162 4602 2235 4651 non
2254 4604 2328 4651 esse

299 4689 444 4759 verbum
458 4682 548 4769 Dei,
569 4687 808 4772 vocationem,
832 4690 1059 4773 mandatum,
1086 4701 1120 4759 ει
1135 4690 1286 4779 promis·
1339 4687 1623 4757 constituendam
1646 4687 1797 4756 sormam
1820 4685 1983 4775 politiae,
2014 4682 2091 4751 sine
2112 4682 2207 4752 claro
2225 4698 2328 4752 man-

296 4789 451 4867 sionem,
476 4810 600 4857 curam
615 4788 748 4874 victus,
772 4790 1001 4875 defensionis,
1027 4804 1194 4860 eventum
1210 4790 1285 4861 Deo
1339 4793 1422 4859 dato
1439 4786 1527 4873 Dei,
1551 4802 1587 4858 et
1602 4788 1716 4859 Deum
1740 4788 1853 4874 velle,
1875 4800 1915 4887 ut
1937 4786 1982 4855 ab
2000 4809 2041 4854 eo
2057 4784 2328 4875 ipsodescnsio-

294 4892 530 4974 commendo,
561 4902 599 4961 et
617 4884 704 4960 haec
725 4892 756 4959 si
778 4892 913 4973 fecero,
941 4892 1072 4965 vivam.
1123 4890 1286 4962 Vivimus
1338 4914 1421 4961 nem
1438 4903 1645 4982 expectaret.

292 4992 379 5061 enim
406 4992 646 5077 mirabiliter,
683 4992 761 5063 Deo
793 5016 859 5063 nos
890 5007 1120 5066 sustentante.
1186 4994 1284 5065 Sicut
1440 4990 1564 5062 Tertia
1594 4992 1741 5061 tentatio
1766 5002 1817 5059 est
1837 4988 1948 5078 magis
1970 4983 2148 5059 horrenda
2171 4986 2326 5070 caeteris,

293 5094 404 5187 iuquit
419 5092 560 5165 Psalm.
574 5094 629 5164 4.:
655 5093 790 5167 Scitote
804 5100 900 5189 quod
915 5093 1011 5166 Deus
1026 5096 1189 5167 mirificat
1203 5119 1285 5165 san·
1339 5091 1505 5165 diabolus
1527 5092 1758 5185 impudenter
1784 5092 1937 5183 postulat
1960 5115 1996 5160 se
2018 5090 2177 5172 adorari,
2204 5101 2237 5157 et
2259 5111 2324 5178 pro

289 5209 382 5267 ειωιι
406 5220 538 5282 sunm,
562 5196 693 5278 idest,
726 5196 952 5269 mirabilibus
975 5198 1091 5267 modis
1111 5199 1219 5286 regit,
1246 5222 1287 5268 ac
1338 5190 1407 5264 boc
1428 5194 1546 5265 officio
1567 5196 1742 5287 promittit
1765 5194 1911 5284 imperia
1935 5193 2073 5261 mundi.
2131 5188 2204 5259 Nec
2228 5189 2324 5277 cogi-

292 5298 462 5371 liberat..
1339 5299 1489 5367 tandum
1523 5310 1574 5367 est
1602 5298 1709 5367 fuisse
1738 5291 1806 5365 hoc
1827 5295 1906 5364 leve
1927 5307 2111 5364 certamen.
2180 5286 2325 5361 offudit

387 5398 566 5472 caeterae
577 5400 792 5471 tentationes
814 5414 899 5472 sunt
921 5400 1034 5490 magis
1056 5421 1224 5486 arcanae,
1251 5414 1286 5471 et
1338 5399 1393 5467 illi
1413 5398 1605 5489 praestanti
1621 5399 1718 5481 viro,
1745 5409 1917 5491 quantum
1935 5394 2103 5465 decussit
2121 5392 2321 5483 imperium,

291 5524 352 5571 nos
368 5503 502 5573 crassis
516 5502 771 5595 cupiditatibus
786 5503 946 5593 occupati
960 5526 1035 5572 non
1052 5502 1285 5591 intelligimus
1338 5514 1511 5595 quantum
1535 5500 1610 5592 ipse
1633 5494 1795 5571 Christus
1818 5498 1960 5587 ingenio
1976 5510 2011 5566 et
2027 5496 2157 5564 virtute
2170 5493 2322 5563 antecel-

291 5604 347 5673 illa
371 5628 507 5673 amana
529 5606 720 5674 certamina
753 5605 947 5704 sapientiae
967 5619 1003 5676 et
1025 5605 1168 5696 gloriae.
1220 5602 1285 5675 Se-
1336 5603 1389 5672 lat
1410 5602 1579 5673 omnibus
1600 5602 1770 5696 regibus„
1805 5598 1930 5668 Talem
1947 5598 2063 5667 virum
2082 5596 2230 5686 dignum
2249 5617 2322 5663 esse

291 5708 406 5775 cunda
421 5706 573 5776 tentatio
588 5722 639 5777 cst
658 5710 703 5777 de
717 5706 891 5798 sapientia
913 5718 947 5775 et
971 5709 1016 5775 dc
1040 5706 1162 5797 gloria.
1215 5700 1285 5775 Oi·
1337 5698 1566 5792 monarchia,
1628 5703 1733 5771 talem
1777 5701 1973 5793 principem
2014 5700 2090 5767 fore
2132 5695 2320 5767 salutarem

290 5808 411 5877 tundit
440 5806 607 5878 diabolus
630 5804 775 5880 Christo
805 5806 1070 5897 cogitationem,
1103 5808 1283 5901 quomodo
1336 5808 1484 5879 mundo.
1537 5803 1654 5893 Quid,
1681 5806 1775 5896 quod
1793 5800 1945 5873 Messias
1965 5798 2137 5891 promissa
2153 5798 2199 5867 sit
2216 5820 2317 5863 mun-

290 5906 364 5979 llco
389 5932 499 5981 curae
519 5910 588 5997 sit,
613 5933 701 5981 num
727 5912 778 5981 sic
801 5911 931 5996 etiam,
967 5924 1007 5981 ut
1027 5911 1216 5982 adiuturus
1237 5910 1284 5981 sit
1335 5908 1373 5977 di
1404 5901 1629 5978 haereditas?
1679 5906 1779 5979 Haec
1806 5921 1840 5976 et
1863 5903 1932 5973 alia
1953 5902 2062 5970 motta
2087 5898 2216 5969 obiecit
2241 5897 2319 5965 dia-
