5825 6950
308 724 393 801 su
713 704 800 806 int
851 718 1155 801 nutantum
1193 721 1245 801 nv
1276 719 1701 803 uvanuroautvts.
1749 720 1967 800 caunu-
2290 732 2368 807 su

310 900 446 983 inrue,
474 894 1099 993 negasneocptosuntnic'con
1113 898 1214 971 leret.
1266 894 1317 969 Es
1367 895 2362 986 A‘itenlntmtl'ructumieratis,ctlructusvestermaneat.
2408 921 2410 934 ·

309 1000 571 1083 concionator,
596 1003 736 1086 doctor,
763 996 1013 1086 schohsticus,
1048 999 1136 1071 soito
1157 1002 1312 1071 iunctio·
1368 998 1539 1091 Angcris,
1574 1000 1772 1097 quomodo
1793 1012 1929 1071 tautam
1953 1001 2230 1093 molem,rcrum
2255 1006 2363 1077 susti-

310 1126 397 1175 uem
415 1100 497 1174 Deo
524 1104 682 1195 placore,
715 1102 948 1175 manationi
974 1116 1055 1174 tusc
1077 1104 1312 1194 obtemperas,
1365 1125 1453 1172 nere
1482 1104 1675 1195 possimus,
1719 1102 1911 1195 pollicetur
1937 1104 2130 1175 auxilium:
2178 1102 2363 1202 Quicquid
2442 1146 2447 1159 ·

311 1220 344 1278 et
360 1205 538 1277 salutaria
550 1207 674 1291 doces,
697 1219 761 1276 aut
777 1206 903 1291 discis,
938 1218 972 1275 et
993 1226 1196 1297 quanquam
1218 1206 1313 1275 mul·
1367 1204 1538 1297 petieritis
1565 1220 1701 1297 patrem
1733 1205 1770 1273 iu
1801 1205 1948 1275 nominc
1978 1230 2076 1292 meu,
2118 1207 2218 1279 dabit
2246 1210 2362 1285 vobit.

310 1324 365 1381 tae
380 1306 615 1381 difficultates
629 1309 832 1401 impediunt
848 1328 992 1379 cursum
1010 1319 1131 1391 tuum,
1157 1320 1192 1378 et
1212 1308 1311 1376 vide·-
1365 1308 1519 1397 Angerls
1535 1310 1579 1378 de
1596 1301 1819 1393 defensione,
1845 1308 1920 1400 ipse
1935 1306 2087 1380 affirmat
2099 1330 2136 1379 sc
2150 1331 2223 1381 nou
2239 1312 2363 1383 deser·

311 1412 360 1481 ris
375 1432 511 1503 perum
536 1410 727 1501 proficere,
757 1423 877 1481 tamen
900 1411 971 1480 fids
991 1421 1036 1478 ct»
1047 1408 1229 1499 agnitione
1247 1410 1311 1479 lilii
1363 1423 1485 1480 turum
1503 1430 1577 1481 esse
1592 1407 1805 1481 Ecclesiam:
1831 1408 1914 1481 Nou
1928 1407 2130 1510 relinquam
2145 1435 2210 1482 vos
2227 1410 2361 1505 orpha-

310 1510 378 1585 net
410 1525 517 1603 petas
545 1526 587 1585 ut
612 1512 812 1599 adiuveris,
844 1524 878 1583 et
909 1534 984 1583 noa
1004 1507 1148 1581 dubites
1171 1512 1322 1605 labores,
1362 1533 1442 1582 nos.
1503 1512 1612 1585 ltem:
1646 1508 1762 1609 Ecce,
1787 1532 1852 1603 ego
1878 1511 2061 1583 vobiscum
2079 1534 2287 1609 sumusque
2312 1518 2360 1587 a'd

316 1629 397 1687 tuos
423 1614 518 1695 tibi,
558 1628 593 1685 et
621 1616 703 1687 aliis
732 1616 902 1685 salutares
924 1616 1012 1687 iore.
1074 1612 1187 1707 ldquc
1208 1636 1310 1707 saepe
1359 1617 1703 1689 consummationem
1736 1615 1856 1688 seculi.
1923 1611 2016 1685 Cum
2048 1616 2159 1705 igitur
2190 1618 2359 1689 omuibus

319 1714 513 1789 ostendunt
535 1732 683 1788 eventus
705 1714 745 1786 ln
768 1718 980 1809 praesentia.
1031 1714 1215 1787 Viderunt
1235 1714 1310 1787 Da·
1361 1717 1560 1787 terroribus
1591 1728 1749 1810 opponat
1780 1716 2042 1789 consolationes
2069 1717 2292 1791 dulelssimas
2323 1708 2370 1792 ct

320 1820 397 1899 vid,
422 1818 568 1904 Esaias,
599 1818 748 1906 Daniel,
781 1833 817 1889 ot
838 1815 902 1890 alii
923 1814 1088 1890 multila
1110 1818 1309 1911 praeseutia
1361 1818 1600 1907 firmissimas,
1640 1838 1742 1909 saepe
1764 1840 1822 1889 eas
1844 1819 2130 1905 consideremus,
2163 1834 2203 1893 ut
2230 1841 2295 1892 nos
2317 1822 2357 1893 ln

316 1944 395 1992 snos
412 1921 559 1991 labores
573 1923 694 1992 multis
719 1924 901 2013 prodesse,
934 1921 1101 1992 Ieremias
1123 1946 1197 1991 non
1219 1920 1310 1992 vidit
1361 1915 1419 1991 tus
1444 1920 1595 1991 assiduis
1619 1921 1804 2015 periculis,
1839 1942 1930 2015 quae
1953 1912 2142 1991 coniuncta
2167 1936 2250 1994 sunt
2274 1942 2356 2016 cum
2443 1918 2450 1933 ⁸

311 2024 472 2095 reditum
488 2025 626 2116 populi,
642 2022 704 2094 se'd
718 2038 842 2097 tamen
857 2020 989 2095 serebat
1004 2022 1309 2096 consiliumsuum
1359 2019 1549 2113 Evangelii
1566 2022 1784 2116 professione
1803 2024 2030 2109 confirment,
2056 2036 2091 2094 et
2115 2044 2235 2094 earum
2258 2018 2357 2115 cugl-

308 2128 395 2197 lelix
411 2140 448 2196 et
465 2127 620 2197 salutare
635 2146 710 2197 esse
724 2141 758 2199 et
769 2127 847 2197 lore
859 2128 928 2196 toti
941 2122 1121 2196 Ecclesiae
1135 2123 1215 2201 Dei.
1359 2126 1495 2195 tatione
1511 2126 1615 2196 fidem
1635 2138 1668 2198 et
1683 2126 1849 2197 fiduciam
1867 2121 2003 2197 Christi
2026 2125 2066 2195 in
2087 2126 2193 2197 n'obis
2217 2130 2354 2201 exusci-

415 2224 474 2299 Λα
489 2230 615 2319 infigas
629 2229 765 2301 intimis
782 2229 944 2299 sensibus
966 2229 1101 2313 anion,
1127 2230 1225 2322 quod
1248 2228 1308 2299 di·
1356 2237 1488 2300 temus.

312 2344 406 2403 secte
428 2329 530 2401 addit
556 2326 721 2403 Christus
744 2326 814 2401 boc
836 2331 931 2401 locos
963 2326 1015 2401 Et
1032 2332 1174 2403 tructus
1192 2344 1308 2402 vester

316 2445 467 2505 maneat.
518 2431 601 2502 Non
619 2434 736 2503 solum
752 2433 878 2521 exiguo
900 2447 1059 2523 tempore
1080 2446 1231 2525 prosunt
1255 2433 1306 2503 la·

321 2536 427 2604 bores
439 2534 580 2631 piorum
594 2534 842 2605 ministrorum
858 2535 896 2605 iu
914 2530 1092 2616 Ecclesia,
1126 2537 1308 2624 utexigue
1462 2530 1576 2607 Addit
1592 2535 1969 2605 consolationesasuo
1987 2536 2164 2626 exemplo:
2200 2534 2283 2607 Nun
2302 2551 2354 2611 cst

320 2650 473 2727 ternpore
502 2650 656 2726 prosunt
684 2638 822 2707 labores
854 2635 1035 2729 Scipionis
1060 2650 1121 2709 sut
1143 2636 1308 2729 Augusti,
1358 2658 1485 2709 maus
1508 2639 1623 2709 maior
1636 2638 1793 2711 Domino
1819 2660 1901 2708 suo:
1934 2634 2011 2725 Ego
2035 2637 2190 2708 sustinui
2215 2640 2296 2709 odia
2319 2655 2354 2711 et

315 2740 376 2833 qui
391 2738 538 2831 politiae
552 2762 635 2809 suas
649 2741 903 2824 delendemnt,
915 2755 950 2812 et
965 2738 1117 2811 feliciter
1131 2754 1309 2825 rexerunt,
1360 2736 1528 2831 pericula.
1580 2735 1713 2813 Scitote
1729 2741 1837 2830 igitur
1851 2752 1884 2809 ct
1899 2740 2005 2815 nonis
2020 2742 2224 2811 stistineuda
2242 2755 2277 2813 ct
2296 2752 2354 2811 tu·

314 2864 403 2935 quac
427 2843 476 2909 ad
502 2853 641 2932 tempus
661 2854 884 2913 manserunt:
923 2844 985 2911 sed
1014 2845 1149 2914 aeterni
1171 2845 1308 2913 lructus
1360 2844 1506 2913 leranda
1525 2861 1616 2928 esse,
1630 2866 1694 2913 nce
1711 2844 1921 2931 lrangautuc
1937 2842 2049 2911 aulmi
2065 2843 2190 2922 vestri,
2215 2844 2352 2915 etiamsi

313 2956 397 3013 sunt
418 2944 647 3028 docentium,
673 2944 736 3037 qui
760 2944 934 3034 eolligunt
949 2942 1027 3015 Dco
1047 2958 1226 3015 aeternam
1239 2944 1309 3013 Ec-
1361 2969 1434 3015 non
1452 2968 1578 3015 omnes
1593 2946 1851 3036 amplectentur
1865 2942 2197 3034 Evangelium,ncc
2213 2965 2268 3014 me
2285 2947 2351 3015 do·-

314 3046 479 3127 cloiam,
494 3058 531 3116 et
547 3061 723 3117 ornantur
740 3045 807 3135 ipsi
822 3047 977 3118 aeternis
991 3048 1168 3138 praemiis.
1193 3046 1307 3119 Nemo
1359 3062 1460 3142 cente
1476 3070 1599 3117 omncs
1618 3047 1770 3138 amplexi
1787 3059 1892 3131 sunt,
1919 3070 2036 3118 meum
2060 3070 2202 3117 cursum
2231 3047 2351 3119 imite-

313 3144 507 3219 Romatio
534 3161 658 3219 unctu
678 3148 901 3223 existimabat
922 3149 985 3219 diu
1007 3171 1211 3219 mansuram
1234 3172 1309 3219 esse
1359 3149 1478 3229 mini,
1495 3174 1560 3219 nec
1575 3149 1744 3219 deterreri
1760 3173 1821 3218 vos
1838 3148 1962 3217 sinatis
1983 3162 2042 3219 aut
2069 3148 2257 3240 periculis,
2288 3164 2351 3220 aut

314 3244 406 3319 bane
421 3250 646 3331 doctrinam,
673 3274 780 3344 quam
802 3249 935 3320 Paulus
955 3252 1243 3336 circumferebat,
1269 3275 1309 3321 ac
1358 3264 1540 3323 contemtu
1563 3246 1769 3343 Evangelii,
1804 3265 1866 3322 aut
1897 3251 2127 3321 multitudine
2158 3252 2350 3321 adversan-

314 3365 464 3422 maneut
486 3349 620 3423 Paulus
648 3354 742 3445 ipse,
780 3352 967 3444 discipuli,
1005 3365 1042 3423 et
1072 3353 1234 3423 doctrina
1261 3356 1305 3422 ad
1357 3354 1459 3425 tium.

315 3479 462 3525 omnem
477 3453 733 3527 aeternitatem.

1522 2390 1745 2469 simundus
1763 2420 1823 2469 vos
1838 2390 1916 2467 odit
1926 2450 1936 2482 ,
1962 2397 2104 2481 scitote,
2131 2406 2194 2473 alc.

1481 3519 1529 3596 Si
1542 3546 1616 3594 non
1632 3519 1827 3609 νιηίεειιη,
1854 3529 1885 3590 et
1903 3517 2047 3592 loculus
2052 3518 2229 3620 fuissem.

416 3555 496 3626 llac
512 3557 621 3646 igitur
633 3555 837 3630 dulcissima
863 3559 1106 3629 consolatione
1126 3579 1194 3628 nos
1215 3581 1307 3650 quo·

315 3683 383 3754 que
396 3659 638 3733 consolemur.
687 3659 770 3730 Non
788 3659 1133 3731 videturmansurus
1151 3683 1227 3730 ease
1247 3655 1306 3728 hic
1460 3655 1529 3730 Hic
1553 3674 1728 3752 quaerunt
1749 3660 1794 3727 de
1817 3657 1968 3748 peccatis
1992 3657 2227 3746 ignorantiae.
2287 3650 2377 3727 Au.

319 3775 427 3832 status
443 3757 682 3834 &etesiarum
697 3775 733 3832 ct
746 3756 967 3844 scholarum,
1001 3763 1147 3856 quilici
1171 3759 1306 3830 beneti-
1358 3763 1559 3852 ignorantia
1577 3761 1686 3853 lapsi,
1722 3759 1860 3828 sintrei
1878 3781 1995 3828 coram
2011 3757 2108 3842 Deo,
2141 3782 2202 3828 seu
2224 3781 2348 3858 pecca-

319 3864 373 3932 tio
400 3864 473 3932 iarn
502 3865 716 3936 constitutos
747 3879 818 3947 est,
859 3865 938 3935 luce
959 3861 1133 3956 Evau'gcli
1156 3865 1306 3936 reddita.
1358 3865 1609 3949 torcsabiecti,
1635 3885 1715 3932 cum
1725 3857 1888 3932 Christus
1903 3883 2061 3952 expresse
2075 3862 2190 3929 dicat:
2216 3861 2255 3931 si
2272 3881 2347 3928 nou

315 3965 384 4036 Sed
403 3987 595 4035 mansurus
609 3981 661 4038 est
677 3981 814 4046 tamen,
841 3967 978 4036 etlamsi
994 3967 1142 4059 imperia
1167 3967 1306 4052 mundi,
1358 3967 1533 4034 venissem
1548 3980 1583 4037 et
1598 3965 1762 4034 dixissem
1782 3963 1849 4043 eis,
1874 3975 2055 4054 peccatum
2073 3985 2145 4031 non
2163 3957 2347 4036 haberent.

315 4083 348 4137 et
362 4065 531 4136 diabolus
556 4070 805 4153 adversantur,
839 4069 930 4139 sicut
951 4070 1038 4138 alibi
1061 4065 1226 4139 Christus
1247 4068 1307 4136 in·
1355 4065 1496 4140 Suntne
1537 4067 1690 4136 excusati
1730 4065 1910 4143 Socrates,
1961 4059 2183 4156 Xenophon,
2231 4061 2347 4145 Plato,

313 4170 409 4263 quit:
435 4166 563 4238 Portas
582 4169 779 4241 interorum
804 4193 879 4240 non
903 4173 1157 4262 praevalituras
1179 4173 1307 4239 adaer-
1357 4167 1498 4261 Scipio,
1516 4175 1565 4256 ,el
1585 4169 1645 4238 alii
1662 4167 1955 4245 innumerabiles,
1992 4167 2052 4257 qui
2075 4191 2149 4235 non
2172 4177 2265 4235 recte
2290 4165 2347 4232 in·

313 4293 374 4340 sus
389 4267 598 4340 Ecclesiam.
648 4267 696 4344 Et
710 4273 792 4365 quia
809 4274 919 4343 multa
934 4288 1015 4344 sunt
1041 4273 1306 4364 impedimenta,
1357 4285 1532 4342 vocarunt
1554 4269 1690 4355 Deum,
1723 4269 1839 4358 ignari
1869 4257 1969 4336 verb'i
1991 4264 2082 4336 Dei?
2112 4265 2346 4366 Respondco:

313 4386 493 4443 monstrat
508 4368 670 4444 Christus
684 4374 722 4442 ln
742 4369 807 4444 hac
822 4375 1064 4447 consolatione
1080 4377 1185 4446 ctiam
1203 4373 1305 4444 auxi·
1357 4371 1440 4441 Non
1456 4387 1537 4442 sunt
1556 4371 1729 4455 excusati,
1764 4372 1854 4438 sicut
1871 4393 1951 4437 mox
1976 4369 2135 4462 sequenti
2159 4367 2272 4458 capite
2294 4365 2346 4433 as·
2467 4373 2471 4380 '

312 4475 491 4558 lictorem,
506 4475 656 4544 affirmat
669 4470 992 4567 petentibusDeurn
1009 4479 1203 4548 affuturum
1214 4499 1304 4546 csse:
1354 4469 1473 4546 firmat
1494 4469 1676 4562 Christus,
1717 4470 1892 4564 Spiritum
1918 4484 2077 4538 sanctum
2098 4481 2345 4540 accusaturum

313 4575 500 4670 Quicquid
517 4577 689 4668 petieritis
712 4595 845 4670 patrem
871 4581 909 4648 in
936 4581 1082 4650 nomine
1106 4603 1207 4662 meo,
1240 4580 1306 4646 da·
1356 4573 1731 4667 essehocpeccatum,
1765 4571 1862 4666 qtrud
1886 4571 2042 4638 mundus
2064 4593 2138 4640 nun
2161 4569 2281 4638 credat
2306 4567 2346 4635 in

310 4679 369 4750 bic
391 4679 508 4752 vobis.
566 4677 678 4751 Adest
703 4683 806 4752 nobis
828 4678 926 4752 Deus
947 4683 1107 4767 adiutor,
1141 4683 1217 4750 vult
1240 4700 1307 4749 nos
1358 4679 1471 4749 filium
1488 4677 1568 4749 Dei.
1620 4675 1691 4748 Sed
1707 4675 1820 4744 dices:
1849 4671 1952 4759 Quae
1965 4683 2017 4738 est
2033 4671 2078 4740 ita
2095 4668 2262 4754 durities,
2284 4691 2346 4738 seu

312 4781 505 4865 exaudire,
529 4802 668 4872 regere,
693 4785 881 4868 adiuvare,
907 4785 1116 4868 defendere,
1142 4783 1306 4851 liberare.
1361 4782 1543 4875 tyrannis,
1570 4777 1749 4871 postulare
1773 4773 2030 4857 obedientiam,
2063 4795 2128 4842 nec
2148 4783 2347 4842 monstrare
2407 4774 2410 4784 '

312 4881 400 4953 ldco
424 4907 500 4952 non
521 4885 728 4974 frangamur
749 4885 897 4969 animis,
930 4898 971 4956 ut
992 4886 1200 4956 abiiciamus
1221 4908 1305 4976 pro-
1357 4885 1444 4978 quid
1462 4885 1637 4974 agendum
1654 4879 1724 4949 sit?
1747 4875 1908 4947 Primum
1924 4877 1968 4944 de
1983 4874 2058 4964 lege
2076 4871 2190 4943 facilis
2214 4886 2266 4944 est
2289 4895 2345 4941 rc-

311 4985 524 5067 icssionem‚
563 4987 700 5055 etiamsi
726 4987 837 5058 multa
858 4987 1109 5077 impedimenta
1130 4987 1307 5070 incidunt,
1359 4987 1520 5076 sponsio:
1548 4983 1676 5074 Legem
1698 5003 1823 5051 omnes
1845 4991 1996 5060 norunt,
2027 4977 2118 5048 sicut
2131 4973 2265 5046 Paulus
2286 4974 2346 5042 in·

314 5091 375 5155 sed
400 5083 468 5157 hae
487 5089 725 5180 promissione
747 5090 1033 5175 commonefacti,
1062 5089 1307 5179 cunfugiamus
1359 5087 1455 5180 quit,
1492 5085 1604 5158 Rom«
1626 5088 1661 5155 1.
1688 5081 1846 5155 Scicntcs
1878 5079 1987 5168 igitur
2016 5079 2195 5148 violarunt
2219 5077 2344 5166 legem.

312 5193 356 5259 ad
372 5203 539 5261 nostrum
553 5191 767 5260 adiutorem.
1360 5190 1503 5261 Deinde
1534 5191 1578 5258 de
1608 5185 1841 5278 promissione
1868 5177 1937 5251 hoc
1966 5181 2253 5272 respondendum
2277 5189 2343 5244 estc

417 5287 556 5382 Repete
570 5315 702 5386 quaeso
716 5292 828 5363 lector
845 5287 938 5363 hanc
957 5305 1067 5363 tutam
1091 5291 1307 5363 consolatio·
1360 5293 1456 5363 Deus
1474 5291 1578 5362 initio
1594 5287 1711 5357 statim
1731 5287 1770 5352 in
1788 5283 1956 5354 Paradiso
1973 5282 2122 5353 tradidit
2138 5277 2345 5372 promissio·

315 5417 419 5480 nem,
445 5407 481 5463 et
501 5394 881 5486 expendeargrrmenta
904 5408 937 5466 et
961 5397 1117 5467 allectus.
1169 5389 1309 5463 Occur·
1361 5417 1441 5461 nem
1472 5393 1517 5462 de
1547 5387 1855 5472 reconciliatione,
1896 5398 1931 5455 et
1960 5386 2006 5455 dc
2034 5379 2178 5454 Christo
2211 5381 2344 5450 luturo.

316 5499 360 5566 rit
382 5495 583 5590 praecipuis
596 5497 799 5566 animorum
815 5512 1020 5568 nostrorum
1043 5499 1138 5568 curis
1164 5509 1198 5564 et
1222 5496 1309 5565 soli-
1360 5493 1465 5564 llanc
1487 5496 1591 5564 certis
1610 5503 1645 5562 et
1667 5489 1867 5560 illustribus
1887 5485 2099 5557 testimoniis
2120 5495 2239 5576 postea
2263 5503 2347 5572 pro·

316 5599 553 5684 citudinibus,
569 5612 604 5668 et
618 5599 768 5689 opponit
782 5601 1042 5669 consolationes
1057 5599 1210 5668 maxime
1223 5621 1309 5666 con·
1361 5597 1519 5688 pagavit,
1544 5610 1578 5667 et
1595 5593 1748 5664 subinde
1764 5589 1993 5675 instauravit,
2018 5613 2058 5658 ac
2075 5607 2213 5678 semper
2229 5581 2347 5652 omni-

317 5715 502 5787 gruentes.
552 5697 784 5791 Auguris,an
800 5700 876 5770 Ilco
893 5701 1028 5791 placcat
1042 5723 1165 5771 cursus
1179 5701 1311 5770 duceu-
1360 5701 1427 5768 bus
1443 5699 1558 5769 voluit
1575 5709 1695 5766 notam
1712 5715 1797 5766 esse.
1849 5691 2003 5784 lde'oque
2018 5703 2051 5760 et
2073 5709 2210 5778 semper
2223 5681 2348 5800 Eccle-

315 5805 408 5872 tium
425 5802 465 5871 in
483 5796 658 5888 Ecclesia,
686 5803 837 5872 affirmat
861 5803 1012 5893 placere.
1066 5801 1236 5892 Angcris,
1263 5825 1308 5870 an
1358 5801 1446 5869 siam
1463 5801 1619 5893 aliquam
1638 5797 1810 5886 celebrem
1831 5793 2003 5877 servavit,
2035 5793 2073 5860 in
2097 5811 2166 5882 qua
2188 5785 2349 5854 minute·
2458 5831 2462 5840 .

316 5907 430 5976 simus
444 5903 581 5997 aliquid
598 5903 809 5998 protecturi,
824 5905 974 5975 affirmat
989 5905 1208 5998 profecturos
1223 5925 1308 5974 esse.
1360 5905 1452 5974 rium
1470 5903 1652 5995 publicum
1657 5907 1810 6074 2spueret
1824 5915 1947 5965 vocem
1962 5889 2167 5982 Evangelii,
2183 5909 2272 5984 quae
2289 5907 2350 5955 ex·
