5825 6950
599 679 677 756 ιω
1195 669 1323 748 eurr.
1350 668 1469 746 nur.
1495 669 1704 746 sentent
1734 669 2041 750 exscertus.
2521 687 2568 768 su

606 865 692 956 gelii
721 863 931 937 seutentiam
960 858 1062 931 lateri
1097 882 1236 930 necesse
1267 873 1330 930 εει.
1388 849 1436 930 Iit
1463 861 1599 945 resurae
1652 877 1698 947 ,st
1715 927 1727 963 ‚
1767 898 1814 946 ,n
1836 873 1934 947 neu,
1959 867 2049 944 mthi
2072 873 2221 964 tnffign,
2243 873 2327 946 „111
2348 899 2416 949 Μ
2435 887 2569 978 moggus·

608 977 743 1052 Paulus
764 1003 920 1050 errorem
943 977 988 1047 de
1010 975 1252 1057 dubitatione,
1279 999 1360 1044 cnm
1386 976 1490 1047 docet
1516 1001 1598 1066 pro-
1653 978 1718 1048 llic
1746 977 1917 1049 intuenda
1950 992 2002 1049 est
2032 976 2224 1068 particula'
2247 971 2436 1070 Gratis,
2475 1001 2507 1058 ut
2530 1008 2570 1060 n,

610 1081 814 1154 missionem
838 1094 1002 1174 oportere
1023 1078 1092 1147 fide
1117 1077 1242 1169 accipi.
1305 1073 1412 1150 Rom.
1429 1080 1484 1150 4.:
1515 1077 1597 1149 ldeo
1653 1096 1791 1152 tuamus
1822 1103 1903 1150 vere
1937 1075 2054 1150 Deum
2096 1081 2275 1150 remittere
2309 1096 2439 1172 peccata
2472 1107 2570 1182 proptu

612 1208 655 1255 ex
676 1185 745 1253 lide
768 1185 897 1274 gratis,
923 1195 963 1253 ut
985 1181 1030 1250 sit
1054 1181 1153 1249 lirrna
1170 1179 1372 1271 promissio.
1422 1175 1472 1250 Et
1488 1180 1600 1265 iubet,
1651 1179 1832 1253 Christum
1857 1183 1986 1272 gratis,
2020 1205 2094 1251 non
2116 1196 2260 1273 propter
2285 1183 2356 1252 ulla
2380 1199 2486 1259 nostra
2505 1217 2571 1282 epm

611 1301 652 1358 ut
674 1285 754 1357 Deo
776 1288 974 1357 tribuamus
995 1283 1135 1352 laudem
1159 1281 1337 1363 veritatis,
1364 1281 1455 1353 sieut
1478 1279 1598 1353 Abra·
1652 1296 1714 1356 aut
1741 1283 1879 1356 merita.
1949 1281 1998 1355 Et
2026 1277 2113 1353 haec
2142 1269 2312 1372 particula
2336 1279 2488 1360 Gratis
2510 1317 2572 1362 non

611 1383 695 1458 ham
712 1413 788 1458 non
803 1387 981 1459 dubitavit
994 1383 1203 1457 diffidentia.
1252 1377 1302 1455 Ει
1320 1385 1351 1463 1.
1370 1382 1419 1455 lo.
1438 1377 1492 1458 5.:
1524 1383 1598 1474 Qui
1652 1401 1739 1459 strat
1759 1387 1950 1458 discrimen
1975 1382 2160 1475 Evangelii
2186 1409 2226 1454 ae
2252 1385 2362 1478 Legis.
2423 1389 2485 1460 Lex
2504 1395 2572 1464 etim

613 1490 726 1562 eredit
739 1491 777 1560 in
793 1491 905 1560 filium
922 1485 1002 1571 Dei,
1028 1480 1135 1557 habet
1147 1483 1392 1557 testimonium
1409 1485 1448 1554 iu
1466 1487 1597 1577 seipso:
1652 1489 1884 1560 concionatur
1907 1488 2025 1559 Deum
2055 1489 2319 1576 essebonum,
2356 1491 2573 1566 misericorder:

613 1593 775 1686 quinon
803 1592 916 1664 eredit
937 1589 1036 1677 Deo,
1076 1588 1283 1658 mendacem
1315 1587 1400 1659 lacit
1427 1611 1510 1659 eum
1533 1601 1600 1663 ete.
1651 1593 1711 1662 sed
1735 1589 1833 1664 addit
1855 1589 2098 1663 conditionem
2120 1589 2323 1680 diguitatis,
2347 1613 2406 1662 seu
2422 1595 2533 1678 meriti,
2549 1601 2573 1668 ait

615 1691 712 1785 Ergo
747 1717 828 1765 eum
862 1692 1042 1777 dicimus,
1085 1691 1153 1758 lide
1188 1690 1394 1781 contingere
1428 1691 1599 1762 benehcia
1651 1691 1766 1765 Deum
1786 1693 1984 1786 propicium
2001 1715 2074 1762 esse
2091 1687 2168 1774 his,
2195 1693 2257 1788 qui
2283 1695 2359 1763 sine
2383 1709 2573 1786 peecatosuot.

614 1793 768 1885 Christi,
808 1819 948 1866 neeesse
976 1806 1029 1864 est
1057 1791 1231 1881 intelligi,
1271 1795 1367 1887 quod
1392 1792 1601 1886 contingant
1651 1797 1700 1866 At
1720 1789 1955 1886 Evangelium
1978 1808 2135 1865 removet
2158 1795 2396 1866 conditionem
2417 1801 2574 1872 nostraedi.

612 1914 758 1992 propter
781 1893 992 1983 Christum,
1029 1909 1065 1968 et
1086 1893 1349 1966 assentiendum
1373 1909 1425 1965 est
1446 1895 1599 1986 promis·
1654 1898 1819 1988 gnitatis,
1842 1922 1904 1968 seu
1929 1897 2158 1967 meritorum:
2187 1911 2333 1969 testatur
2355 1897 2461 1970 Deum
2482 1915 2575 1994 proptu
2605 1891 2612 1916 ³'

612 2001 707 2072 sioni
724 2002 865 2071 divinae
893 2023 935 2068 ac
956 1999 1172 2068 credentium
1199 2021 1281 2075 vere
1307 1998 1410 2066 nobis
1430 1997 1598 2088 praestari
1654 1995 1789 2071 Christi
1808 2000 1932 2070 merita
1947 1999 2055 2089 gratis
2070 1998 2175 2068 nobis
2192 2000 2426 2086 reconciliari,
2449 2026 2510 2073 non
2528 2027 2575 2094 pro
2607 1995 2608 2001 ¹

611 2103 796 2200 promissa.
868 2099 991 2192 Quare
1023 2099 1110 2170 fides
1142 2122 1219 2168 non
1256 2111 1395 2169 tantum
1428 2100 1601 2190 significat
1653 2116 1730 2194 pter
1750 2103 1823 2173 ulla
1844 2115 1965 2172 nostra
1989 2103 2132 2190 merita,
2167 2125 2247 2171 eum
2272 2098 2468 2189 haecfides,
2496 2103 2523 2174 id
2541 2119 2575 2186 ut,
2608 2097 2612 2132 ²

615 2205 786 2276 historiae
807 2206 996 2289 noticiam,
1035 2202 1097 2271 sed
1119 2201 1292 2292 significat
1318 2201 1483 2272 fiduciam
1516 2225 1600 2296 pro·
1654 2204 1782 2274 fiducia
1808 2203 2068 2274 misericordiae
2100 2202 2229 2275 nititur
2255 2199 2411 2276 Christo.
2468 2204 2576 2277 Solenu

613 2308 742 2378 missae
772 2305 1037 2378 misericordiae
1067 2317 1212 2392 propter
1240 2298 1441 2387 Christum,
1481 2327 1599 2374 assen·
1653 2320 1770 2377 autem
1797 2305 1977 2377 interdum
2004 2330 2069 2397 pro
2098 2305 2293 2375 exclusiva:
2336 2303 2449 2376 Gratis
2464 2305 2577 2378 iustihca-

613 2410 761 2483 tientem
782 2406 1010 2501 promissioni
1040 2406 1196 2478 divinae.
1261 2402 1388 2474 Talem
1413 2406 1517 2474 lidem
1542 2430 1599 2475 re·
1651 2433 1733 2479 mur
1747 2404 1837 2488 lide,
1863 2402 1997 2479 utihac
2013 2407 2182 2477 formula:
2209 2405 2295 2478 Sola
2311 2405 2380 2478 fide
2397 2409 2576 2494 iustihcanor,

612 2513 727 2606 quirit
740 2508 883 2595 Paulus,
904 2533 994 2603 quae
1009 2510 1129 2578 eredat
1142 2507 1308 2577 omnibus
1322 2504 1481 2577 articulis
1493 2505 1598 2601 Sym·
1652 2511 1716 2580 ubi
1731 2504 1816 2580 haec
1830 2510 2000 2603 particula
2015 2532 2089 2579 non
2106 2509 2259 2580 excludit
2274 2523 2422 2580 caeteras
2435 2511 2545 2582 virtutes
2553 2533 2579 2576 ιε

612 2614 709 2702 boli,
733 2613 898 2684 videlicet
912 2635 1003 2707 quae
1016 2610 1135 2680 credat
1151 2623 1294 2701 propter
1307 2608 1418 2678 filium
1435 2606 1502 2678 Dei
1518 2633 1599 2702 pas·
1652 2613 1788 2698 adsint,
1810 2613 1870 2682 sed
1884 2611 2040 2682 excludit
2054 2611 2259 2704 opinionem
2278 2613 2414 2698 meriti,
2438 2611 2580 2686 seoroodi·
2611 2629 2612 2634 ¹

612 2739 692 2790 sum
716 2729 751 2788 et
773 2715 1017 2787 resuscitatum
1041 2712 1119 2782 dari
1141 2711 1245 2781 nohis
1259 2711 1502 2785 remissionem
1520 2734 1600 2804 pec·
1652 2715 1786 2784 tionem
1805 2713 2006 2805 dignitatis,
2027 2736 2090 2784 seu
2111 2714 2266 2783 excludit
2296 2713 2375 2784 illas
2388 2739 2407 2785 a
2422 2711 2579 2785 caussiusti·

613 2833 794 2891 catorum:
837 2817 986 2887 named
1009 2809 1107 2884 hune
1132 2813 1341 2899 articulum,
1368 2826 1534 2908 tanquam
1555 2816 1598 2884 ad
1651 2815 1844 2903 litationis,
1867 2811 1935 2886 hoc
1949 2827 2019 2901 est,
2042 2815 2311 2907 acceptationis,
2333 2828 2374 2887 ut
2394 2813 2580 2910 posteacupio

615 2944 757 2993 causam
771 2918 933 3005 finalem,
957 2916 1157 3008 superiores
1172 2915 1349 2986 referendi
1366 2931 1461 2987 suut.
1509 2913 1598 2988 Cum
1653 2918 1725 2989 sius
1735 2919 1862 2993 dicam.
1888 2913 2065 3008 Acreipsa
2081 2939 2225 3008 prorsus
2240 2919 2336 2988 idem
2350 2932 2400 2990 est
2410 2913 2611 2988 dicerelide,

613 3023 655 3094 in
677 3022 940 3116 precationibus
962 3016 1155 3089 adversarii
1180 3019 1327 3090 recitant
1350 3012 1447 3089 hunc
1468 3020 1600 3090 articu-
1653 3041 1775 3092 sumus
1788 3019 1886 3106 iusti,
1900 3033 1944 3105 et,
1958 3015 2047 3091 Pide
2060 3019 2167 3110 gratis
2180 3019 2407 3111 sumusiusti,
2422 3033 2461 3105 et,
2474 3015 2580 3092 sotatte
2606 3004 2611 3039 ¹

614 3125 708 3198 lum:
740 3121 856 3198 Credo
872 3122 1115 3192 remissionem
1129 3135 1374 3211 peccatorum,
1397 3143 1517 3191 seeum
1533 3121 1600 3215 ipsi
1653 3123 1881 3195 sumusiusti.
1906 3119 1996 3193 Nam
2005 3121 2091 3191 lides
2106 3121 2253 3192 existere
2261 3121 2361 3193 nulla
2372 3133 2482 3216 potest,
2493 3121 2516 3189 si
2527 3117 2580 3186 llu-

614 3239 792 3320 pugnant:
819 3225 943 3294 iubent
958 3221 1133 3307 dubitare,
1152 3234 1317 3294 ettamen
1333 3222 1485 3292 audiunt
1501 3247 1601 3314 prae-
1655 3226 1707 3295 eia
1731 3225 1857 3295 debeat
1876 3223 1942 3296 niti
1965 3223 2138 3314 dignitate
2158 3237 2300 3312 nostra,
2327 3249 2387 3296 seu
2403 3221 2529 3302 meritis,
2546 3231 2579 3287 aut

616 3331 705 3418 cipi,
735 3340 778 3400 ut
801 3330 945 3398 credant
973 3324 1217 3395 remissionem
1241 3337 1474 3413 peccatorum.
1548 3325 1601 3394 Ae
1657 3327 1784 3420 partim
1803 3321 1964 3412 Christo,
1989 3325 2117 3416 partim
2133 3327 2290 3408 meritis,
2316 3342 2357 3398 ιιι
2371 3318 2579 3417 finguntaliqui

615 3431 689 3503 scio
704 3430 896 3526 quosdam,
920 3453 1010 3521 quos
1034 3423 1092 3496 hic
1115 3427 1188 3517 ipse
1210 3426 1380 3498 articulus
1403 3429 1601 3513 admonuit,
1655 3427 1842 3500 Excutitur
1858 3429 1959 3515 lides,
1984 3428 2013 3497 si
2032 3427 2257 3519 cogitandum
2285 3429 2370 3503 erit:
2397 3427 2442 3500 ita
2459 3423 2580 3519 propicius
2607 3461 2608 3472 ι

612 3548 657 3605 ut
672 3532 950 3603 consolationem
967 3530 1206 3612 admitterent,
1230 3541 1263 3598 et
1278 3528 1469 3617 cogitarent
1485 3554 1602 3598 asson·
1656 3532 1722 3601 erit
1744 3528 1861 3615 Deus,
1887 3555 1967 3600 cum
1990 3532 2074 3601 sutis
2100 3530 2311 3601 meritorum
2334 3527 2481 3603 habebis.
2525 3522 2579 3609 Ergo
2607 3524 2608 3529 ’

615 3635 779 3707 tiendum
794 3656 867 3703 esse
884 3628 1198 3722 promissioni'Dei,
1213 3642 1246 3697 et
1263 3630 1456 3701 abiicerent
1470 3632 1603 3703 doctri·
1658 3656 1729 3703 non
1746 3646 1858 3725 potest
1875 3633 1942 3703 niti
1958 3632 2063 3721 fides,
2091 3634 2162 3703 nisi
2176 3634 2413 3725 promissione
2428 3630 2500 3715 Dei,
2519 3650 2577 3696 ιιοιι

617 3762 701 3809 nam
718 3727 1001 3819 Monaehorum,
1025 3734 1068 3800 de
1085 3730 1516 3807 dubitationeetmeritis.
1656 3748 1789 3805 strante
1818 3729 2026 3815 Christum,
2068 3748 2212 3825 propter
2243 3760 2350 3827 quem
2384 3734 2535 3826 pollicitus
2555 3740 2580 3793 at

740 3836 811 3909 Sed
853 3858 966 3930 quare
1012 3832 1156 3902 additur
1193 3830 1364 3924 particula
1407 3826 1603 3917 Gratis,
1658 3852 1755 3927 puter
1784 3850 1881 3907 certo
1907 3844 1944 3905 'se
1973 3834 2174 3905 nobisfore
2206 3838 2418 3929 propicium.
2482 3830 2520 3904 Et
2537 3850 2580 3897 tuot
2613 3831 2614 3837 ’

616 3964 692 4011 ιιοιι
708 3952 855 4031 propter
871 3961 975 4025 opera
991 3951 1133 4020 nostra,
1158 3938 1217 4005 sed
1240 3953 1383 4026 propter
1396 3934 1604 4011 Christum?
1658 3938 1790 4009 Paulus
1813 3938 1970 4032 quaerit,
1997 3952 2117 4009 utrum
2140 3938 2211 4007 lide
2233 3960 2280 4007 an
2300 3930 2580 4030 operibusiurtiire

616 4040 696 4112 lmo
721 4066 805 4111 uero
827 4042 871 4108 de
897 4033 962 4105 hac
993 4038 1164 4129 particula
1189 4034 1310 4107 Gratis
1336 4040 1523 4127 praecipue
1548 4039 1603 4109 di·
1659 4065 1758 4125 mur,
1783 4042 1888 4110 iidem
1904 4038 2251 4129 intelligitliduciam
2276 4038 2519 4111 misericordiae
2535 4053 2580 4123 pto·
2608 4054 2609 4099 1

617 4144 753 4217 uticant
781 4138 1017 4212 eonscientiae
1055 4152 1090 4209 et
1118 4136 1318 4231 Prophetae
1353 4164 1395 4210 ac
1425 4136 1603 4232 Apostoli.
1658 4142 1784 4212 missae
1805 4157 1949 4234 propter
1975 4137 2180 4214 Christum:
2212 4136 2307 4212 harre
2330 4136 2471 4234 opponit
2490 4128 2580 4205 inuri·

616 4244 875 4337 Complectitur
890 4256 1005 4313 autem
1024 4244 1111 4312 duo:
1135 4239 1304 4311 Excludit
1324 4242 1448 4312 merita
1473 4256 1605 4328 nostra,
1659 4269 1798 4315 versum
1815 4242 1979 4335 dignitati
1996 4260 2146 4327 nostrae,
2165 4244 2264 4337 quasi
2281 4244 2480 4335 interroget:
2503 4236 2582 4310 Upon

612 4366 649 4421 et
666 4342 975 4447 proponitChristi
990 4344 1125 4418 merita.
1158 4340 1228 4413 Hic
1238 4342 1335 4413 enirn
1347 4344 1404 4414 vel
1417 4344 1605 4439 praecipue
1658 4361 1810 4419 statuere
1832 4348 1961 4417 debeas
1983 4346 2049 4417 tibi
2073 4344 2205 4415 remitti
2231 4360 2391 4437 peecata,
2415 4360 2447 4415 et
2467 4336 2581 4415 ιεΕΙῑιιι

616 4450 715 4521 cerni
737 4462 869 4541 potest,
895 4447 1048 4540 primum
1072 4446 1281 4536 magnitudo
1304 4443 1604 4517 iraeDeiadver·
1658 4447 1723 4520 Dei
1741 4472 1815 4519 esse
1838 4464 1982 4541 propter
2004 4462 2101 4518 tuam
2125 4446 2354 4539 dignitatem,
2388 4460 2515 4541 propter
2530 4434 2609 4505 utto?

614 4576 676 4625 sus
700 4566 902 4643 peceatum,
940 4550 1035 4642 quod
1070 4549 1168 4616 nulla
1191 4541 1305 4621 hostia
1328 4549 1466 4643 placare
1487 4547 1604 4619 Deum
1659 4550 1805 4621 virtutes
1820 4566 1909 4632 tuas,
1926 4550 2124 4641 qualitates,
2145 4563 2206 4620 aut
2221 4551 2389 4632 actiones,
2412 4574 2453 4619 au
2466 4544 2609 4613 vetusta-1

616 4656 752 4747 potuit,
779 4653 850 4724 uisi
874 4675 967 4722 mors
991 4649 1067 4724 lilii.
1116 4646 1259 4721 Rursus
1274 4650 1369 4723 lucet
1382 4652 1514 4721 amoris
1529 4674 1605 4721 ma·
1658 4668 1755 4725 tuere
1770 4655 1898 4724 debeas
1915 4652 1982 4725 tibi
2000 4652 2129 4723 remitti
2145 4663 2305 4742 peccata,
2331 4664 2366 4723 et
2384 4665 2416 4723 te
2432 4672 2496 4719 esse
2514 4640 2586 4748 filiast
2607 4722 2610 4734 .

615 4757 787 4847 guitudo,
815 4756 910 4847 quud
927 4753 1040 4821 filium
1054 4775 1119 4842 pro
1137 4752 1241 4821 nohis
1254 4752 1362 4824 dedit.
1414 4752 1604 4847 Utrunque
1657 4752 1724 4824 Dei
1741 4778 1802 4848 per
1824 4754 1936 4825 solam
1954 4754 2254 4838 misericordiam,
2279 4768 2423 4847 propter
2435 4746 2611 4822 charum

618 4871 736 4928 autem
752 4856 791 4924 in
808 4881 919 4945 agone
935 4854 1185 4923 conscientiam
1202 4870 1321 4925 tenere
1337 4878 1426 4947 opus
1441 4871 1508 4928 est:
1549 4858 1602 4924 vi·
1658 4854 1814 4927 Proinde
1828 4858 1944 4949 reipsa
1960 4871 2010 4927 est
2026 4856 2218 4941 exclusiva,
2244 4880 2326 4925 cum
2344 4856 2408 4925 ait:
2433 4852 2509 4923 Fide
2526 4836 2585 4911 insti·
2611 4850 2612 4857 ’

616 4960 765 5043 delicet,
804 4955 882 5029 Deo
916 4958 1146 5046 proponenda
1186 4980 1260 5025 esse
1292 4954 1426 5028 Christi
1460 4956 1603 5027 merita:
1657 4962 1820 5043 beamur,
1850 4959 1885 5028 id
1905 4972 1973 5045 est,
2000 4981 2074 5027 nou
2092 4970 2236 5057 propter
2252 4957 2455 5048 dignitatem
2471 4883 2613 5021 nostrani

617 5074 763 5153 propter
783 5055 964 5130 Christum
991 5059 1175 5146 petendam
1198 5072 1233 5128 et
1257 5060 1508 5148 expectandam
1530 5083 1604 5129 esse
1658 5060 1777 5150 Quare
1797 5060 1827 5130 si
1850 5060 1929 5154 quis
1960 5084 2042 5130 vere
2071 5060 2166 5130 volet
2193 5048 2372 5149 iudicare,
2404 5062 2541 5147 agnoscet
2555 5064 2584 5110 ιι
2612 5072 2613 5099 ι

615 5164 788 5254 gratiam,
828 5185 902 5229 nun
933 5173 1075 5249 propter
1100 5172 1218 5229 nostra
1242 5160 1382 5235 merita.
1453 5159 1545 5231 Nam
1570 5178 1604 5231 et
1658 5164 1730 5255 ipsa
1750 5162 1843 5232 idem
1861 5162 2070 5252 significari,
2095 5158 2185 5231 Fide
2209 5161 2455 5243 iustificamur‚
2478 5166 2507 5224 et
2520 5152 2614 5236 grotti

614 5264 821 5334 certaminis
848 5259 947 5331 illius
967 5260 1111 5355 epitasis
1136 5256 1223 5331 haec
1244 5274 1315 5333 ests
1354 5260 1437 5332 Non
1465 5262 1603 5356 quaerit
1658 5264 1906 5347 iustificamur,
1932 5262 2021 5348 lide,
2046 5262 2497 5333 etsolalideiustilicamur.
2529 5246 2614 5357 llas*

617 5392 719 5435 ιιιειιε
735 5364 997 5455 perterrelaeta‚
1023 5388 1068 5433 an
1087 5362 1167 5432 aliis
1182 5363 1409 5436 benemeritis
1422 5387 1465 5435 ac
1485 5364 1604 5455 dignis
1657 5366 1772 5436 obiter
1784 5366 1898 5436 adieci
1914 5368 1958 5435 de
1979 5365 2144 5436 formulis
2159 5365 2351 5451 sermonis,
2374 5376 2413 5434 ut
2433 5354 2586 5448 significatu

616 5466 715 5539 Deus
727 5468 814 5537 velit
836 5490 910 5535 esse
930 5466 1122 5557 propicius.
1172 5462 1517 5537 Adsentiturlleum
1537 5468 1603 5537 ho·
1657 5468 1846 5558 diligenter
1870 5466 2099 5559 expendatur.
2156 5462 2344 5538 Caeterum
2366 5483 2500 5559 quoquo
2519 5446 2584 5523 ιιοιι

616 5596 704 5639 num
727 5580 763 5638 et
789 5568 1049 5637 misericordem
1076 5588 1169 5649 esse,
1199 5570 1262 5638 sed
1285 5567 1422 5658 dignis,
1446 5568 1602 5665 quinon
1657 5571 1863 5665 loquemur,
1889 5568 1979 5640 illud
2002 5566 2196 5639 videndum
2214 5567 2302 5648 erit,
2329 5590 2373 5637 ne
2389 5562 2583 5635 resuhmstut·
2612 5614 2614 5647 ,

614 5668 750 5742 habent
775 5684 935 5760 peecata,
967 5684 1028 5738 aut
1048 5668 1110 5757 qui
1138 5668 1271 5739 maiora
1302 5665 1435 5742 habent
1460 5670 1602 5742 merita:
1656 5670 1837 5743 Sententia
1854 5672 2028 5741 exetustsa
2044 5670 2230 5743 retinenda
2245 5682 2314 5753 est,
2345 5670 2389 5738 de
2410 5660 2583 5757 gratatus
2613 5682 2614 5759 ᾗ

614 5799 699 5843 nam
729 5772 816 5862 legis
845 5772 975 5843 noticia
1003 5770 1188 5839 nobiseum
1215 5784 1298 5841 nata
1325 5774 1447 5859 docet,
1486 5768 1601 5842 Deum
1656 5772 1868 5867 captatione:
1904 5768 1991 5843 haee
2015 5772 2110 5841 enim
2133 5771 2324 5840 discrimen
2348 5760 2583 5849 interLegemfl
2613 5768 2614 5849 l

611 5878 750 5947 bonnm
775 5899 866 5959 esse.
891 5874 951 5941 sed
978 5896 1058 5962 erga
1081 5871 1221 5962 dignos,
1274 5872 1369 5945 illud
1392 5896 1601 5969 veroqoae·
1654 5872 1889 5969 Evartgelium
1913 5872 2039 5959 elficit,
2063 5874 2332 5951 uttietomest.
2383 5868 2461 5943 Diri
2482 5867 2582 5947 ιιεριι·
