5825 6950
601 666 702 745 lldd
1187 656 1316 738 Ptttt.
1341 654 1700 735 nau-semera
1726 654 2030 735 EXEGETICA.
2512 675 2587 751 tua

705 844 753 916 Et
771 834 902 913 Mattb.
916 836 1062 909 ultimo:
1086 832 1264 906 Ducentes
1280 858 1340 907 eos
1356 856 1497 905 servare
1512 857 1593 903 om·
1642 833 1855 919 cessarium,
1878 847 1920 905 nt
1935 834 2081 905 effectus
2096 855 2248 930 sequens
2262 834 2522 917 iusiflcationem.
2552 846 2589 923 Ut

604 949 683 1036 nia,
709 969 799 1040 quae
817 942 983 1012 mandavi
1000 938 1113 1008 vobis.
1642 938 1671 1006 si
1687 938 1822 1008 dicam:
1850 936 1964 1006 Aliud
1981 950 2035 1007 est
2052 939 2146 1008 vitae
2164 962 2293 1021 rausa,
2319 939 2412 1011 aliud
2433 959 2479 1016 est
2496 971 2590 1019 neces.

706 1048 752 1119 Et
767 1048 805 1115 in
820 1044 933 1135 capite
950 1038 1335 1112 ultimoEcclesiastae:
1364 1035 1480 1110 Deum
1497 1039 1594 1121 time,
1643 1039 1777 1108 sarium
1799 1039 1838 1107 in
1863 1040 2023 1118 vivente,
2048 1054 2090 1111 ut
2112 1040 2256 1111 affectus
2278 1064 2433 1134 sequens·
2479 1046 2589 1121 Utus

605 1167 640 1224 et
653 1152 818 1220 mandata
832 1147 908 1217 eius
925 1158 1075 1216 servato.
1126 1140 1205 1213 Hoc
1220 1145 1264 1214 ad
1288 1164 1412 1213 omnes
1431 1137 1595 1213 homines
1643 1155 1700 1212 tus
1718 1142 1755 1209 in
1772 1142 1914 1211 vivente
1930 1143 2147 1218 necessarius
2161 1156 2241 1223 est,¹
2258 1168 2332 1217 non
2356 1158 2395 1215 ut
2406 1144 2491 1219 vitae
2503 1174 2590 1233 causa,

605 1253 771 1347 pertinet.
1643 1245 1705 1313 sed
1728 1257 1769 1313 ut
1790 1243 1935 1313 eliectus
1955 1266 2117 1336 sequens.
2143 1244 2249 1315 .Hoc
2271 1246 2462 1335 exemplum
2485 1252 2591 1344 aliquid

708 1347 870 1423 Micheae
893 1344 944 1419 5.:
981 1346 1149 1417 Indicabo
1172 1372 1194 1415 o
1218 1341 1326 1415 bomo
1350 1345 1435 1439 quid
1460 1346 1505 1416 sit
1530 1346 1597 1416 bo·
1644 1346 1734 1417 lucis
1764 1348 1864 1415 addit
1894 1341 1978 1415 huic
2002 1348 2260 1417 declarationi:
2302 1346 2594 1427 Manifestissimnn
2627 1355 2628 1378 *

606 1480 713 1535 uum,
741 1452 886 1545 etquid
908 1449 1085 1521 Dominus
1110 1449 1262 1539 postulet
1283 1448 1347 1519 abs
1372 1462 1426 1518 te:
1466 1446 1595 1520 Facere
1646 1462 1717 1528 est,
1743 1450 2017 1531 contritionem,
2042 1449 2291 1531 dilectionem,
2317 1451 2593 1545 bonumpropnsi.

606 1558 781 1630 iudicium
807 1568 842 1623 et
864 1554 1011 1641 diligere
1036 1550 1339 1636 misericordiam,
1364 1564 1399 1621 et
1417 1551 1596 1622 solicitum
1648 1565 1722 1620 tum
1739 1574 1901 1619 non‘esse
1918 1571 2040 1619 causas
2057 1551 2333 1634 iustificationis,
2359 1552 2477 1637 idest,
2497 1560 2594 1628 runis

608 1660 790 1733 ambulare
804 1678 922 1726 coram
940 1653 1017 1724 Deo
1039 1668 1112 1723 tuo.
1646 1652 1757 1722 sionis
1772 1667 1991 1742 peccatorum
2010 1667 2045 1721 et
2060 1652 2305 1741 imputationis
2318 1654 2486 1739 iusticias,
2507 1671 2538 1729 ct
2550 1663 2595 1729 do

710 1756 759 1832 Ει
774 1752 970 1829 Ezechielis
986 1758 1068 1830 20.=
1097 1752 1137 1822 ln
1155 1754 1349 1846 praeceptis
1367 1754 1454 1825 meis
1472 1755 1598 1823 ambu—
1648 1754 1802 1824 uatioois
1823 1753 1979 1843 Spiritus
2002 1754 2115 1823 sancti
2137 1772 2172 1826 et
2195 1757 2287 1835 vitae
2311 1769 2479 1829 aeternae.
2547 1758 2596 1833 Sed

609 1867 689 1937 late.
735 1861 788 1931 Ac
805 1859 916 1947 magis
934 1858 1086 1929 illustria
1103 1855 1292 1927 strutdicta
1310 1855 1484 1945 raegativa.
1648 1880 1751 1925 causa
1785 1858 1965 1935 efficiens,
2008 1856 2174 1928 videlicet
2204 1858 2417 1939 iustificans,
2454 1875 2502 1929 est
2528 1862 2596 1935 Deus

711 1961 755 2035 ln
779 1961 893 2051 prima
911 1954 1072 2051 Epistola
1096 1953 1266 2027 lobannis
1288 1962 1402 2049 capite
1418 1958 1469 2035 8.:
1506 1954 1599 2028 Om-
1649 1972 1793 2051 propter
1807 1959 1917 2027 solius
1937 1958 2002 2026 filii
2021 1959 2201 2032 meritum.
2253 1959 2359 2031 Fides
2375 1973 2486 2031 autem
2506 1964 2598 2034 estio-

610 2068 667 2139 nis
682 2066 745 2159 qui
763 2064 840 2134 odit
855 2064 1013 2145 fratrem,
1030 2058 1207 2129 bomicida
1225 2074 1287 2134 est.
1319 2058 1364 2131 Et
1379 2062 1488 2147 tritis,
1503 2061 1600 2154 quod
1650 2074 1906 2139 strumentum,
1932 2086 2003 2151 qno
2024 2060 2062 2131 lit
2083 2061 2286 2151 applicatio.
2343 2060 2433 2133 Nam
2456 2064 2597 2134 lideacci-

610 2169 727 2247 omnis
740 2161 921 2236 homicida
943 2187 1017 2233 non
1041 2156 1149 2231 babet
1174 2161 1283 2233 vitam
1307 2176 1485 2233 aeternam
1504 2164 1543 2231 in
1564 2184 1601 2231 se
1651 2162 1799 2252 piuntur
1817 2163 1975 2230 rensissio
1994 2177 2233 2251 peccatorum,
2256 2164 2444 2255 imputatio
2467 2165 2599 2251 iusticias,

609 2282 827 2343 manentem.
1651 2265 1798 2336 donatio
1817 2262 1972 2353 Spiritus
1987 2264 2121 2349 sanrti,
2148 2278 2182 2334 et
2201 2264 2293 2335 vitae
2306 2279 2475 2335 aeternae.
2628 2265 2629 2270 ’

614 2442 622 2449 ,
713 2368 763 2441 Ει
788 2369 912 2439 eodem
944 2366 1056 2456 capite
1087 2389 1247 2454 expresse
1269 2366 1438 2438 recitatur
1461 2389 1541 2435 vera
1567 2378 1603 2437 et
1753 2364 1945 2459 Postquam
1974 2382 2089 2435 autem
2119 2380 2281 2457 acceptus
2303 2380 2354 2436 cst
2380 2366 2526 2459 Spiritus
2542 2391 2598 2435 san·

612 2472 799 2549 artificiose
830 2468 1020 2541 constituta
1053 2467 1212 2537 delinitio
1242 2468 1393 2559 peccati:
1435 2462 1603 2560 ἁμαρτία
1653 2483 1730 2551 tos,
1756 2468 1881 2535 iamin
1907 2466 2039 2537 renatis
2064 2483 2149 2538 sunt
2169 2484 2285 2541 motus
2308 2468 2421 2559 tales,
2445 2469 2599 2562 qualessst

614 2571 715 2650 ἐστὶν
746 2565 916 2664 ἀνομία,
955 2582 1134 2661 peccatum
1166 2584 1217 2643 est
1250 2594 1322 2639 non
1348 2571 1495 2639 obedire
1520 2571 1602 2659 legi.
1652 2570 1808 2661 Spiritus
1823 2584 1975 2653 sanctus.
2027 2565 2074 2639 Et
2090 2569 2121 2641 si
2138 2572 2218 2663 quis
2240 2572 2340 2659 fingit
2365 2570 2406 2643 in
2425 2573 2534 2663 aliquo
2546 2570 2596 2662 Spi-

612 2678 678 2749 Est
698 2675 793 2746 enim
821 2674 993 2763 privative
1024 2672 1185 2763 opposita
1216 2672 1415 2743 definitioni
1443 2671 1603 2741 institiae
1652 2673 1762 2741 ritum
1782 2678 1940 2739 sanctum
1965 2686 2117 2755 essc,.et
2144 2696 2218 2742 non
2240 2696 2312 2742 esse
2328 2671 2383 2743 ibi
2406 2672 2596 2756 dilectionem,

612 2775 842 2851 universalis:
867 2768 910 2845 τὸ
925 2768 1074 2847 δίκαιον
1088 2768 1324 2866 valuissemus
1342 2766 1603 2859 Plato,Xeno-
1654 2775 1847 2864 pugnantia
1878 2774 1998 2861 fingit,
2033 2786 2073 2841 ut
2104 2774 2134 2843 si
2170 2775 2250 2867 quis
2276 2776 2426 2863 fingeret
2459 2775 2493 2843 io
2516 2773 2597 2867 aliquo

574 2874 714 2972 ·pbon
737 2892 769 2949 et
794 2875 1002 2948 Aristotcles
1025 2875 1236 2967 loquuntur.
1290 2874 1432 2946 iusticia
1449 2890 1500 2945 est
1517 2880 1602 2945 obe·
1655 2900 1781 2969 aquam
1798 2898 1891 2958 esse,
1915 2889 1949 2944 et
1965 2872 2056 2944 nibil
2073 2869 2233 2946 humoris
2251 2900 2334 2945 esse.

613 2980 748 3053 dientia
764 2978 902 3067 legibus
917 2976 1085 3047 omnibus
1106 2978 1235 3047 debita.
1757 2976 1958 3046 Necessaria
1981 2991 2032 3048 est
2057 2977 2166 3063 igitur
2187 2979 2333 3049 dilectio
2359 2978 2398 3045 in
2421 2978 2553 3059 renatis,
2573 2989 2597 3043 ut
2629 3041 2630 3054 ,

715 3080 763 3151 Et
779 3077 896 3151 Galat.
906 3074 959 3154 5.:
988 3076 1141 3148 Fructus
1155 3078 1313 3170 spiritus,
1339 3078 1496 3165 dilectio,
1518 3102 1605 3169 gau·
1655 3080 1800 3151 effectus
1828 3079 2024 3149 necessario
2044 3102 2209 3171 sequens«
2234 3140 2238 3149 .
2257 3078 2307 3152 Ut
2329 3080 2369 3148 in
2394 3081 2526 3149 vivente
2543 3077 2600 3147 dici-

614 3187 713 3257 dium
727 3237 738 3277 ,
766 3206 851 3275 pax,
878 3180 1060 3273 patientia,
1085 3170 1297 3273 benignitas,
1324 3181 1478 3266 bonitas,
1503 3178 1604 3266 fides,
1655 3204 1735 3249 mrrs
1759 3182 1952 3249 necessario
1976 3193 2112 3250 motum
2137 3206 2230 3263 esse,
2270 3182 2333 3273 qui
2360 3195 2474 3252 tamen
2494 3204 2554 3251 non
2570 3194 2601 3247 at

613 3280 1113 3367 mansuetudo,continentia
1165 3281 1299 3352 Contra
1318 3282 1401 3352 talia
1418 3284 1514 3351 enim
1530 3308 1604 3352 nou
1656 3285 1747 3353 vitae
1770 3307 1883 3353 causa.
1938 3280 2035 3351 Haec
2058 3284 2240 3372 perspicua
2253 3299 2346 3355 sunt
2370 3286 2538 3355 dextreet
2554 3304 2602 3351 nou

616 3404 667 3462 est
681 3389 747 3458 lex.
790 3384 865 3457 Ubi
882 3385 984 3457 etiam
999 3406 1161 3453 normam
1177 3385 1304 3470 tradit,
1331 3384 1463 3454 scilicet
1478 3385 1604 3481 legem,
1655 3386 1872 3455 calumniose
1896 3384 2147 3454 iudicantibus.

617 3507 649 3562 et
667 3491 840 3581 adprobat
856 3491 1011 3559 actiones
1026 3499 1257 3576 congruentes
1269 3490 1310 3556 ad
1326 3482 1417 3556 banc
1431 3511 1606 3572 normam,
1757 3486 1825 3556 Sed
1849 3487 2088 3556 vociferantur
2113 3486 2224 3578 aliqui
2244 3480 2364 3558 multo
2392 3485 2605 3558 vehementius.

616 3609 649 3665 et
666 3595 811 3662 damnat
833 3591 1046 3674 contrarias,
1079 3605 1119 3658 ut
1136 3592 1259 3658 eodem
1281 3590 1360 3658 loco
1384 3590 1486 3658 dicit:
1522 3588 1604 3660 Ma·
1656 3587 1746 3660 Cum
1764 3587 1896 3657 Paulus
1911 3589 2015 3676 dicat,
2034 3585 2185 3658 Etiamsi
2200 3613 2343 3660 omnem
2363 3591 2465 3659 fidem
2480 3585 2604 3660 habero.

615 3695 763 3766 niiestae
780 3705 863 3762 suut
880 3693 1035 3762 actiones
1050 3690 1186 3774 caruis,
1207 3690 1443 3775 adulterium,
1473 3704 1604 3761 scorta·
1656 3686 1749 3760 nibil
1773 3714 1869 3757 sirm:
1902 3705 2006 3780 negat
2028 3683 2209 3758 bominem
2230 3690 2364 3761 iustum
2387 3715 2475 3776 esse,
2502 3688 2605 3760 etiami

615 3800 684 3877 tio,
719 3794 898 3864 idolorum
924 3793 1057 3877 cultus,
1083 3793 1168 3862 talia
1193 3806 1333 3882 agentes
1362 3815 1513 3883 regnum
1537 3790 1606 3862 Dei
1654 3793 1746 3862 adsit
1763 3792 1865 3874 lides,
1890 3815 1955 3862 nec
1969 3805 2088 3862 tamen
2105 3795 2246 3862 accedat
2260 3793 2417 3862 dilectio.
2456 3788 2631 3864 [tenatiae

613 3923 688 3969 nou
705 3897 950 3989 possidebunt.
1655 3908 1901 3980 argumentum
1926 3893 2118 3982 speciosius
2138 3894 2336 3984 opponitur
2353 3909 2475 3966 contra
2492 3895 2604 3966 exclusi

717 3997 931 4067 constitutis
953 3994 1063 4084 igitur
1077 3987 1134 4064 bis
1151 3995 1298 4086 regulis:
1332 3993 1534 4068 Necessaria
1551 3997 1603 4066 fa·
1655 4021 1752 4067 vam:
1780 3995 1862 4065 Sola
1882 3995 1951 4082 lide
1969 3994 2211 4069 iustificamnr.
2286 4004 2289 4009 ’
2630 4022 2631 4071 4

615 4100 739 4172 cienda
764 4121 856 4188 esse,
882 4111 915 4166 et
938 4110 1121 4188 praecepta
1144 4098 1222 4191 lege
1243 4097 1383 4182 divina,
1409 4100 1604 4168 necessaria
1757 4096 1892 4170 Usitata
1908 4097 2091 4186 responsio
2107 4111 2176 4182 est,
2199 4095 2354 4168 Paulum
2371 4096 2605 4192 loquidedooo

587 4203 712 4273 'esset
754 4198 1150 4293 perspicuesequitur,
1190 4199 1416 4269 dilectionem
1451 4201 1605 4289 proximi
1655 4200 1930 4281 miraculorum,
1956 4221 2030 4266 nou
2054 4200 2098 4267 de
2119 4199 2189 4268 fide
2209 4199 2431 4274 iustificante.
2486 4199 2545 4270 Sed
2567 4191 2605 4263 bic

617 4302 848 4376 necessariam
876 4322 970 4384 esse,
1004 4314 1040 4370 et
1060 4300 1322 4370 anteferendam
1350 4303 1476 4385 donis,
1514 4325 1604 4394 quae
1655 4325 1777 4372 rursus
1800 4299 1999 4392 quaeritur,
2042 4322 2089 4369 au
2114 4303 2248 4370 donum
2276 4304 2389 4389 possit
2413 4325 2482 4370 esse
2505 4301 2537 4367 in
2559 4292 2605 4370 bis,

614 4418 701 4478 sunt
721 4416 929 4474 ornamenta
955 4426 1029 4471 non
1052 4403 1202 4489 singulis
1227 4405 1440 4488 necessaria,
1468 4417 1508 4476 ut
1528 4427 1602 4472 non
1655 4405 1716 4497 qui
1758 4425 1831 4471 non
1871 4415 1955 4472 sunt
1991 4401 2099 4482 iusti,
2138 4401 2201 4496 qui
2245 4405 2428 4476 excutiunt
2466 4401 2605 4494 Spiritum

615 4529 757 4579 necesse
772 4518 823 4576 est
840 4504 998 4594 singulos
1014 4504 1104 4572 scire
1119 4505 1247 4575 multas
1262 4505 1409 4594 linguas.
1655 4504 1837 4576 sanctum?

717 4607 822 4678 Hanc
843 4605 1127 4676 admonitionem
1157 4607 1202 4676 de
1231 4607 1437 4678 necessitate
1468 4607 1604 4676 utiliter
1758 4605 2103 4696 Valdedeploranda
2127 4619 2161 4674 et
2181 4607 2389 4677 detestanda
2408 4621 2458 4676 est
2473 4595 2606 4674 baccho

614 4709 675 4784 bic
691 4710 817 4781 inserit
834 4707 984 4788 Paulus,
1010 4721 1133 4779 taxans
1147 4732 1207 4776 eos
1217 4762 1237 4805 ,⁸
1248 4708 1311 4800 qui
1333 4709 1533 4781 libertatem
1556 4710 1602 4780 ita
1654 4708 1792 4777 minum
1808 4709 2034 4799 perversitas,
2060 4709 2154 4800 quod
2181 4722 2376 4780 monstrata
2398 4710 2551 4786 veritate,
2569 4715 2605 4768 ta·

615 4815 800 4894 laxabant,
824 4823 866 4879 ut
882 4809 1139 4880 arbitrarentur
1161 4833 1197 4880 se
1219 4833 1294 4880 nou
1310 4833 1471 4902 peccare,
1496 4809 1619 4880 etiam
1654 4834 1736 4880 men
1751 4833 1824 4880 non
1844 4810 2088 4902 acquiescunt,
2114 4834 2178 4878 nec
2192 4808 2269 4880 Deo
2283 4811 2414 4898 gratias
2430 4821 2540 4900 agunt,
2560 4823 2604 4872 oet

616 4939 697 4987 cum
713 4915 861 4984 scientes
876 4911 1052 4980 faciebant
1065 4925 1187 4980 contra
1202 4913 1365 4981 mandata
1381 4911 1458 4982 Dei.
1493 4911 1603 4984 Seve-
1655 4913 1874 4982 transferunt
1898 4935 1973 4980 eam
1996 4915 2040 4980 ad
2065 4936 2190 4995 castam,
2215 4915 2274 4982 scd
2297 4928 2470 5005 quaerunt
2493 4905 2603 4980 cavilla·

617 5017 759 5088 rissime
773 5013 883 5104 igitur
898 5013 1155 5082 concionantur
1171 5014 1215 5082 de
1231 5014 1452 5084 necessitate:
1482 5011 1520 5084 Si
1531 5015 1604 5083 lin-
1655 5015 1770 5084 tiones
1792 5014 1868 5082 sine
1894 5013 1976 5085 fine.
2052 5011 2135 5084 Sive
2159 5015 2252 5084 dona
2282 5028 2426 5084 manent
2448 5015 2552 5103 aliqua
2576 5026 2602 5070 et

616 5114 897 5210 guisbominum
915 5129 949 5185 et
972 5114 1178 5202 angelorum
1204 5115 1349 5207 loquar,
1375 5115 1603 5187 dilectionem
1654 5128 1771 5206 parte,
1805 5117 1878 5185 sive
1900 5139 1974 5185 non
1990 5130 2155 5201 manent,
2189 5140 2271 5184 vera
2292 5129 2344 5185 est
2365 5113 2557 5206 propositio:
2576 5102 2600 5174 si

615 5236 734 5292 autem
757 5241 831 5286 non
853 5212 1025 5302 babeam,
1056 5213 1134 5284 sum
1158 5240 1217 5285 aes
1236 5239 1379 5292 sonans.
1430 5215 1508 5286 Etsi
1523 5243 1602 5288 om·
1653 5217 1877 5287 dilectionem
1893 5212 2151 5296 nonhabeam,
2176 5213 2373 5286 nibilsurn.
2425 5215 2600 5305 Quianeno

615 5346 698 5392 nem
723 5321 826 5390 fidem
853 5313 1028 5402 babeam,
1048 5317 1115 5386 'ita
1141 5331 1202 5388 aut
1225 5333 1364 5388 montes
1384 5319 1603 5406 transferam,
1653 5333 1707 5389 est
1722 5321 1834 5388 iustus
1852 5333 1996 5408 propter
2012 5321 2147 5389 doorrm
2169 5319 2437 5390 miraculorum.
2487 5311 2600 5386 Eteon-

615 5424 842 5500 dilectionem
858 5433 973 5489 autem
991 5441 1064 5488 non
1082 5413 1249 5500 babeam,
1275 5417 1368 5489 nibil
1383 5442 1474 5496 sum.
1653 5433 1928 5491 consentaneum
1947 5434 2018 5502 est,
2044 5422 2162 5518 aliqna
2180 5423 2274 5490 dona
2298 5443 2440 5489 manere
2462 5421 2497 5488 in
2519 5413 2599 5508 hyn

717 5522 786 5594 Hic
807 5543 953 5609 magnae
974 5522 1220 5590 contentiones
1235 5536 1336 5606 sunt,
1363 5524 1407 5591 de
1432 5521 1602 5593 iustifica·
1653 5523 1769 5606 critis,
1804 5523 1908 5592 utin
1935 5516 2117 5592 Mattbaco
2147 5522 2296 5594 dicitur:
2328 5523 2372 5592 ln
2400 5521 2535 5591 nomine
2557 5527 2598 5584 ιιι0

614 5628 723 5699 tione.
774 5621 865 5693 Cum
888 5621 1081 5691 necessaria
1104 5621 1149 5692 sit
1171 5619 1333 5709 dileetio,
1362 5647 1425 5693 cur
1445 5647 1521 5694 non
1545 5624 1602 5693 di·
1653 5625 1781 5694 multas
1800 5625 1949 5694 virtutes
1964 5624 2123 5693 fecimus.

613 5729 728 5798 cimus
749 5721 914 5794 homines
937 5721 1126 5790 dilectione
1153 5722 1263 5794 iustos
1285 5727 1384 5796 esse?
1435 5721 1598 5816 Respon·
1752 5722 1939 5795 Caeterum
1956 5747 2170 5818 quocunque
2191 5727 2297 5795 modo
2323 5725 2521 5800 vocabulum
2540 5710 2597 5783 fidei

615 5829 701 5900 deo:
728 5827 839 5898 Aliud
857 5837 908 5894 cst
923 5845 1025 5894 causa
1042 5821 1319 5912 iustificationis,
1345 5825 1445 5898 aliud
1468 5841 1519 5900 cst
1534 5851 1599 5899 ne·
1651 5821 1710 5898 bic
1734 5827 1964 5917 intelligitur,
1987 5850 2132 5917 prorsus
2152 5850 2233 5897 vcra
2251 5843 2285 5900 et
2300 5829 2444 5899 immota
2465 5812 2597 5894 estPauli
