5825 6950
520 679 650 783 aa,
963 739 969 749 ,
1117 664 1243 742 ente.
1272 661 1388 740 ttae.
1414 665 1623 742 scatere
1652 663 1957 746 extenuet.
2312 610 2316 615 ⁸
2516 669 2569 744 ea

529 848 666 917 arteriam
683 840 960 925 successionem,
999 843 1057 908 sed
1086 865 1193 932 penes
1215 841 1304 910 alios
1332 842 1521 932 ignobiles,
1576 842 1655 922 dio,
1681 843 1856 914 industria
1871 843 2119 914 excellentium
2135 843 2306 914 virorum.
2360 840 2476 934 Magis
2494 860 2571 914 erat

531 954 569 1020 in
587 949 824 1044 qtribuslucet
841 943 1097 1032 Evangelium,
1131 958 1163 1014 et
1188 945 1250 1036 qui
1275 963 1359 1017 sunt
1381 947 1454 1014 nati
1482 969 1521 1014 ex
1575 968 1754 1016 successor
1777 944 1929 1036 Augusti
1956 943 2210 1028 Germanicus,
2251 969 2356 1036 quam
2385 945 2570 1016 'liberius

531 1053 629 1144 Deo,
670 1067 709 1123 ut
741 1049 890 1120 loannes
921 1045 980 1117 ltic
1007 1049 1140 1139 inquit:
1184 1046 1280 1116 Haec
1312 1063 1362 1118 est
1385 1072 1523 1118 summa
1577 1047 1667 1118 Nam
1694 1047 1826 1120 virtute
1857 1064 1891 1119 et
1919 1050 2101 1120 laboribus
2134 1044 2339 1117 Germanici
2381 1051 2576 1138 regebatur

533 1155 641 1228 huius
658 1155 739 1237 loci,
761 1175 960 1242 congruens
976 1175 1056 1221 curu
1072 1152 1194 1220 multis
1210 1152 1385 1220 similibus
1399 1151 1523 1241 dispu·
1577 1152 1779 1242 imperium.
1829 1151 2033 1243 Antigonus
2057 1151 2289 1221 antecellebat
2305 1149 2440 1224 Arideo
2465 1153 2575 1222 lratri

534 1259 730 1329 tationibus
752 1257 790 1324 in
808 1250 996 1344 Prophetis
1020 1268 1051 1321 et
1070 1251 1181 1321 Paulo
1205 1259 1248 1322 ad
1266 1251 1373 1328 Ront.
1393 1253 1429 1327 9.
1477 1250 1526 1324 Et
1577 1253 1773 1324 Alexandri
1789 1255 1908 1327 electo.
1943 1255 2004 1327 Sic
2018 1253 2234 1325 antecellunt
2248 1250 2434 1345 Episcopis
2451 1255 2578 1324 electis

537 1363 688 1431 loannes
710 1361 915 1428 discernens
936 1358 1001 1426 tria
1019 1357 1194 1424 membra:
1222 1354 1304 1424 Non
1322 1381 1363 1426 ex
1379 1358 1525 1446 sangui-
1578 1356 1646 1424 riri
1678 1357 1772 1427 docti
1797 1373 1831 1428 et
1856 1359 2050 1450 sapientes,
2094 1357 2156 1450 qui
2182 1356 2380 1426 imitatione
2413 1359 2578 1448 patribus

536 1467 655 1548 nibus,
681 1459 1135 1542 necexeoluntateearuis,
1161 1461 1526 1552 nequeexvoltmtate
1578 1462 1789 1544 succedunt,
1826 1474 1860 1532 et
1884 1455 2235 1554 comprehenduntur
2263 1453 2321 1528 hic
2352 1483 2477 1531 omnes
2509 1463 2577 1554 qui

536 1569 604 1637 siri
626 1581 713 1649 ete.,
746 1565 946 1634 considerat
969 1565 1094 1630 modos
1116 1585 1259 1648 omnes,
1294 1564 1425 1656 quibus
1440 1588 1526 1654 pro·
1579 1563 1655 1630 sine
1669 1561 1807 1654 Spiritu
1821 1578 1944 1634 sancto
1958 1565 2147 1634 imitantur
2161 1577 2323 1635 externos
2340 1561 2441 1648 ritus,
2468 1589 2576 1632 exet·-

536 1684 710 1763 pagantur
733 1680 915 1756 regnaaut
937 1665 1072 1755 politici
1097 1679 1234 1748 coetus,
1264 1665 1348 1758 quia
1371 1667 1527 1734 mundus
1579 1665 1679 1748 citis,
1712 1665 1939 1756 disciplinam
1963 1680 2176 1738 sanctorum.
2236 1664 2337 1735 Sicut
2360 1659 2497 1736 honesti
2516 1689 2577 1734 sa-

537 1787 636 1865 putat
660 1769 846 1863 propagari
868 1766 1079 1850 Ecclesiam,
1120 1767 1210 1838 sicut
1247 1791 1353 1856 regna
1388 1769 1526 1849 mundi,
1581 1769 1739 1838 cerdotes
1753 1770 1940 1839 imitantur
1953 1762 2460 1858 ceremoniasEpiscoporum,
2489 1768 2576 1837 Mo-

498 1964 501 1970 .
537 1876 592 1945 vel
615 1889 753 1956 coetus,
786 1886 847 1941 aut
876 1870 1023 1959 collegia
1046 1865 1214 1944 humana.
1267 1869 1397 1941 Tradit
1418 1872 1528 1961 igitur
1580 1865 1685 1940 nachi
1703 1871 1890 1943 imitantur
1906 1874 1995 1943 dura
2014 1871 2178 1942 exercitia
2192 1870 2396 1962 aliquorum
2415 1884 2575 1961 patrum,

537 1978 661 2048 utilem
678 1974 878 2046 doctrinam
895 1969 1467 2064 discernitEcclesiamapolitiis,
1494 1987 1529 2042 et
1580 1971 1774 2062 Baptistae,
1815 1989 1876 2046 aut
1903 1975 2072 2058 Antonii,
2106 1987 2171 2044 etc.
2231 1970 2407 2042 Homines
2441 1974 2576 2045 eruditi

537 2082 682 2150 rnodum
714 2075 978 2169 propagationis
1001 2075 1167 2144 ostendit.
1229 2073 1370 2145 Primus
1400 2079 1526 2146 modus
1581 2076 1767 2146 imitantur
1788 2077 1988 2148 doctrinam
2010 2076 2254 2168 sinespiritu,
2289 2072 2575 2146 etmisceuthu-

538 2198 606 2269 est,
639 2179 827 2274 propagari
856 2178 989 2247 carnali
1013 2179 1258 2266 generatione,
1291 2179 1380 2249 sicut
1404 2175 1528 2249 haeres
1582 2203 1723 2248 manant
1742 2181 1962 2272 sapientiam.

538 2299 589 2355 est
603 2284 792 2377 Cambyses
812 2278 921 2376 Cyri,
948 2281 1031 2372 qtsia
1049 2305 1091 2348 ex
1118 2306 1159 2349 eo
1183 2294 1374 2352 natusest.
1428 2282 1528 2352 Sicut
1682 2279 1731 2350 lli
1751 2297 1820 2353 tres
1836 2285 1965 2374 gradus
1981 2297 2064 2355 sunt
2079 2283 2193 2366 modi,
2221 2279 2351 2371 quibus
2374 2302 2575 2371 propagau-

536 2388 662 2479 politia
679 2385 836 2456 Mosaica
858 2383 925 2453 luit
948 2384 1200 2474 propagatione
1215 2385 1369 2469 carnali,
1392 2387 1451 2453 sed
1471 2385 1529 2468 ita,
1583 2397 1640 2451 tur
1654 2408 1760 2474 regna
1777 2403 1812 2458 et
1827 2386 1963 2478 politici
1986 2401 2127 2470 coetus,
2154 2407 2219 2456 nec
2237 2395 2320 2452 sunt
2333 2383 2394 2451 alii
2410 2407 2476 2454 nec
2492 2385 2572 2476 plu-

537 2508 577 2562 ut
598 2491 778 2561 accederet
799 2487 1031 2558 circumcisio,
1099 2485 1158 2556 Sic
1182 2481 1347 2557 haerebat
1373 2490 1527 2579 primum
1583 2511 1637 2556 res
1655 2489 1765 2560 rttodi.

537 2597 575 2662 in
590 2579 706 2664 Adam
721 2591 863 2682 opinio,
889 2589 1003 2659 filium
1014 2586 1102 2660 Cain
1120 2589 1195 2657 lore
1213 2583 1420 2672 haeredem,
1445 2592 1528 2684 quia
1682 2588 1752 2661 Sed
1777 2606 1924 2684 quartus
1946 2591 2074 2679 gradus
2096 2585 2295 2670 Ecclesiae,
2324 2579 2479 2672 horest,
2507 2613 2570 2677 po-

541 2721 582 2766 ex
601 2698 682 2788 ipso
704 2709 810 2764 natos
838 2706 938 2765 esset.
998 2690 1057 2760 sic
1077 2692 1340 2788 imaginabatur
1365 2693 1460 2762 lsaac
1486 2697 1530 2761 de
1584 2693 1658 2781 puli
1683 2694 1899 2763 renascentis
1916 2694 1959 2761 ad
1977 2705 2184 2784 perpetuam
2204 2689 2310 2758 vitam
2328 2689 2493 2780 proprius
2509 2704 2571 2772 est,

539 2795 654 2883 Esau,
677 2798 727 2867 sic
742 2795 857 2868 David
877 2796 922 2863 de
938 2789 1171 2879 Absalon,ct
1192 2817 1256 2862 nos
1278 2797 1410 2885 singuli
1432 2799 1529 2884 cogi·
1583 2819 1623 2863 ex
1647 2793 1723 2866 Deo
1748 2797 1845 2866 nasci
1869 2821 1933 2889 per
1956 2793 2213 2884 Evangelium,
2248 2792 2339 2862 sicut
2365 2790 2429 2860 ait:
2465 2791 2574 2862 Dedit

540 2917 656 2972 tamna
670 2898 825 2994 aliquam
842 2897 1120 2988 praerogativam
1143 2920 1215 2964 esse
1236 2899 1474 2987 generationis
1497 2913 1530 2968 et
1584 2898 1655 2967 illis
1671 2913 1875 2990 potestatem
1892 2899 1984 2970 lilios
1999 2899 2069 2968 Dei
2086 2898 2181 2973 lieri,
2207 2893 2451 2980 credentibus,
2471 2908 2535 2966 etc.

540 3004 707 3072 familiae.
764 2999 1039 3072 Contendebant
1065 3000 1175 3087 igitur
1198 2998 1377 3070 lsraelitae
1400 3027 1436 3071 se
1459 3028 1530 3072 esse
1686 3003 1875 3073 Diseamus
1893 3025 1975 3092 ergo
2000 3025 2074 3070 non
2099 3000 2215 3070 solum
2233 2997 2472 3067 lsradlitarum
2495 3021 2576 3088 per·
2608 3063 2611 3068 .

541 3105 715 3198 populum
732 3099 800 3173 Dei
824 3127 886 3172 seu
909 3102 1019 3188 filios,
1051 3116 1237 3193 propterea
1261 3108 1357 3194 qarod
1380 3108 1453 3175 nati
1477 3129 1531 3174 es·
1585 3104 1766 3178 suasiones
1783 3108 1955 3190 refutare,
1980 3107 2040 3173 sed
2057 3105 2162 3172 etiam
2180 3099 2324 3170 similes.
2384 3094 2519 3169 Errant
2541 3115 2577 3170 et

540 3224 618 3279 sent
634 3207 826 3278 exsemine
842 3200 1036 3288 Abraham,
1060 3219 1095 3276 et
1109 3205 1413 3276 circumcisionem
1431 3234 1452 3277 a
1471 3233 1532 3298 pa·
1586 3203 1652 3277 hoc
1673 3223 1832 3298 tempore
1848 3207 2120 3298 Anahaptistae‚
2148 3205 2210 3298 qui
2229 3203 2453 3273 contendunt
2474 3215 2576 3271 natos

538 3311 654 3382 tribus
684 3323 861 3399 acceptam
896 3308 1109 3378 retinebant.
1174 3305 1223 3378 Et
1253 3323 1326 3379 erat
1352 3312 1531 3398 persuasio
1584 3335 1624 3380 ex
1640 3307 1854 3394 Christianis
1870 3335 1943 3380 uon
1962 3309 2089 3379 afferre
2105 3322 2286 3399 peccatum
2304 3304 2468 3394 originis.
2505 3299 2577 3374 Er-

540 3414 749 3506 pontificum
765 3410 1024 3495 Leviticorum‚
1056 3410 1233 3501 alligatam
1247 3435 1322 3482 esse
1335 3410 1531 3485 Ecclesiam
1584 3427 1665 3485 rant
1688 3414 1750 3509 qui
1769 3414 1993 3485 contendunt
2016 3413 2066 3483 ibi
2090 3433 2163 3483 esse
2184 3405 2400 3489 Ecclesiam,
2433 3407 2496 3479 uhi
2525 3421 2580 3479 est

539 3519 584 3587 ad
599 3518 727 3586 seriem
751 3515 1016 3584 ordinariorum
1042 3536 1294 3589 successorum.
1346 3516 1453 3586 Hunc
1477 3544 1532 3586 er·
1585 3518 1765 3589 ordinaria
1794 3516 1967 3589 successio
2000 3514 2257 3609 Episcoporum
2289 3510 2584 3600 gubernantium,

539 3642 656 3690 rorem
679 3630 712 3688 et
728 3614 888 3709 Baptista
916 3629 1027 3700 taxat,
1062 3640 1142 3684 eum
1163 3617 1296 3710 inquit:
1332 3617 1385 3687 Ne
1407 3619 1532 3690 dicatis
1586 3644 1675 3714 quae
1690 3622 1861 3690 successio
1878 3645 1959 3691 vere
1975 3632 2008 3689 et
2026 3617 2188 3709 proprie,
2214 3629 2253 3687 ut
2267 3612 2417 3685 loannes
2438 3608 2497 3683 hic
2521 3614 2582 3683 lo-

523 3722 633 3793 .intra
650 3720 894 3810 vosmetipsos,
919 3733 1055 3809 patrem
1074 3713 1449 3807 habemusbbraham,
1466 3740 1531 3795 etc.
1586 3724 1726 3815 quitur:
1753 3721 1812 3794 Fit
1828 3724 2013 3793 voluntate
2030 3722 2158 3805 carnis,
2178 3720 2213 3788 id
2232 3730 2294 3799 est,
2315 3710 2473 3787 humano
2490 3742 2583 3787 con-

641 3824 828 3895 Sccundus
858 3824 986 3891 modus
1010 3822 1276 3913 propagationis
1301 3838 1353 3893 est
1382 3850 1446 3915 per
1469 3828 1531 3895 ad·
1585 3827 1683 3909 silio,
1710 3839 1749 3895 ut
1766 3821 1919 3917 Caiphae
1943 3850 2016 3896 non
2038 3840 2089 3896 est
2105 3824 2199 3893 lilius
2214 3819 2301 3902 Dei,
2324 3818 2460 3889 etiamsi
2474 3821 2582 3889 ordi·

539 3926 743 4018 optionem,
780 3924 838 3994 vel
860 3925 1091 4007 electionem,
1129 3937 1169 3993 ut
1191 3924 1353 4009 Angusto
1376 3931 1531 3997 succedit
1585 3930 1683 3997 naria
1700 3928 1920 3999 successione
1941 3942 1991 3998 est
2011 3927 2188 4018 pontifex,
2212 3924 2296 4017 quia
2317 3946 2391 3990 non
2407 3935 2457 3992 est
2472 3936 2583 3993 natus

539 4028 719 4099 Tiberius.
778 4025 839 4099 Sic
863 4042 1048 4119 postquam
1073 4041 1210 4098 coarctat
1233 4024 1428 4101 Ecclesiam
1452 4047 1532 4124 post
1585 4056 1625 4101 ex
1649 4029 1736 4102 Deo.
1797 4032 1845 4103 Αι
1868 4026 2056 4101 Zacharias
2080 4044 2134 4100 cst
2154 4028 2247 4099 lilius
2275 4022 2364 4110 Dei,
2409 4026 2492 4119 quia
2514 4052 2584 4116 per

538 4134 751 4202 destructam
768 4130 930 4221 politiam
948 4129 1142 4199 Mosaicam
1160 4155 1233 4199 non
1257 4155 1331 4201 esse
1351 4134 1528 4225 alligatam
1586 4136 1732 4205 verbum
1749 4149 1783 4205 et
1798 4134 1972 4225 Spiritum
1989 4148 2150 4227 sanctum
2166 4146 2218 4202 est
2235 4141 2388 4199 renatus.
2441 4124 2583 4202 Errant

473 4248 486 4260 ·
539 4235 584 4303 ad
602 4233 775 4303 lamiliam
791 4246 942 4317 certam,
966 4231 1125 4323 obrepsit
1149 4233 1217 4302 alia
1235 4237 1435 4324 persuasio,
1461 4234 1530 4309 Ec·
1584 4238 1688 4308 etiam
1714 4238 1777 4330 qui
1801 4252 1928 4328 putant
1952 4236 2029 4305 lieri
2050 4236 2144 4305 filios
2168 4245 2312 4325 propter
2339 4227 2582 4301 imitationem

538 4337 680 4407 clesiam
719 4335 897 4424 alligatam
929 4356 1003 4405 esse
1031 4337 1080 4402 ad
1108 4337 1364 4408 successionem
1396 4364 1531 4425 eorum,
1585 4340 1864 4410 ceremoniarum
1880 4354 1940 4410 aut
1961 4362 2110 4429 operum
2132 4336 2323 4406 moralium
2346 4330 2422 4401 sine
2437 4332 2583 4423 Spiritu

537 4439 600 4533 qui
617 4434 772 4507 humana
798 4436 969 4507 electione
989 4437 1209 4507 ordinariam
1237 4441 1530 4528 gubernationem
1583 4458 1725 4525 saneto,
1752 4456 1786 4512 et
1810 4442 1887 4511 sine
1910 4442 1997 4525 lide,
2021 4438 2087 4509 ltoc
2102 4454 2171 4523 est,
2197 4439 2274 4507 sine
2289 4434 2417 4505 fiducia
2437 4436 2583 4505 miseri-

537 4554 670 4614 tenent.
722 4537 792 4609 Hic
808 4564 939 4611 nervus
956 4553 1006 4610 est
1023 4541 1199 4642 potentiae
1215 4544 1436 4636 pontificiae,
1466 4542 1547 4617 hae.
1583 4546 1744 4633 cordiae,
1771 4544 1862 4615 sicut
1883 4540 2088 4639 hypocritae
2110 4544 2289 4612 linxerunt
2306 4536 2474 4607 meritum
2491 4562 2582 4609 con-

537 4642 766 4737 persuasione
790 4656 913 4714 tenent
940 4642 1153 4715 fascinatum
1170 4657 1283 4715 totum
1307 4650 1431 4716 orbem
1456 4665 1531 4721 ter·
1583 4648 1673 4737 grui.
1725 4646 1813 4717 Nam
1833 4643 1920 4718 haec
1942 4646 2149 4737 imaginatio
2167 4646 2273 4715 etiam
2288 4652 2389 4732 putat
2400 4639 2494 4710 filios
2508 4640 2583 4713 Dei

536 4771 675 4831 rarum,
702 4748 799 4840 quod
820 4744 977 4815 Ecclesia
1002 4747 1046 4815 sit
1071 4760 1259 4838 propagata
1283 4748 1455 4821 electione
1473 4778 1529 4822 ca·
1583 4752 1681 4839 fieri,
1710 4750 1820 4819 deleri
1846 4762 2048 4847 peccatum,
2077 4762 2207 4820 conatu
2230 4759 2266 4816 et
2285 4743 2403 4813 studio
2427 4744 2582 4815 rationis

536 4851 665 4921 nonica
701 4872 762 4918 seu
792 4848 1012 4919 successione
1043 4850 1225 4919 ordinaria
1256 4850 1528 4945 Episcoporum.
1582 4855 1658 4923 sine
1693 4854 1819 4924 fiducia
1842 4847 1977 4922 Christi
2006 4852 2229 4930 mediatoris,
2270 4860 2306 4917 et
2338 4846 2415 4933 sinc
2437 4842 2579 4933 Spiritu

535 4953 594 5022 Ad
626 4946 719 5021 hanc
740 4950 789 5019 ita
819 4950 969 5039 alligant
993 4948 1211 5037 Ecclesiam,
1252 4967 1292 5025 ut
1313 4961 1529 5031 contendant
1581 4972 1714 5029 sancto.
1767 4954 1841 5025 llas
1857 4956 2048 5025 sententias
2066 4954 2103 5023 in
2122 4954 2195 5022 illis
2216 4947 2403 5021 exclusivis
2419 4946 2579 5037 particu-

536 5060 722 5125 damnatos
736 5076 811 5123 esse
836 5076 978 5136 omnes,
1013 5055 1075 5147 qui
1098 5079 1173 5125 non
1199 5071 1283 5126 suut
1306 5060 1372 5128 sub
1396 5061 1529 5131 talibus
1582 5060 1626 5127 lis
1642 5060 1829 5151 complecti
1847 5055 2017 5127 loannem
2034 5080 2107 5146 non
2125 5057 2263 5126 dubito.
2318 5050 2492 5121 Absoluta
2509 5050 2581 5141 igi-

535 5154 746 5248 Episcopis,
778 5171 936 5226 autnon
960 5159 1354 5248 obtemperant⁸eorum
1380 5161 1528 5253 legibus.
1581 5177 1641 5231 tur
1655 5158 1721 5232 hac
1737 5162 1955 5254 praefatione
1970 5163 2013 5230 de
2030 5159 2210 5235 beneficiis
2225 5150 2380 5239 Christi,
2407 5156 2451 5223 de
2468 5158 2579 5225 modo

535 5260 605 5329 Sed
631 5259 783 5329 loannes
810 5260 927 5350 palam
960 5261 1143 5329 reclamat:
1177 5260 1258 5331 Non
1281 5286 1322 5332 ex
1345 5268 1528 5339 volontate
1581 5290 1653 5359 quo
1670 5288 1709 5335 ea
1726 5264 1996 5357 consequimur,
2033 5262 2125 5333 redit
2141 5258 2368 5351 Evangelista
2386 5258 2429 5325 ad
2455 5280 2580 5347 perso-

535 5363 661 5433 carnis.
714 5361 817 5432 Alius
835 5376 955 5431 coetus
978 5378 1032 5433 est
1048 5358 1224 5448 Ecclesia,
1258 5390 1332 5433 non
1356 5394 1528 5461 propaga.
1581 5368 1952 5457 naedescriptioncm.

533 5480 590 5537 tus
606 5460 775 5535 humanis
792 5464 1041 5552 electionibus,
1066 5483 1106 5537 ut
1130 5467 1300 5558 imperia,
1326 5484 1387 5540 aut
1408 5474 1526 5563 digni-

532 5568 854 5660 tatespomfficum·
1765 5534 1819 5608 El
1852 5534 2015 5611 Verbum
2043 5560 2130 5607 coro
2149 5533 2299 5633 seclum
2327 5538 2391 5601 est.

633 5669 779 5742 Tertius
794 5672 925 5762 gradus
941 5684 1010 5750 est,
1037 5672 1244 5763 propagatio
1267 5695 1331 5764 per
1355 5674 1526 5748 imitatio·
1682 5674 1762 5745 Hoc
1785 5676 1881 5745 dicto
1903 5676 2080 5745 refutatur
2099 5670 2368 5750 samosatenus,
2395 5664 2580 5751 Servatus,

531 5796 625 5843 nem.
679 5770 775 5847 Haec
790 5786 841 5844 est
856 5773 970 5845 multo
991 5774 1217 5845 excellentior
1232 5778 1387 5847 secundo
1401 5782 1526 5868 gradu
1581 5780 1781 5869 adsimiles,
1809 5778 1870 5871 qui
1895 5779 2118 5849 contendunt
2139 5764 2254 5868 λόγον
2277 5791 2352 5839 non
2369 5770 2498 5841 debere
2516 5772 2579 5841 in-

532 5876 612 5946 ideo
635 5875 739 5946 dicit:
765 5874 849 5947 Non
869 5902 911 5948 ex
935 5876 1119 5948 voluntate
1140 5878 1228 5960 viri,
1254 5880 1424 5969 consilio,
1450 5895 1524 5954 stu·
1579 5882 1689 5974 telligi
1710 5906 1916 5975 personam,
1944 5883 2003 5951 sed
2024 5874 2088 5949 has
2104 5872 2308 5969 praestigias
2325 5885 2359 5942 et
2377 5872 2581 5947 calumnias
