5825 6950
335 737 400 817 tta
742 741 826 827 ΧΠ.
876 732 1707 816 ENARRATIOINEVANG.IOANN18.
1757 733 1864 811 Call'.
1891 737 1936 810 X.
2125 799 2128 807 .
2279 746 2358 820 246

333 919 494 988 luctantur
513 938 596 986 cum
614 914 922 1001 dubitationibus,
945 912 1157 1000 diffidentia,
1183 929 1217 988 et
1233 913 1313 985 aliis
1364 931 1484 980 ramus
1510 910 1632 982 oculos
1653 903 1794 982 nostros
1817 913 1862 982 ad
1886 907 1950 982 has
1971 910 2238 1004 promissiones:
2274 914 2356 988 Non

330 1019 449 1090 vitiosis
467 1018 689 1106 affectibus,
710 1034 746 1091 et
758 1017 990 1110 experiuntur
1011 1040 1131 1088 veram
1158 1040 1232 1089 esse
1247 1042 1313 1086 vo·
1364 1013 1618 1103 praevalebunt
1631 1028 1753 1104 portae
1763 1013 1900 1085 'inferni
1918 1016 2086 1085 adversus
2108 1040 2196 1092 eam.
2251 1017 2354 1090 Item:
2378 1007 2380 1012 ¹

328 1147 405 1193 cem:
431 1119 565 1193 Venite
580 1124 626 1192 ad
640 1145 696 1190 me
709 1145 851 1206 omnes,
876 1122 939 1215 qui
962 1120 1131 1190 laboratis
1164 1137 1197 1192 et
1224 1143 1313 1190 one-
1363 1114 1476 1186 Nemo
1494 1117 1606 1209 rapiet
1622 1139 1679 1186 eas
1695 1119 1739 1186 de
1754 1141 1860 1187 manu
1876 1141 1973 1204 mea,
1999 1129 2063 1190 etc.

328 1225 384 1296 rati
399 1224 506 1309 estis,
532 1237 568 1294 et
585 1247 650 1316 ego
665 1221 820 1295 reficiam
844 1247 918 1296 vos.
971 1221 1310 1317 'l'alesquiaperse-
1465 1216 1561 1288 llaec
1600 1213 1661 1290 de*
1682 1221 1985 1310 disputationibus
2021 1223 2354 1314 praedestinationis

325 1341 436 1398 verant
455 1317 980 1412 tandemtnba'cobedienria‚
1007 1339 1089 1396 sunt
1109 1327 1222 1400 electi.
1363 1321 1542 1392 monuisse
1573 1321 1656 1392 satis
1690 1324 1754 1407 sit,
1809 1347 2052 1394 removeamus
2089 1322 2355 1418 philosophicas

411 1428 629 1501 lutueamur
651 1443 964 1520 ergototamentc
988 1429 1210 1500 voluntatem
1229 1427 1310 1513 Dei,
1362 1423 1643 1515 imaginationes.
1708 1419 1885 1494 Omnium
1917 1421 2106 1496 huminum
2137 1430 2248 1498 animi
2279 1432 2354 1500 siue

328 1535 445 1626 inipso
469 1535 587 1603 verbo
611 1529 679 1602 Dei
701 1555 920 1624 expressam,
955 1544 995 1603 ut
1017 1555 1098 1602 cerm
1121 1535 1165 1602 de
1183 1531 1309 1601 remis·
1363 1527 1441 1597 luce
1453 1527 1615 1612 coelesti,
1642 1540 1704 1598 aut
1721 1528 1878 1599 sentiunt
1895 1553 1977 1599 casu
1994 1531 2113 1600 omnia
2130 1555 2252 1615 ruere,
2277 1533 2354 1602 sine

333 1637 414 1708 sione
441 1649 695 1730 peccatorum,
745 1635 947 1730 quaerimus
981 1634 1201 1705 voluntatem
1233 1633 1311 1716 Dei,
1361 1630 1620 1720 gubernatione
1646 1629 1789 1711 divina,
1816 1643 1856 1700 ut
1880 1631 2053 1702 sentiebat
2067 1629 2263 1722 Epicurus,
2296 1631 2354 1706 hic

333 1765 384 1810 nec
402 1763 471 1809 nos
496 1739 595 1833 ipsos
620 1741 872 1808 conturbemus
899 1737 980 1807 aliis
1008 1736 1310 1827 disputationibus
1362 1733 1463 1804 inrue
1478 1735 1693 1803 execrandus
1718 1745 1788 1818 est,
1822 1747 1884 1805 ant
1907 1735 2067 1806 sentiunt
2089 1733 2204 1807 Deum
2229 1738 2353 1828 alliga-

331 1845 490 1912 decausis
512 1839 708 1914 electionis.
762 1838 813 1910 lta
838 1839 1006 1928 iutelligit
1030 1837 1146 1910 David
1171 1839 1311 1908 miseri·
1362 1849 1436 1907 tum
1451 1859 1525 1906 esse
1540 1835 1655 1906 causis
1672 1837 1855 1917 secundis,
1883 1861 1948 1906 nec
1972 1839 2075 1909 aliter
2098 1862 2218 1928 agere,
2245 1863 2353 1933 quam

327 1945 474 2014 cordiam
491 1940 561 2013 Dei
576 1943 754 2026 vocantis,
785 1956 820 2014 et
843 1944 1038 2027 moventis,
1073 1965 1147 2010 esse
1169 1966 1309 2012 causam
1362 1951 1402 2008 ut
1417 1939 1499 2007 illae
1513 1961 1592 2008 eum
1610 1938 1772 2030 rapiunt,
1799 1955 1861 2011 aut
1884 1953 1975 2009 certe
1998 1963 2059 2010 sua
2076 1955 2218 2014 aeterna
2237 1943 2354 2013 deter-

326 2047 519 2132 electionis,
545 2046 608 2116 sed
624 2059 743 2117 tamen
757 2044 868 2146 accipi
883 2059 1048 2138 oportere
1069 2045 1225 2114 oblatam
1241 2045 1309 2114 mi·
1362 2041 1558 2112 minatione
1575 2065 1700 2133 rapere
1718 2043 1936 2126 voluntates,
1961 2055 1995 2112 et
2011 2057 2176 2128 eventus,
2203 2046 2277 2114 sive
2293 2069 2354 2114 ve-

327 2150 567 2233 serieordiam,
615 2161 650 2218 et
677 2149 819 2218 vocanti
839 2148 916 2218 Deo
939 2147 1201 2218 assentiendum
1225 2171 1309 2221 esse.
1362 2143 1488 2232 limus,
1515 2143 1589 2214 sive
1605 2144 1778 2231 nolimus,
1812 2145 1859 2216 ita
1883 2147 2007 2214 cadere
2030 2145 2125 2217 iuxta
2147 2148 2354 2218 immutabi-

328 2251 390 2323 llic
406 2253 476 2322 iam
497 2251 669 2322 dulcescit
686 2248 790 2322 nobis
804 2251 938 2323 dictum
953 2245 1217 2335 Christi,'cum
1239 2251 1310 2318 im·
1359 2248 1431 2316 lem
1456 2246 1800 2322 determinationem.
1867 2247 1963 2318 Haec
1987 2260 2070 2317 sunt
2093 2246 2231 2334 Stoica,
2264 2275 2354 2343 quae

331 2355 547 2426 betillitatem
575 2367 733 2424 nostram
761 2368 795 2424 et
826 2354 983 2446 pericula
1007 2353 1222 2442 cogitamus,
1254 2353 1309 2440 vi·
1362 2373 1435 2419 non
1453 2363 1538 2420 sunt
1552 2344 1754 2419 invehenda
1776 2351 1814 2419 in
1829 2345 2046 2436 Ecclesiam,
2073 2365 2107 2422 et
2120 2353 2177 2422 vel
2194 2369 2354 2424 cuntem-

343 2461 443 2529 deuus
461 2481 691 2552 nequaquam
713 2480 780 2526 nos
802 2469 900 2528 tanta
922 2455 1115 2526 certamina
1135 2455 1309 2525 sustinere
1361 2465 1438 2522 tum
1461 2448 1546 2538 Dei,
1577 2452 1632 2521 vel
1655 2453 1797 2540 odium,
1838 2453 1893 2522 vel
1918 2454 2166 2544 negligentiam
2190 2455 2227 2524 in
2252 2456 2355 2526 nobis
2392 2506 2396 2520 .

348 2585 436 2654 posse.
491 2561 612 2630 Adam
635 2575 669 2630 et
691 2555 769 2630 Eva
792 2585 867 2630 non
891 2570 1055 2653 poterant
1076 2557 1151 2628 suis
1172 2557 1310 2628 viribus
1361 2555 1523 2645 gignunt.
1577 2553 1646 2626 Sed
1665 2580 1729 2628 nos
1746 2556 1930 2627 audiamus
1945 2581 2065 2646 vocem
2082 2559 2215 2628 aeterni
2234 2558 2355 2649 patris,

341 2664 491 2734 sustinere
515 2663 698 2745 dolorem,
738 2688 779 2732 ex
807 2662 1005 2755 spectaculo
1028 2661 1162 2752 primae
1193 2662 1310 2731 caedis
1363 2657 1426 2750 qui
1442 2657 1544 2750 inqui
1561 2659 1603 2727 de
1619 2659 1709 2729 lilio:
1743 2656 1851 2728 Hunc
1879 2657 2010 2732 audite.
2071 2658 2190 2748 Quare
2215 2682 2355 2730 necesse

338 2781 448 2842 onum.
488 2765 608 2835 David
627 2789 849 2859 nequaquam
867 2765 1191 2856 poteratsustinere
1206 2789 1309 2834 suum
1362 2772 1415 2830 est
1430 2760 1546 2830 audiri
1564 2761 1709 2831 verbum
1727 2757 1813 2844 Dei,
1841 2776 1996 2833 metuere
2021 2764 2154 2848 minas,
2182 2777 2215 2833 et
2234 2767 2377 2832 assen-'

334 2865 496 2954 dolor'em,
523 2892 565 2938 ex
582 2867 797 2962 conscientia
814 2869 867 2938 sui
891 2868 1030 2938 sceleris
1057 2880 1091 2937 et
1118 2867 1215 2936 exilii
1232 2892 1306 2936 ma·
1365 2862 1424 2933 tiri
1441 2863 1756 2962 promissionibus,
1789 2880 1822 2935 et
1844 2865 1955 2948 scire,
1984 2864 2081 2935 iuxta
2100 2861 2167 2936 huc
2190 2867 2355 2946 verbum:

332 2972 370 3040 lis
386 2986 521 3057 ortum,
566 2971 628 3040 sed
642 2965 710 3056 bi,
743 2971 828 3068 quia
861 2971 1019 3042 sciebant
1046 2971 1202 3064 aliquam
1238 2993 1311 3039 esse
1365 2967 1476 3035 libere
1498 2963 1613 3035 Deum
1644 2990 1684 3036 ac
1706 2981 1802 3036 certo
1825 2967 2010 3038 nobiscum
2041 2991 2162 3058 agere,
2203 2984 2243 3038 ut
2276 2991 2357 3056 erga

330 3090 497 3145 aeternam
512 3073 730 3158 Ecclesiam,
765 3073 1115 3144 noranteamaDeo
1138 3073 1312 3157 adiuvari,
1365 3092 1448 3138 suos
1473 3069 1604 3138 liberos
1632 3069 1701 3158 agit
1723 3071 1880 3160 sapiens,
1913 3071 2027 3140 iustus
2061 3087 2094 3140 et
2118 3073 2271 3140 clemens
2295 3095 2356 3160 pa-

328 3181 459 3268 erigunt
474 3177 586 3266 igitur
602 3200 657 3257 se,
675 3191 709 3246 et
724 3179 952 3247 adiuvantur.
1365 3171 1582 3244 teriamilias.
1635 3170 1832 3243 Petendum
1848 3172 1958 3260 igitur
1975 3187 2007 3241 et
2024 3187 2117 3242 certo
2141 3173 2367 3264 sperandum

423 3279 476 3352 lta
492 3305 559 3350 nos
574 3279 759 3350 confirmet
776 3275 861 3351 haec
876 3304 958 3350 vox:
993 3278 1108 3349 Nemo
1124 3278 1238 3363 rapiet
1254 3299 1311 3346 eas
1366 3273 1603 3343 estauxilium
1619 3268 1709 3358 Dei,
1735 3269 2002 3344 sicutChristus
2025 3276 2091 3344 ait:
2124 3273 2235 3343 Petite
2251 3288 2285 3343 et
2300 3297 2358 3342 ac-

326 3383 495 3454 demanu
518 3407 611 3452 mea.
676 3379 743 3451 Est
774 3384 947 3475 quaedam
982 3397 1122 3452 aeterna
1143 3377 1314 3463 Ecclesia,
1366 3374 1513 3468 cipictis.
1577 3372 1680 3446 ltern:
1724 3374 1868 3464 Quanto
1899 3377 2008 3466 magis
2039 3391 2135 3467 pater
2159 3391 2273 3444 vester
2296 3377 2357 3468 qui

326 3512 429 3581 quare
444 3487 629 3558 iuvabitur
643 3486 682 3554 in
704 3487 812 3557 tantis
832 3485 1105 3570 certaminibus,
1138 3484 1210 3553 imo
1233 3499 1313 3553 uta·
1366 3480 1404 3551 in
1425 3479 1532 3549 coelis
1546 3490 1615 3564 est,
1643 3478 1742 3549 dabit
1759 3478 1931 3571 Spiritum
1947 3494 2104 3550 sanctum
2120 3482 2334 3572 petentibus.

324 3614 399 3659 neor
413 3616 454 3659 ea
470 3601 640 3683 tanquam
664 3588 918 3680 promissione,
950 3590 1102 3659 sciamus
1127 3587 1231 3656 nobis
1253 3581 1313 3656 hic

324 3692 360 3761 in
378 3706 431 3763 tot
444 3692 650 3782 ingentibus
665 3690 832 3785 periculis
850 3693 1008 3783 promitti
1028 3690 1215 3774 auxilium,
1239 3713 1313 3757 nou

1532 3644 1735 3721 Tollebant
1751 3649 1868 3747 igilur
1885 3650 2014 3722 ilerum
2031 3648 2188 3753 Iapides.

329 3797 572 3885 praevidemus
603 3818 726 3862 omnes
756 3795 892 3865 diaboli
927 3794 1083 3867 insidias.
1150 3790 1315 3861 Custodit
1470 3785 1551 3856 Non
1577 3786 1683 3856 inisse
1702 3776 1884 3876 ambiguas
1909 3788 2096 3859 conciones
2121 3784 2275 3872 Christi,
2307 3790 2360 3859 fa·
2443 3832 2447 3839 ,
2548 3818 2564 3832 e

327 3897 430 3986 igitur
453 3922 522 3968 nos
546 3898 764 3967 dormientes
796 3894 911 3988 Deus,
944 3898 1171 3991 implicamur
1204 3894 1314 3964 inter·
1369 3904 1491 3963 tentur
1513 3887 1590 3958 eius
1618 3891 1830 3974 adversarii,
1865 3892 1927 3982 qni
1950 3891 2155 3981 intelligunt
2175 3884 2358 3960 Christum

325 4002 409 4069 dum
434 4000 608 4092 negotiis,
651 4023 740 4092 quae
776 4023 919 4089 prorsus
948 3984 1207 4069 inextricabilia
1234 4010 1317 4097 stant
1371 3992 1591 4087 praedicare,
1633 4015 1669 4061 se
1693 4015 1767 4062 esse
1789 3988 1921 4072 Deum,
1962 3994 2053 4082 patri
2086 3996 2287 4086 aequalem,
2321 4006 2363 4064 nt

325 4097 672 4181 hnmanoconsilio‚
718 4121 757 4171 ut
779 4102 900 4172 David
923 4104 1089 4195 expulsus
1115 4124 1245 4190 regno,
1279 4113 1318 4170 ut
1373 4098 1495 4168 loann.
1514 4093 1550 4167 5.
1569 4094 1709 4164 dicunt:
1733 4097 1925 4187 Aequalem
1940 4120 1976 4165 se
1993 4098 2071 4166 Deo
2096 4098 2197 4180 facit,
2234 4090 2362 4177 ethic,

327 4209 477 4299 populus
494 4204 603 4275 lsrael
622 4204 749 4274 amissa
766 4230 864 4285 arca,
892 4222 926 4278 et
943 4220 1062 4297 postea
1088 4204 1262 4274 abductus
1279 4204 1317 4271 iu
1370 4216 1450 4271 eum
1466 4195 1572 4267 horno
1592 4198 1657 4279 sis,
1683 4197 1788 4266 iacies
1813 4213 1846 4267 te
1864 4196 1988 4271 Deum.
2042 4198 2112 4268 Nec
2143 4201 2273 4269 mirum
2300 4211 2363 4279 est,

326 4310 584 4401 captivitatem,
611 4308 703 4393 imo,
730 4322 769 4377 nt
785 4306 901 4377 Adam
918 4333 981 4377 suo
1004 4310 1123 4401 lapsu,
1153 4302 1214 4374 hic
1237 4330 1318 4374 rur·
1372 4298 1599 4371 vehementer
1628 4300 1766 4368 animos
1792 4296 1896 4370 huius
1921 4302 2042 4394 populi
2067 4298 2293 4371 abhorruisse
2318 4299 2363 4367 ab

325 4436 382 4481 sus
399 4438 442 4481 ex
466 4413 593 4481 mediis
617 4410 739 4481 inieris
763 4436 982 4503 revocamur.
1043 4407 1214 4480 Amemus
1236 4432 1319 4497 ergo
1372 4402 1427 4475 his
1443 4403 1694 4486 concionibus,
1721 4404 1781 4495 qui
1805 4416 1878 4473 erat
1901 4426 2038 4475 summa
2061 4428 2143 4474 cura
2161 4406 2203 4472 ael
2229 4402 2363 4472 doctri·

327 4510 545 4587 hoedictum
564 4509 717 4593 Christi,
745 4515 897 4583 etnobis
920 4512 1156 4595 inculcemus,
1191 4524 1230 4581 ut
1255 4534 1320 4581 saus
1372 4532 1455 4578 nam
1478 4509 1522 4575 de
1546 4506 1683 4577 unitate
1705 4504 1772 4575 Dei
1801 4507 2026 4578 assuefactus.
2095 4506 2250 4575 Tollunt
2280 4506 2363 4590 'ergo

326 4620 368 4685 ad
385 4616 651 4688 invocationem
666 4616 811 4700 excitet,
836 4620 870 4687 et
885 4618 922 4685 in
939 4629 1036 4686 tanta
1066 4616 1235 4685 varietate
1257 4636 1318 4707 pe·
1372 4610 1520 4701 lapides,
1544 4622 1585 4677 ut
1601 4609 1697 4679 velut
1714 4604 1961 4699 blasphemum
1982 4612 2146 4679 obruant.
2198 4605 2363 4678 Renovat

328 4721 521 4791 siculorum
545 4719 764 4810 privaturum
788 4732 821 4789 et
845 4720 1069 4811 publicorum
1101 4716 1319 4785 consoletur:
1374 4714 1482 4803 igitur
1499 4724 1695 4794 certamen,
1730 4711 1885 4800 primum
1911 4712 2075 4801 mitigans
2099 4710 2364 4779 contentionem

328 4820 441 4894 Neam
465 4822 581 4915 rapiet
604 4845 661 4891 eas
684 4824 728 4890 dc
751 4845 860 4891 manu
884 4846 971 4895 mea.
1031 4817 1191 4891 Defende
1212 4819 1322 4907 igitur
1374 4821 1418 4885 de
1434 4814 1691 4899 nomine,imu
1710 4815 1882 4905 scriptura
1901 4814 1994 4884 Deos
2019 4802 2122 4884 etiam
2148 4812 2229 4881 illos
2253 4828 2366 4893 vorat,

331 4950 394 4995 nos
418 4923 578 5004 Christe,
609 4925 670 5017 qui
696 4925 857 5017 undique
879 4946 1128 5016 oppugnamur
1152 4925 1197 4990 ab
1220 4922 1320 4991 infir·
1374 4918 1505 5013 quihus
1521 4917 1618 4985 verbi
1636 4913 1700 4984 Dei
1726 4916 1884 4986 custodia
1910 4918 2096 5008 praecipue
2120 4918 2363 4983 commendata

334 5032 607 5112 mitatenostra,
634 5052 652 5095 a
679 5026 842 5113 diabulo,
877 5028 984 5095 variis
1010 5025 1184 5096 scandalis
1206 5039 1239 5095 et
1261 5048 1322 5114 pe·
1375 5036 1437 5090 est.
1483 5018 1677 5107 Curigitur
1697 5015 1952 5109 blasphemiam
1971 5044 2043 5089 esse
2059 5020 2206 5097 ducitis,
2236 5041 2364 5085 stomun

336 5133 462 5205 ritulis.
514 5128 720 5225 Cogitemus
745 5132 839 5200 etde
857 5129 1009 5219 publicis
1032 5129 1197 5196 motibus.
1253 5125 1320 5198 Ubi
1376 5122 1442 5193 Dei
1474 5122 1575 5190 alteri
1611 5123 1746 5191 tribui?
1798 5122 1984 5211 Allegatur
2013 5136 2128 5193 autem
2161 5122 2295 5189 dictum
2327 5120 2364 5185 in

335 5258 494 5304 mansura
526 5248 578 5302 est
601 5230 777 5316 Ecclesia,
817 5234 877 5301 ethi
902 5250 1007 5302 erunt
1030 5230 1087 5320 pia
1111 5229 1247 5313 studia,
1293 5229 1321 5296 si
1377 5225 1564 5297 Psatoa:
1600 5219 1676 5312 Ego
1710 5224 1802 5309 dixi,
1847 5223 1907 5294 Dii
1931 5225 2030 5307 estis,
2073 5226 2166 5317 quod
2193 5219 2367 5311 significat

335 5332 440 5406 Turci
463 5337 571 5406 latins
593 5336 866 5423 grassabuntur,
907 5336 936 5402 si
962 5356 1058 5421 reges
1090 5345 1124 5402 et
1146 5332 1323 5425 principes
1377 5332 1541 5398 custodes
1565 5328 1664 5395 verbi
1685 5326 1771 5413 Dei,
1808 5342 1841 5396 et
1865 5351 1995 5417 organa
2019 5350 2166 5420 operum
2190 5322 2278 5409 Dei,
2306 5346 2369 5413 per

334 5434 525 5510 Christiani
549 5438 724 5521 nominis,
765 5438 820 5506 vel
851 5438 1031 5507 saevitiam
1059 5458 1220 5504 exercere
1244 5458 1325 5524 per·
1378 5428 1581 5522 quaeDeus
1603 5430 1690 5518 regit
1717 5425 1889 5503 homines.
1943 5429 2080 5511 Moses,
2107 5428 2270 5509 Samuel,
2297 5425 2369 5494 Na-

336 5556 429 5629 gent,
456 5543 514 5611 vel
531 5540 709 5609 intestinis
726 5540 828 5609 bellis
850 5540 1027 5610 vastitates
1052 5539 1090 5606 in
1114 5535 1188 5607 suis
1209 5536 1323 5624 regio·
1378 5529 1482 5617 than,
1509 5534 1649 5614 David,
1674 5547 1756 5601 sunt
1774 5534 1938 5602 custodes
1954 5534 2050 5601 verbi
2067 5531 2148 5612 Ilei,
2177 5545 2209 5599 et
2230 5553 2291 5619 per
2309 5549 2370 5594 eos

339 5643 608 5715 nitnrsiacicnt?
659 5640 698 5711 Si
719 5643 1036 5712 studialiterarnm
1065 5640 1327 5728 extinguentur,
1378 5636 1543 5731 miranda
1568 5658 1673 5725 opera
1700 5632 1795 5703 Deus
1818 5632 1914 5707 farcit.
1966 5634 2072 5704 'l'ales
2097 5648 2198 5703 creent
2222 5646 2254 5700 et
2271 5629 2371 5714 Saul,

335 5748 360 5813 si
376 5751 537 5819 doctores
559 5746 627 5839 ipsi
655 5744 801 5836 privatis
827 5759 863 5814 et
897 5743 1097 5814 ambitiosis
1121 5740 1327 5811 certamini·
1379 5738 1490 5808 etalii
1508 5760 1661 5825 regesac
1678 5738 1895 5817 sacerdotes,
1923 5736 2060 5805 etiamsi
2085 5736 2302 5806 miscuerunt
2317 5731 2369 5799 ol-

337 5846 855 5933 busdilacerabuntllcelesias,
882 5861 917 5916 et
935 5844 1161 5915 confusiones
1178 5846 1326 5933 dogma·
1380 5841 1458 5909 licio
1476 5862 1556 5910 suas
1573 5841 1798 5933 tyrannides,
1831 5853 1870 5909 ut
1895 5840 1946 5909 ibi
1963 5839 2055 5909 Psal.
2079 5861 2137 5908 cos
2157 5848 2311 5919 accusat,
2339 5848 2372 5904 et

337 5964 411 6023 tum
426 5951 580 6025 facient?
632 5948 674 6019 ln
690 5944 748 6018 his
771 5948 979 6042 spectaculis
1004 5946 1216 6019 tristissimis
1237 5946 1328 6017 rese·
1381 5966 1514 6035 poenas
1531 5946 1697 6017 minatur.
1911 6040 1956 6111 ¹6
1975 6037 1997 6077 ι
