5825 6950
551 684 627 763 999

564 874 638 949 εει,
663 881 770 956 quem
796 868 890 929 recte
911 850 1065 942 intelligi
1088 844 1245 941 oportet,
1281 850 1378 921 iuxta
1405 874 1550 923 enarra-

565 968 682 1040 tiones
703 959 851 1037 traditas
872 959 911 1027 in
935 952 1154 1049 propheticis
1177 965 1211 1023 et
1234 954 1438 1044 apostolicis
1463 956 1552 1025 scri-

567 1070 649 1161 ptis.
700 1062 791 1135 Nam
812 1084 918 1151 opera
943 1082 1017 1127 non
1040 1056 1206 1125 mandata
1226 1078 1245 1125 a
1263 1052 1339 1126 Deo
1373 1081 1449 1126 non
1471 1073 1554 1129 sunt

570 1171 686 1242 cultus
708 1163 804 1248 Dei,
836 1164 933 1232 iuxta
966 1162 1124 1231 dictum:
1164 1154 1310 1228 Frustra
1340 1160 1464 1229 colunt
1498 1184 1555 1229 me

570 1268 746 1343 mandatis
774 1263 973 1336 hominum.

671 1368 737 1439 Est
754 1370 861 1457 igitur
877 1366 992 1435 cultus
1007 1361 1073 1433 Dei
1099 1384 1188 1453 opus
1203 1386 1221 1430 a
1236 1360 1312 1432 Deo
1333 1365 1557 1447 mandatum,

485 1480 490 1489 '
571 1476 703 1545 factum
720 1472 758 1539 iu
781 1469 961 1558 agnitione
980 1464 1183 1533 mediatoris
1200 1478 1235 1535 et
1251 1488 1332 1533 vera
1349 1465 1439 1549 lide,
1465 1465 1558 1534 rela-

571 1591 647 1649 tum
671 1575 716 1643 ad
743 1568 840 1641 hunc
862 1570 988 1649 linem,
1032 1580 1070 1635 ut
1101 1564 1177 1635 Deo
1205 1581 1401 1656 praestetur
1424 1564 1560 1651 honos,

1156 670 1283 749 tntu
1310 672 1428 757 MEL.
1453 676 1666 756 SCRIPTA
1691 676 1994 755 annotantes.

2489 684 2574 755 totto

1688 852 1845 927 'Tertioz
1880 850 1929 925 Et
1951 866 2072 924 tamen
2096 854 2203 926 simul
2221 855 2371 926 sciamus
2386 851 2498 926 Deum
2520 880 2575 946 po-

1604 956 1735 1027 stulare
1758 958 1933 1026 incertam
1956 957 2214 1042 obedientiam,
2240 972 2274 1028 ει
2297 960 2335 1027 in
2360 958 2489 1027 renatis
2509 982 2574 1027 earn

1604 1061 1744 1152 placere
1758 1056 1834 1129 Deo
1855 1058 1934 1127 fide·
1948 1074 2092 1151 propter
2107 1056 2308 1143 Christum,
2331 1061 2396 1153 qui
2416 1060 2574 1149 et‘propi·

1606 1164 1717 1230 ciator
1735 1175 1804 1245 est,
1833 1161 1983 1229 offerens
2007 1185 2106 1231 snam
2122 1162 2363 1233 obedientiam
2390 1187 2452 1252 pro
2471 1163 2575 1234 nohis:

1607 1277 1642 1333 ει
1658 1288 1754 1331 nunc
1777 1286 1915 1353 semper
1932 1264 2133 1354 interpellat
2155 1289 2219 1353 pro
2242 1266 2366 1348 nobis,
2399 1285 2432 1334 ει
2453 1278 2577 1333 nostros

1608 1366 1757 1455 gemitus
1784 1366 1828 1432 ad
1852 1379 2032 1434 aeternnm
2058 1380 2193 1453 patrem
2222 1368 2364 1456 perfert.
2418 1366 2501 1436 ideo
2521 1363 2577 1434 Pe·

1609 1482 1685 1538 trus
1707 1466 1839 1559 inquit:
1881 1462 2022 1536 Olierte
2042 1462 2173 1537 hostias
2204 1470 2408 1559 spirituales
2439 1480 2580 1557 acceptas

1609 1565 1686 1638 Deo
1702 1582 1845 1659 propter
1859 1562 2061 1652 Christum,
2086 1569 2239 1655 scilicet,
2259 1584 2293 1641 ει
2309 1571 2578 1661 propiciatorem,

573 1677 754 1759 videlicet,
780 1672 896 1743 debita
922 1667 1143 1749 ohedientia,
1170 1683 1204 1737 et
1229 1682 1268 1738 ut
1295 1665 1359 1737 hac
1381 1671 1454 1759 ipsa
1473 1672 1558 1739 obe·
1583 1672 1588 1707 ¹
1611 1686 1646 1741 et
1671 1694 1768 1739 nunc
1793 1694 1856 1759 pro
1888 1672 1992 1738 nobis
2014 1672 2325 1762 interpellantem,
2367 1673 2458 1742 sicut
2487 1670 2577 1741 dixit:

575 1777 708 1849 dientia
727 1788 895 1844 testemur
911 1792 976 1839 nos
993 1770 1123 1839 seruire
1138 1764 1233 1841 hunc
1251 1794 1333 1839 vere
1350 1793 1424 1839 esse
1432 1769 1560 1855 Deum,
1584 1785 1587 1806 ¹
1612 1769 1712 1857 Oro,
1731 1786 1770 1844 ut
1786 1772 1929 1841 dilectio
1946 1786 2026 1857 tua,
2051 1797 2120 1864 qua
2135 1798 2192 1842 me
2206 1775 2345 1865 diligis,
2371 1774 2469 1844 sitin
2484 1774 2538 1845 eis.

574 1904 680 1974 quern
707 1878 933 1959 invocamus,
970 1872 1085 1965 etqui
1111 1866 1176 1941 hae
1197 1873 1399 1944 obedientia
1427 1874 1497 1942 coli
1524 1897 1560 1942 se
1585 1851 1588 1912 ¹

574 1980 763 2075 praecepit.

627 2082 790 2154 Secunda
828 2076 1010 2172 quaestio:
1054 2072 1246 2164 Quomodo
1282 2076 1356 2146 fieri
1391 2076 1590 2168 pessumi,

576 2182 778 2277 Responsio
797 2208 804 2251 ι
841 2180 1072 2250 Praelucente
1095 2179 1276 2268 agnitione
1290 2193 1325 2248 et
1340 2176 1470 2248 fidncia
1488 2202 1561 2245 me·

577 2388 727 2479 galium,
759 2400 795 2457 et
817 2384 1021 2454 effundente
1042 2383 1080 2449 in
1106 2404 1172 2449 nos
1196 2380 1367 2469 Spiritum
1391 2396 1564 2466 sanetum,

578 2606 664 2671 test,
702 2590 771 2661 nisi
795 2588 894 2679 prius
916 2588 985 2657 fide
1008 2579 1228 2675 apprehensa
1251 2586 1298 2655 sit
1321 2585 1564 2655 misericordia

580 2708 616 2765 et
634 2690 875 2763 reconciliatio
893 2701 1038 2779 propter
1054 2688 1298 2760 mediatorem.
1337 2688 1379 2755 ln
1396 2683 1461 2757 hac
1479 2711 1565 2756 con-

583 2794 757 2866 solatione
780 2790 949 2861 divinitas
971 2782 1107 2859 habitat
1129 2788 1167 2857 in
1190 2792 1314 2873 corde,
1344 2789 1426 2881 quia
1453 2804 1567 2859 aeter·

582 2920 651 2969 nus
665 2909 765 2988 pater
785 2917 849 2986 per
866 2893 979 2961 lilium
996 2891 1237 2960 consolantem
1261 2916 1346 2959 voce
1366 2887 1567 2981 Evangelii,

583 3022 666 3069 vere
692 3012 743 3068 εει
766 2996 817 3066 ibi
841 2994 980 3064 efficax:
1009 3004 1042 3062 et
1065 2993 1170 3062 datur
1186 3016 1204 3061 a
1222 3006 1319 3081 patre
1342 3006 1376 3063 et
1392 2993 1465 3061 lilio
1484 2992 1566 3083 Spi-

583 3102 675 3171 ritus
697 3112 855 3182 sanctus,
888 3096 1083 3165 accendens
1110 3093 1280 3164 laetitiam
1306 3107 1340 3164 et
1371 3096 1569 3164 invocatio·

583 3226 686 3284 nem,
713 3200 808 3271 iuxta
833 3200 941 3269 dicta:
975 3192 1169 3265 Effundam
1193 3196 1357 3286 spiritum
1382 3198 1514 3285 gratiae
1536 3211 1571 3268 et

583 3328 739 3397 precum.
791 3299 898 3370 Item:
923 3296 1119 3369 Veniemus
1137 3298 1180 3367 ad
1201 3322 1280 3367 eum
1298 3312 1334 3369 ει
1349 3301 1571 3369 mansionem

585 3408 680 3499 apud
703 3428 785 3476 eunt
805 3403 984 3471 faciemus.
1040 3397 1145 3485 Item,
1179 3396 1468 3474 scariotha:
1509 3398 1571 3469 ln-

585 3521 725 3579 tuentes
747 3506 894 3595 gloriam
908 3499 1074 3586 Domini,
1102 3504 1397 3572 transformamur
1419 3505 1461 3572 ad
1487 3527 1571 3572 ean-

586 3613 667 3680 dem
693 3607 903 3698 imaginem,
929 3606 1054 3687 idest,
1085 3605 1262 3674 intuentes
1282 3597 1415 3702 λόγον,
1443 3606 1505 3697 qui
1522 3618 1574 3674 est

513 3797 523 3804 ,
588 3714 704 3802 imago
728 3708 859 3780 aeterni
876 3706 1003 3798 patris,
1037 3719 1069 3806 et
1093 3707 1130 3772 in
1154 3707 1396 3776 consolatione
1418 3708 1574 3776 ostendit

587 3811 823 3908 praesentiam
845 3824 878 3879 et
902 3809 1097 3878 bonitatem
1122 3805 1208 3892 Dei,
1243 3807 1420 3878 efficimur
1440 3808 1573 3880 similes

589 3915 665 3986 eius
696 3912 877 4002 imaginis,
918 3909 1055 4000 Spiritu
1079 3923 1199 3978 sancto
1223 3911 1435 3980 accendente
1453 3914 1573 3980 corda.

589 4013 643 4085 lta
660 4029 745 4086 tunc
768 4013 861 4082 filius
884 4026 933 4082 est
949 4007 1144 4090 Emanuel,
1172 4035 1234 4102 per
1256 4035 1335 4081 eum
1353 4014 1451 4084 adest
1470 4013 1574 4082 nohis

590 4117 782 4201 divinitas,
814 4115 986 4196 vivificat,
1022 4111 1189 4202 protegit,
1230 4114 1423 4202 gubernat,
1464 4127 1576 4203 gestat

589 4242 676 4304 nos,
710 4217 800 4308 regit
822 4216 969 4285 consilia
994 4229 1026 4283 et
1049 4228 1211 4310 eventus,
1245 4214 1333 4284 sicut
1358 4215 1462 4285 dicit:
1497 4215 1574 4304 Ego

589 4346 668 4392 sum
693 4320 793 4407 vitis,
825 4342 889 4389 vos
912 4317 1092 4410 palmites,
1127 4317 1204 4386 sine
1228 4340 1284 4385 me
1314 4311 1406 4384 nihil
1430 4319 1576 4410 potestis

589 4425 714 4498 facere.

640 4525 762 4595 Tertia
794 4521 969 4615 quaestio:
1010 4515 1201 4610 Quomodo
1229 4522 1341 4612 placet
1368 4547 1460 4593 nova
1490 4524 1577 4592 obe-

591 4628 747 4697 dientia?
797 4623 1014 4714 Responsio:
1054 4623 1173 4693 Placet
1201 4624 1270 4692 lide
1295 4640 1439 4716 propter
1461 4622 1576 4696 filium

468 4732 477 4754 “
592 4725 670 4798 Dei.
722 4727 818 4797 Haec
834 4727 939 4795 verba
960 4723 1178 4794 declaramus
1192 4719 1260 4795 hoc
1276 4729 1393 4800 modo.

693 4829 855 4899 Primum
879 4829 1092 4896 credendum
1113 4839 1182 4905 est,
1210 4825 1400 4898 Personam
1418 4827 1577 4900 reconci-

592 4933 714 5002 liatam
739 4944 772 5000 et
795 4931 921 5000 iustam
945 4951 1036 5013 esse,
1062 4929 1181 5013 idest,
1206 4944 1382 5021 acceptam
1399 4928 1475 4999 Deo
1497 4953 1576 5020 gra-

594 5035 638 5104 tis
655 5046 800 5124 propter
813 5028 994 5102 Christum
1012 5033 1084 5102 sola
1100 5031 1188 5115 lide,
1215 5055 1283 5123 qua
1300 5025 1578 5122 apprehenditur

593 5137 781 5225 imputatio
813 5134 994 5216 institiae,
1048 5137 1092 5203 de
1121 5157 1190 5225 qua
1225 5131 1374 5204 dicitnr:
1415 5129 1576 5204 Credidit

532 5225 537 5233 ¹
594 5233 773 5310 Abraham
792 5233 883 5320 Deo,
909 5249 943 5305 ει
957 5235 1169 5325 imputatum
1186 5246 1236 5302 est
1254 5234 1343 5305 eiad
1363 5234 1549 5306 iusticiam.

697 5338 877 5410 Secundo:
905 5334 1148 5425 Agnoscamus
1167 5348 1201 5404 et
1218 5357 1297 5404 vere
1313 5335 1495 5405 doleamus
1512 5361 1577 5404 nos

594 5437 885 5512 adhuc'multum
910 5439 1068 5508 sordium
1087 5432 1234 5519 hahere,
1261 5451 1293 5506 et
1310 5439 1434 5528 procul
1457 5441 1576 5507 abesse

593 5567 612 5612 a
637 5544 850 5633 perfectione
870 5541 976 5630 legis,
1009 5540 1104 5607 iuxta
1130 5539 1240 5608 dicta:
1269 5537 1348 5607 Non
1370 5539 1577 5608 iustificabi-

593 5657 653 5714 tur
668 5646 707 5713 in
729 5657 920 5736 conspeetu
941 5655 1002 5710 tuo
1027 5640 1143 5708 omnis
1168 5638 1301 5711 vivens.
1357 5639 1467 5712 ltem:
1494 5631 1575 5709 Non

593 5747 631 5814 in
655 5747 792 5819 iusticia
817 5757 957 5824 nostra,
1001 5743 1060 5808 sed
1090 5765 1150 5828 per
1174 5742 1453 5812 misericordiam
1476 5750 1575 5813 'tuam

591 5850 717 5918 eraudi
738 5860 968 5938 nos-propter
991 5842 1199 5914 Dominum.

1650 1891 1798 1980 .Quarta
1826 1892 2001 1983 quaestio:
2037 1891 2186 1983 Propter
2209 1918 2297 1986 quas
2322 1917 2445 1963 causas
2467 1893 2578 1962 facien-

1613 1994 1657 2063 da
1675 2007 1756 2063 suut
1775 1995 1867 2062 bona
1884 1992 2015 2083 opera?
2066 1996 2287 2084 Responsio:

1713 2110 1833 2181 Prima
1853 2126 1886 2181 ει
1904 2114 2085 2203 perspicua
2105 2138 2204 2184 causa
2222 2131 2272 2185 est
2289 2114 2468 2200 debitum,
2483 2114 2515 2183 id
2530 2131 2580 2198 εει,

852 2283 860 2299 ,
889 2283 898 2299 ,
1226 2280 1234 2297 ,
1588 2211 1946 2286 Ὀεόοεειεεῐιιιεει
1969 2216 2135 2285 immotus
2157 2219 2193 2283 in
2225 2232 2345 2286 mente
2378 2218 2517 2293 divina,
2549 2230 2579 2284 nt

577 2287 744 2369 diatoris,
769 2296 803 2355 et
826 2282 1025 2351 vivificante
1048 2304 1113 2348 nos
1142 2282 1335 2351 mediatore
1363 2304 1424 2371 per
1440 2277 1560 2349 Evau·
1587 2286 1591 2352 l

1615 2331 1774 2386 creatura
1799 2318 1982 2384 rationalis
1999 2315 2074 2385 Deo
2099 2320 2261 2401 obediat,
2289 2315 2349 2388 hic
2368 2322 2456 2387 ordo
2472 2318 2578 2388 dicitnr

631 2490 638 2507 ,
716 2490 723 2505 ,
798 2478 815 2503 .-
904 2487 912 2502 ,
1589 2418 1806 2504 ‚Debitum
1834 2414 2009 2492 Roma:
2036 2417 2579 2505 Debitoressumus,etnecessi·

578 2516 662 2584 quta
689 2489 831 2559 dilcctro
847 2484 914 2555 Der
940 2498 974 2555 et
998 2485 1129 2554 l-aetrtra
1146 2506 1183 2551 m
1199 2481 1276 2553 Deo
1292 2484 1390 2553 nulla
1409 2507 1484 2553 esse
1499 2508 1563 2575 po·
1589 2513 1592 2571 a
1615 2532 1669 2589 ,as
1702 2518 1826 2591 debiti·

1901 2516 1979 2589 Etsi
2009 2535 2126 2591 autem
2158 2524 2319 2594 furenter
2347 2522 2528 2594 Antiuomi
2555 2538 2578 2588 et

1619 2621 1724 2691 multi
1745 2621 1890 2690 fanatici
1911 2617 2074 2692 homines
2099 2624 2341 2695 vociferantur
2365 2639 2487 2695 contra
2508 2619 2578 2691 hauc

1617 2723 1858 2793 necessitatem
1880 2736 1914 2793 et
1936 2734 2160 2794 communem
2183 2726 2461 2818 appellationem
2484 2725 2580 2803 debiti,

1618 2839 1736 2895 tamen
1754 2826 1939 2895 manifeste
1955 2827 2157 2899 refutantur
2170 2831 2275 2901 dictis
2289 2827 2427 2901 Christi
2444 2842 2476 2896 ct
2484 2826 2578 2896 Pauli:

1620 2925 1727 3015 Quod
1745 2927 1935 2997 debuimus
1949 2929 2110 3002 fecimus.
2163 2928 2270 3000 item:
2297 2928 2377 3003 Nisi
2393 2930 2523 2999 iusticia
2535 2951 2578 2995 ve·

1620 3044 1690 3101 stra
1713 3029 1892 3099 antecellit
1921 3030 2080 3099 iusticiae
2103 3026 2379 3103 Pharisaeorum
2405 3048 2438 3102 ct
2463 3030 2575 3101 Scriba

1622 3155 1722 3217 rum,
1747 3153 1821 3199 uon
1837 3130 2017 3204 intrabitis
2035 3134 2072 3201 in
2089 3156 2239 3222 regnum
2258 3137 2452 3206 coelorum.

2610 3229 2611 3264 l

1722 3264 1885 3339 Secunda
1909 3264 2121 3350 Necessitas,
2159 3294 2249 3364 qnae
2273 3286 2326 3341 est
2349 3270 2495 3339 formale
2513 3291 2578 3337 eon·

1622 3368 1795 3436 versionis
1824 3381 1859 3438 et
1884 3370 2172 3456 regenerationis.
2222 3372 2314 3441 Nam
2345 3374 2383 3443 in
2407 3376 2577 3443 iuramento
2610 3375 2611 3464 l

1623 3470 1821 3559 copulativa
1848 3472 1963 3542 oratio
1986 3489 2052 3543 est:
2093 3468 2184 3543 Vivo
2205 3498 2288 3562 ego,
2321 3476 2407 3546 dicit
2422 3472 2580 3554 Dominus,
2610 3504 2611 3565 a

1623 3573 1708 3642 nolo
1735 3586 1885 3642 mortem
1916 3574 2127 3664 peccatoris,
2169 3580 2229 3646 sed
2258 3591 2300 3649 ut
2328 3587 2579 3648 convertaturet

1626 3675 1733 3745 vivat.
1785 3671 1980 3745 Conversio
2005 3679 2200 3746 necessaria
2225 3694 2295 3760 est,
2323 3705 2415 3774 quae
2436 3697 2578 3748 cumaea
2610 3722 2611 3739 a

1625 3777 1681 3856 fit,
1706 3799 1781 3845 non
1806 3777 2005 3848 vivificatur
2028 3774 2136 3849 homo
2157 3779 2226 3849 fide
2247 3804 2311 3870 per
2330 3781 2499 3874 Spiritum
2518 3800 2578 3846 san·

1626 3892 1735 3949 ctum.
1788 3874 1883 3966 Quia
1916 3881 2139 3950 manifestum
2171 3896 2222 3953 est
2245 3881 2421 3974 Spiritum
2448 3893 2579 3950 sancum

1626 4004 1700 4051 non
1730 4002 1803 4048 esse
1823 3979 1862 4047 in
1887 3975 1963 4065 his,
2005 3981 2068 4076 qui
2093 3984 2318 4074 perseverant
2350 3987 2388 4054 in
2420 3982 2579 4054 sceleribus

1627 4095 1750 4152 contra
1774 4081 2046 4169 conscientiam,
2072 4085 2167 4155 iuxta
2189 4087 2343 4158 dictum:
2378 4085 2449 4174 Qui
2473 4084 2580 4154 faciunt

1627 4186 1731 4274 talia,
1753 4206 1900 4272 regnum
1918 4182 1982 4253 Dei
2000 4210 2073 4255 non
2098 4189 2341 4278 possidebunt.
2398 4187 2444 4257 Ει
2458 4181 2579 4257 formale

1627 4285 1902 4375 regenerationis
1924 4299 1976 4356 est
2005 4287 2159 4358 incoatio
2185 4315 2299 4360 novae
2321 4305 2356 4362 et
2375 4304 2523 4360 aeternae
2540 4282 2579 4350 vi·

1628 4402 1703 4467 tae,
1738 4411 1827 4479 quae
1850 4401 1901 4456 εει
1924 4411 2016 4456 nova
2040 4405 2074 4461 et
2097 4405 2237 4459 aeterna
2261 4391 2342 4478 lux,
2383 4389 2537 4480 sapientia
2554 4396 2577 4449 tl

1629 4489 1769 4558 iusticia
1786 4502 1819 4558 et
1834 4489 2020 4561 renovatio
2045 4491 2210 4580 imaginis
2226 4494 2297 4563 Dei
2313 4495 2351 4564 in
2368 4487 2484 4571 nohis,
2511 4505 2577 4581 quat

1627 4592 1667 4660 lit
1683 4591 1763 4660 Deo
1780 4613 1817 4658 se
1839 4592 1944 4660 nohis
1968 4596 2271 4680 communicante,
2304 4621 2385 4667 cum
2407 4595 2494 4663 lilius
2514 4608 2577 4655 voce
2610 4578 2611 4663 i

1627 4689 1814 4781 Evangelii
1832 4693 2035 4764 consolatur
2051 4698 2178 4780 eorda,
2204 4710 2241 4767 ct
2255 4698 2407 4768 effundit
2423 4697 2458 4763 iu
2474 4685 2576 4780 eaSpi·
2610 4702 2611 4707 ’

1628 4795 1737 4865 ritum
1764 4807 1936 4868 sanctum.
2610 4782 2611 4835 l

1730 4926 1874 5012 Tertio,
1912 4925 2106 4999 Necessitas
2141 4932 2347 5004 retinendae
2372 4935 2473 5016 fidei,
2514 4924 2574 5019 quit

1628 5029 1783 5122 Spiritus
1814 5043 1955 5100 sanctus
1983 5033 2212 5104 contristatur
2239 5049 2275 5109 et
2304 5037 2484 5118 excutitur,
2516 5046 2574 5096 curn
2610 5050 2611 5111 4

1627 5131 1720 5202 lirant
1752 5132 1880 5201 delicta
1914 5145 2035 5202 contra
2066 5134 2328 5211 conscientiam.
2396 5135 2572 5226 Quanquam
2610 5120 2611 5161 ³

1629 5248 1745 5305 autem
1769 5232 1993 5305 verissimum
2017 5247 2087 5326 est,
2127 5261 2257 5307 novam
2282 5237 2506 5311 obedientiam
2527 5249 2572 5297 nt·

1629 5335 1814 5404 cessariam
1845 5358 1919 5404 esse
1950 5349 2096 5426 propter
2124 5333 2188 5409 has
2212 5363 2312 5412 veras
2339 5362 2469 5420 causas,
2508 5347 2571 5424 qsslss

1628 5438 1743 5506 dictae
1763 5449 1863 5521 sunt,
1890 5451 2009 5507 tamen
2025 5463 2162 5529 semper
2179 5442 2361 5514 retinenda
2377 5456 2425 5512 cst
2438 5435 2511 5506 hacc
2524 5447 2570 5495 vor

1629 5535 1750 5606 Pauli:
1791 5537 1934 5608 Donum
1968 5537 2035 5610 Dei
2065 5555 2116 5612 est
2140 5543 2213 5614 vita
2243 5559 2382 5617 aeterua
2405 5564 2461 5634 per
2482 5533 2569 5603 tesan

1628 5635 1830 5722 Christum,
1871 5642 1953 5733 quia
1980 5645 2072 5712 bona
2099 5669 2207 5734 opera
2231 5671 2346 5742 neque
2369 5636 2568 5715 remissionem

1627 5755 1868 5829 peccatorum,
1894 5765 2011 5834 neque
2034 5745 2338 5832 iustificationem,
2366 5765 2468 5840 neque
2487 5735 2567 5802 lilim

1627 5855 1804 5914 aeternam
1829 5859 2020 5918 merentur.
