5825 6950
569 642 648 732 ,ιε
1032 600 1034 614 ’
1157 628 1282 704 eutr.
1310 626 1428 708 unt.
1466 624 1679 705 semera
1698 622 2041 716 orsoenos„
2508 634 2571 713 stt

571 837 606 890 ει
646 812 778 887 habeat
816 822 933 883 motus
974 816 1210 897 congruentes
1252 826 1333 875 cum
1366 800 1466 889 Deo,
1505 824 1567 875 seu
1618 814 1703 873 sunt
1728 814 1847 873 motus
1870 801 1951 894 isti,
1980 798 2089 873 timor
2111 794 2200 888 Dei,
2224 798 2386 889 dilectio,
2408 804 2530 879 laetitia
2545 810 2576 879 io

735 916 759 987 '.
1617 901 1694 976 Deo
1715 916 1780 979 etc.

572 924 649 1013 bie
675 918 776 1103 ἕξις
798 1030 860 1099 lux
885 1038 1003 1099 tamen
1032 1041 1068 1101 et
1097 1022 1136 1095 bi
1167 1035 1285 1093 motus
1310 1022 1423 1093 divini
1455 1021 1569 1113 impe.
1721 1005 1834 1076 Addit
1865 1016 1985 1075 autem
2005 1003 2140 1075 Paulus
2168 1006 2390 1097 splendidam
2411 1004 2577 1081 antithesin

576 1141 899 1211 mmmmm
923 1131 1058 1203 cameli
1082 1142 1228 1210 aarum,
1261 1125 1300 1193 iu
1322 1148 1392 1219 qua
1417 1126 1569 1197 muttum
1621 1108 1833 1177 illustratam
1850 1107 2149 1198 figurisamilitia
2166 1108 2577 1187 sumtiszlnvenioalian

576 1236 740 1330 caliginis
756 1248 827 1317 est,
850 1247 887 1303 et
900 1232 1162 1305 contrariorum
1180 1241 1362 1312 motuum,
1389 1226 1479 1297 sicot
1496 1228 1568 1296 mi·
1619 1211 1731 1300 legem
1748 1210 1788 1279 5¹1
1803 1209 1972 1279 membrss
1986 1210 2094 1294 mels.
2119 1209 2331 1281 militantem
2355 1225 2470 1283 contra
2488 1212 2578 1302 legen

578 1366 648 1415 nus
664 1336 826 1430 conspici
838 1348 952 1427 potest
969 1336 1091 1407 lumen
1109 1333 1147 1401 in
1168 1330 1304 1401 laterna
1326 1330 1545 1401 obscuriore.
1620 1311 1750 1430 “¹⁰9¹ss
1764 1335 1882 1401 meae,
1906 1324 1940 1429 fl
1957 1312 2155 1429 rapientem
2174 1314 2423 1430 mecaptivum
2439 1314 2501 1402 legi
2517 1339 2581 1405 per·

1621 1430 1708 1496 catt,
1733 1438 1823 1507 quae
1838 1426 1891 1483 est
1905 1437 1946 1483 tn
1968 1414 2138 1485 membres
2152 1438 2250 1483 mets.
2306 1413 2482 1486 Vocabulo
2501 1414 2582 1503 begis

1621 1517 1830 1607 generaliter
1849 1511 1908 1584 hic
1930 1516 2153 1605 intelligatur
2176 1516 2407 1605 gubernatio,
2433 1516 2582 1609 qnasidi·

1622 1631 1691 1687 cat:
1722 1618 1831 1688 Aliud
1863 1631 1914 1687 est
1943 1619 2146 1707 gubernans
2171 1619 2380 1689 interiorem
2408 1613 2583 1703 hominen,

1622 1720 1755 1789 scilicet
1793 1722 1943 1789 verbnm
1972 1725 2007 1789 εἰ
2036 1720 2193 1811 Spiritus
2228 1734 2387 1791 sanctus:
2430 1720 2520 1789 aliud
2546 1734 2584 1791 est

1622 1824 1824 1911 gubernans
1863 1820 2038 1890 carnalem
2080 1839 2269 1906 naturam,
2317 1823 2449 1893 scilieet
2484 1843 2585 1891 εεεεεε

1624 1925 1863 1994 dubitationes
1892 1937 1927 1992 et
1960 1923 2113 2015 impetus
2143 1924 2256 1993 aversi
2281 1919 2418 2009 aDeo,
2455 1938 2586 1995 errantes

680 1472 756 1545 Has
780 1472 912 1564 peccati
932 1470 1101 1565 reliquias
1125 1466 1203 1538 vult
1227 1466 1369 1558 agnosci
1391 1478 1424 1536 et
1446 1467 1570 1557 deplo-

580 1580 654 1652 rari
677 1576 793 1657 Deus,
836 1596 909 1643 non
935 1573 1011 1643 vult
1035 1570 1238 1659 extenuari,
1282 1570 1374 1639 sicut
1403 1563 1571 1637 monachi

582 1687 878 1759 extenuaverunt,
905 1677 967 1768 qui
981 1675 1171 1756 dixerunt,
1198 1670 1355 1743 Renatos
1370 1671 1481 1742 iustos
1499 1692 1572 1740 esse

581 1782 648 1854 hac
669 1803 731 1850 sua
755 1802 846 1846 nova
871 1776 1092 1858 ohedientia,
1126 1787 1160 1844 et
1180 1774 1365 1858 dixerunt,
1392 1795 1467 1843 esse
1486 1772 1573 1862 legis

581 1882 846 1976 impletionem,
871 1892 904 1948 ct
921 1878 1006 1949 haec
1021 1879 1068 1947 ita
1084 1887 1402 1965 exaggeraverunt,
1418 1888 1458 1943 ut
1474 1876 1573 1945 dixe-

582 1982 754 2075 rint,illa
770 2005 876 2072 opera
901 2004 973 2051 esse
992 1986 1116 2049 merita
1139 1979 1230 2047 vitae
1247 1990 1409 2047 aeternae
1424 1978 1470 2047 de
1485 2000 1571 2047 coo·
1623 2025 2065 2114 flammaecupidssmm
2106 2024 2328 2116 impatientia
2355 2026 2396 2096 in
2420 2038 2586 2097 mem&

583 2090 704 2180 ‘ligno’
1543 2198 1553 2215 ,
1624 2124 1721 2196 Ηεεε
1738 2126 1841 2211 mala,
1868 2127 1999 2218 inquit,
2024 2126 2159 2197 suntin
2175 2127 2345 2198 memhris
2361 2128 2466 2211 meis,
2488 2141 2518 2197 et
2530 2151 2586 2195 noo

686 2205 866 2275 Admm’
881 2197 947 2271 h⁰⁸
961 2222 1096 2271 ΨΜ
1109 2202 1260 2271 tenen&
1277 2212 1359 2269 ⁸⁰⁰¹
1373 2193 1460 2267 ἢθη
1474 2210 1573 2269 mn·
1625 2244 1707 2299 sunt
1725 2229 1817 2298 leves
1834 2230 1975 2312 morbi,
2000 2232 2060 2297 sed
2077 2229 2226 2297 adsidua
2250 2228 2382 2303 militia
2401 2230 2588 2321 impediunt,

585 2308 707 2382 monia
738 2304 867 2397 passim
900 2304 1031 2375 tradita
1064 2303 1102 2371 in
1134 2302 1273 2393 scriptis
1296 2298 1511 2392 propheticis
1538 2313 1571 2368 et
1628 2330 1893 2421 pauguefacium
1917 2344 1953 2400 e,
1975 2344 2139 2401 accusant
2161 2354 2229 2405 me·

586 2409 808 2505 apostolicis,
835 2429 924 2499 quae
939 2407 1133 2475 ostendunt
1154 2405 1192 2473 in
1216 2404 1347 2473 renatis
1364 2404 1400 2471 in
1418 2400 1484 2471 hac
1502 2402 1572 2470 vita
2212 2494 2217 2502 ἦ

586 2526 750 2603 magnam
775 2510 959 2597 caliginem
985 2520 1019 2575 et
1044 2506 1281 2575 dubitationes
1303 2506 1457 2598 reliquas
1489 2526 1574 2586 esse,

588 2630 624 2687 et
646 2614 752 2683 corda
774 2635 848 2680 non
869 2611 919 2679 sic
949 2612 1072 2678 ardere
1103 2609 1291 2677 dilectione
1321 2622 1353 2677 et
1380 2606 1512 2676 laetitia
1535 2607 1574 2673 in
1982 2578 2123 2691 Caput
2145 2582 2265 2667 Vlll.
2337 2604 2341 2612 '

588 2715 685 2800 Deo,
710 2713 924 2803 gratitudine
941 2733 1020 2798 erga
1036 2734 1115 2777 ettm
1133 2724 1165 2780 et
1185 2710 1373 2799 patientia,
1395 2710 1486 2777 sicut
1510 2710 1573 2775 de·
1624 2747 1751 2827 Nulla

590 2820 740 2899 hebent,
766 2830 801 2883 et
822 2810 908 2883 haec
930 2814 1022 2881 mala
1046 2834 1119 2881 esse
1143 2826 1301 2899 peccata,
1328 2813 1455 2893 idest,
1482 2809 1574 2877 mala
1776 2756 1894 2845 ΨΜ
1915 2770 2012 2824 'mm
2039 2742 2295 2818 ⁶⁰⁰d⁶mm²⁰
2319 2756 2372 2818 Μ
2394 2774 2460 2836 '²⁸’
2487 2774 2543 2849 9⁸⁸
2563 2776 2590 2820 ”¹

592 2918 785 3012 iminium
805 2940 885 2985 ‘¹¹¹¹‘
911 2917 1004 3004 ΙΨ.
1038 2929 1187 3005 propter
1205 2936 1295 3006 qnae
1316 2908 1424 2981 homo
1446 2912 1576 3000 dignus
1831 2842 1987 2921 Chim
2010 2844 2100 2918 [Μ
2123 2846 2323 2920 “mbfll‘ml
2346 2858 2410 2925 ²¹⁶·

592 3034 683 3091 esset
704 3019 825 3112 poenis
849 3019 1017 3101 aeternis,
1051 3017 1082 3084 si
1104 3040 1178 3084 non
1203 3015 1471 3085 remitterentur
1491 3036 1575 3103 pro·

591 3138 671 3218 pter
697 3122 926 3191 mediatorem
955 3119 1124 3189 credenti.
1175 3114 1259 3186 ldeo
1287 3131 1321 3186 et
1353 3112 1487 3183 Moises
1520 3116 1606 3284 in·¹
1626 3151 1869 3239 nempecmi,
1895 3152 2216 3243 Legiseffimfioe·
2264 3154 2590 3225 Nunmdindde·

592 3227 684 3324 quit:
717 3224 846 3295 Coram
873 3236 909 3291 te
931 3222 1102 3290 innocens
1126 3242 1199 3287 non
1223 3231 1273 3286 est
1294 3219 1477 3288 innocens.
1529 3214 1579 3286 Et
1627 3256 2022 3345 πήμιίοῃοωεηύκ,
2044 3258 2360 3329 mummolam
2379 3260 2590 3349 ,dgpmpg

593 3326 817 3419 Ῑ()Ῑ)“’1)·9·ι
857 3322 947 3393 vm
968 3323 1040 3393 ”5⁰
1059 3324 1154 3416 q¹¹⁰d
1173 3315 1439 3391 ⁰⁰⁰⁰⁸²h⁰m⁰
1465 3320 1579 3387 ium„
1629 3361 1716 3429 riori
1745 3359 1920 3450 querelae.
1977 3356 2067 3428 Cum
2092 3359 2186 3428 enirn
2209 3374 2312 3429 antea
2343 3360 2472 3430 dixerit
2499 3357 2591 3427 adhuc

1729 3050 1874 3123 Dictum
1898 3067 1949 3126 est
1973 3075 2099 3142 supra,
2139 3053 2338 3136 institutam
2359 3076 2434 3123 esse
2457 3053 2590 3124 collatio·

593 3454 713 3506 coram
740 3428 835 3512 ⁰²⁰2
879 3426 1029 3508 ‘emme
1069 3424 1212 3517 9⁹⁰9?ia
1246 3422 1334 3512 ΙΨ*
1360 3420 1578 3514 infpletim‘
1629 3456 1776 3533 haerere
1794 3475 1975 3552 peccatum
2000 3460 2039 3529 in
2063 3461 2195 3532 sanctis
2214 3462 2252 3530 in
2277 3456 2343 3532 hac
2361 3462 2444 3538 vita.
2496 3460 2590 3550 Quat·

594 3535 642 3608 tn
673 3554 795 3604 rursus
829 3532 952 3600 eodem
986 3551 1078 3618 cap:
1121 3525 1248 3594 Timeo
1281 3547 1405 3596 ontnes
1438 3524 1581 3592 dolores

593 3657 710 3719 meos,
737 3635 819 3726 quia
842 3631 932 3711 scio,
959 3631 1055 3722 qnod
1079 3653 1152 3696 non
1176 3628 1317 3697 invenis
1343 3627 1580 3698 innocentem.

592 3735 643 3810 Et
669 3739 708 3806 in
734 3734 892 3806 Psalmo:
945 3731 1029 3802 Non
1055 3728 1303 3801 iustificabitur
1329 3729 1367 3796 in
1392 3741 1582 3818 conspectu

596 3857 658 3912 tuo
675 3838 791 3908 omnis
807 3837 939 3904 vivens.
992 3831 1097 3903 ltcm:
1125 3829 1224 3902 Beati
1248 3854 1398 3926 quorum
1417 3830 1582 3900 remissae

596 3955 681 4012 sunt
702 3938 906 4032 iniquitates
923 3949 988 4009 etc.
1041 3933 1147 4004 Item:
1173 3932 1244 4004 Pro
1269 3933 1335 4002 hoc
1356 3932 1473 4002 orabit
1487 3933 1531 4000 ad
1549 3943 1583 4001 te

596 4043 713 4114 omnis
736 4052 876 4110 sanctus
899 4038 938 4107 in
960 4051 1117 4129 tempore
1139 4049 1336 4126 oportuno.

1629 3567 1697 3633 stio
1715 3577 1766 3632 est
1781 3563 1980 3632 communis
1999 3565 2160 3634 omnium
2183 3577 2407 3647 sanctorum,
2438 3565 2590 3656 quomodo

1629 3668 1701 3736 sint
1723 3665 1831 3734 iusti?
1883 3663 1923 3733 ld
1942 3678 2013 3748 est,
2037 3666 2118 3736 Deo
2139 3666 2272 3756 accepti
2290 3681 2326 3737 et
2342 3661 2507 3736 haeredes
2521 3666 2591 3733 vitae

1631 3782 1811 3851 externae,
1837 3789 1917 3834 cum
1945 3762 2062 3836 adhuc
2084 3769 2240 3840 sentiant
2255 3781 2415 3859 peccata,
2447 3791 2522 3838 suas
2540 3768 2590 3834 do-

1632 3869 1841 3950 bitationes,
1868 3881 1902 3937 et
1917 3869 2019 3938 fateri
2037 3893 2175 3941 necesse
2195 3870 2243 3940 sit
2259 3894 2384 3939 ornnes
2404 3871 2512 3939 hortos
2533 3892 2592 3934 nto·

1632 3985 1690 4042 tus
1715 3972 1817 4039 valde
1842 3970 2030 4058 languidos
2049 3995 2143 4053 esse,
2165 3970 2329 4041 timorem
2348 3971 2433 4058 Dei,
2458 3969 2593 4039 dilectio-

1633 4097 1735 4156 nem,
1767 4071 1890 4155 lidem,
1930 4095 2046 4162 spem,
2086 4088 2120 4143 et
2146 4072 2279 4142 interea
2305 4075 2435 4144 multas
2462 4085 2592 4142 errantes

698 4173 766 4244 His
795 4173 1074 4243 confessionibus
1100 4166 1359 4262 Prophetarum
1377 4167 1504 4237 similis
1530 4180 1583 4238 est
1632 4175 1793 4244 flammas
1817 4174 2050 4264 cupiditatum
2072 4175 2177 4246 simul
2202 4197 2275 4244 esse
2297 4173 2335 4242 in
2360 4176 2531 4246 cordibus.

478 4347 486 4352 .
596 4295 632 4351 et
647 4275 731 4348 haec
748 4274 854 4345 Pauli
868 4277 1027 4368 querela:
1056 4287 1090 4342 et
1105 4287 1370 4365 repraesentant
1385 4265 1585 4362 Prophetae
1736 4273 1831 4345 Huic
1859 4277 2042 4345 communi
2068 4277 2267 4369 quaestioni
2290 4278 2454 4348 omnium
2475 4287 2591 4346 sancto·

596 4397 631 4456 et
653 4377 817 4469 Apostoli
841 4391 949 4447 totam
977 4375 1169 4446 Ecclesiam
1197 4375 1234 4442 in
1263 4369 1327 4444 hac
1353 4373 1585 4446 consessione.
1634 4403 1714 4450 rum
1749 4378 1941 4467 respondet
1981 4381 2165 4468 perspicua
2198 4379 2473 4449 asseveratione:
2507 4374 2593 4446 Nullt

596 4482 822 4570 intelligatur
854 4503 938 4568 ergo
972 4475 1057 4548 haec
1092 4477 1249 4546 narratio
1276 4479 1320 4545 de
1344 4474 1517 4560 Renatis,
1551 4487 1585 4544 et
1634 4505 1731 4551 nunc
1754 4481 2002 4550 condemnatio
2024 4495 2076 4551 est
2099 4476 2173 4565 his,
2213 4481 2276 4573 qui
2309 4481 2347 4548 in
2371 4478 2511 4551 Christo
2532 4475 2591 4546 lest

596 4586 748 4656 sciamus
770 4578 1025 4652 monachorum
1049 4579 1374 4670 interpretationem
1402 4579 1526 4646 falsam
1550 4590 1586 4646 et
1634 4607 1709 4652 non
1733 4585 1928 4652 secundum
1953 4606 2111 4666 carnem,
2151 4583 2210 4650 sed
2236 4584 2432 4652 secundum
2455 4581 2593 4672 spiritua

599 4685 828 4757 reiicienclam
845 4707 935 4766 esse,
962 4683 1023 4775 qui
1040 4683 1226 4769 dixerunt,
1255 4676 1414 4749 hocloco
1432 4677 1585 4749 Paulum
1635 4685 1833 4756 ambulant.
1886 4680 1985 4752 ldem
2000 4707 2106 4774 supra
2122 4685 2229 4754 dixit:
2256 4679 2436 4754 lustificati
2461 4684 2524 4752 lide
2542 4701 2591 4778 pt·

599 4791 644 4858 tle
669 4781 817 4855 hontine
846 4788 1009 4855 nondum
1035 4806 1205 4853 converso
1232 4781 1330 4874 loqui
1340 4833 1351 4866 ,
1394 4783 1430 4848 id
1459 4781 1585 4851 falsum
1634 4781 1974 4857 centhabemusetc.
2030 4784 2136 4856 ltern:
2159 4784 2242 4856 Non
2259 4786 2523 4874 estissuhlege,
2545 4779 2590 4849 sed

598 4909 674 4960 esse
689 4887 890 4956 ostenditur
906 4911 947 4955 ex
963 4887 1039 4978 ipso
1057 4899 1173 4968 textu,
1202 4886 1264 4979 qni
1282 4885 1385 4952 dicit:
1419 4880 1587 4952 Delector
1634 4888 1701 4959 suh
1718 4887 1841 4977 gratia.
1896 4883 2153 4976 Interpretatur
2168 4902 2284 4957 antem
2302 4881 2594 4958 vocatutnafin·

599 4991 676 5078 lege
709 4986 776 5058 Dei
810 4989 1003 5057 secundum
1044 4987 1250 5056 interiorem
1292 4981 1486 5056 hominem.
1537 4981 1587 5058 At
1634 4996 1723 5072 tiae,
1754 4988 1953 5059 remotione
1974 4988 2160 5060 contrarii:
2197 4986 2303 5058 Nulla
2327 5013 2425 5058 nunc
2447 4987 2591 5058 condent·

600 5088 710 5161 homo
735 5093 896 5158 nondum
921 5103 1064 5160 renatus
1093 5112 1165 5158 non
1191 5089 1384 5158 delectatur
1406 5086 1482 5176 lege
1506 5081 1586 5162 Dei.
1634 5091 1732 5161 natio
1756 5107 1824 5161 est:
1865 5089 1949 5183 quia
1977 5090 2189 5163 vocabulum
2222 5087 2368 5160 Gratiae
2400 5106 2450 5160 est
2481 5103 2588 5158 nomen

600 5185 680 5263 Etsi
703 5191 867 5260 enimest
892 5191 929 5259 in
953 5186 1097 5260 homine
1123 5194 1283 5260 nondum
1308 5203 1430 5259 renato
1454 5188 1585 5258 noticia
1634 5192 1843 5272 relativum,
1887 5192 2033 5275 idest,
2080 5191 2232 5280 gratuita
2262 5194 2470 5278 acceptatio,
2512 5185 2589 5279 qood

600 5293 707 5382 legis,
737 5305 854 5360 tamen
872 5295 1035 5362 voluntas
1052 5307 1085 5359 et
1103 5315 1165 5361 cor
1183 5317 1255 5360 non
1271 5293 1494 5361 delectantur
1511 5291 1586 5380 lege
1637 5295 1778 5385 planius
1801 5292 1953 5374 dicitnr,
1994 5294 2101 5364 Nulla
2127 5295 2392 5365 condemnatio:
2430 5285 2590 5363 necdicit,

598 5391 687 5476 Dei,
718 5395 779 5461 sed
803 5410 887 5462 sunt
909 5409 968 5464 ant
994 5417 1138 5484 prorsus
1160 5396 1236 5464 sine
1261 5394 1387 5462 timore
1408 5387 1495 5477 Dei,
1527 5405 1588 5463 aut
1635 5395 1784 5467 Nullum
1802 5419 1897 5462 nunc
1913 5411 2092 5485 peccatum
2108 5409 2173 5465 est.
2199 5391 2245 5464 lit
2263 5390 2347 5464 haec
2361 5409 2410 5464 est
2427 5388 2590 5462 sententia:

598 5496 757 5566 fremont
774 5497 941 5564 adversus
957 5520 1048 5568 eum.
1098 5495 1145 5566 Et
1161 5497 1326 5566 nominat
1348 5493 1479 5564 Paulus
1494 5493 1588 5565 inte·
1639 5495 1818 5568 lustihcati
1842 5497 1911 5566 lide
1935 5501 2074 5588 placent
2090 5494 2167 5567 Deo
2191 5513 2332 5586 propter
2348 5498 2458 5566 lilium
2477 5490 2589 5560 taedia·

599 5596 730 5666 riorem
757 5593 958 5681 hominem,
992 5612 1165 5689 quatenns
1192 5593 1301 5668 homo
1333 5593 1495 5668 Renatus
1523 5611 1587 5688 est,
1639 5614 1771 5682 torem,
1804 5612 1838 5667 et
1858 5616 1943 5671 sunt
1970 5595 2138 5669 haeredes
2161 5598 2253 5669 vitae
2274 5616 2449 5675 aeternae,
2472 5582 2588 5663 etiamsi

599 5696 784 5776 videlicet,
810 5713 984 5789 qnatenus
1003 5699 1116 5770 luceat
1136 5701 1172 5770 in
1191 5713 1327 5782 mente,
1355 5697 1536 5769 voluntate
1554 5713 1588 5768 et
1638 5701 1677 5770 in
1700 5701 1751 5770 eis
1774 5695 1919 5770 haerent
1941 5714 2097 5791 peccata,
2129 5698 2315 5784 videlicet,
2341 5698 2461 5768 vitiosa
2481 5709 2590 5762 conw-

599 5801 704 5869 corde
725 5799 827 5868 initia
844 5799 937 5888 fidei,
952 5815 985 5872 et
1004 5825 1068 5895 per
1084 5800 1259 5896 Spiritum
1276 5816 1435 5872 sanctum
1454 5802 1589 5872 accensi
1640 5802 1811 5896 piscentia
1825 5817 1859 5872 et
1875 5803 1976 5893 pravi
1993 5803 2155 5885 effectus,
2181 5799 2212 5872 si
2229 5813 2346 5879 tameo
2363 5800 2433 5872 sint
2452 5795 2488 5867 in
2501 5783 2583 5862 Chri
