5825 6950
654 673 729 748 aas
848 639 864 760 ζ
1125 695 1129 702 -
1250 651 1378 732 eutr.
1404 647 1522 728 uer..
1550 649 1763 752 seelera
1789 649 2097 728 amenum.
2537 677 2549 743 r

604 929 608 936 ,
654 846 752 953 quod
769 836 885 924 adhuc
899 832 1042 910 hamel
1056 830 1095 904 ln
1111 826 1214 904 nobit
1235 836 1433 922 peccalum,
1459 847 1531 920 quo
1556 848 1645 896 eou-
1702 827 1842 900 Tenere
1868 842 1903 898 et
1925 785 2085 900 confiteri
2107 822 2345 918 Evangelium
2374 794 2553 913 ‹tic-intusa*

656 949 877 1042 seminantur
900 939 1005 1012 etiam
1028 937 1123 1008 bona
1148 955 1266 1024 opera.
1317 927 1404 1000 ldeo
1427 951 1581 999 crescere
1606 929 1646 999 in
1703 945 1796 1017 tum,
1828 927 1960 1002 habere
1978 933 2187 1000 mandatum
2211 945 2246 1002 et
2269 932 2540 1024 promissioneque

656 1052 762 1122 nobis
787 1044 919 1137 agnitio
943 1052 1085 1116 nostrae
1116 1030 1333 1105 infirmitatis
1364 1027 1402 1101 et¹
1426 1029 1645 1120 poenitentia
1701 1034 1887 1106 vocatione
1904 1035 1999 1103 etde
2016 1031 2198 1103 sacrificio.

656 1156 773 1227 debet.
823 1145 964 1219 Deinde
985 1141 1050 1214 etsi
1072 1163 1146 1210 non
1169 1157 1290 1205 sumus
1315 1133 1399 1203 iusti
1422 1146 1650 1225 propterno-
1804 1133 1900 1204 Haec
1915 1135 2072 1234 primum
2093 1146 2300 1227 competunt
2315 1130 2456 1218 Christo,
2477 1167 2547 1235 perq

655 1243 746 1338 atras
761 1251 927 1331 virtutes,
952 1259 1071 1315 tamen
1088 1253 1273 1332 postquam
1293 1233 1361 1306 fide
1377 1233 1600 1306 reconciliati
1615 1248 1650 1306 ct
1701 1240 1895 1309 revelatum
1918 1251 1970 1307 est
1989 1233 2244 1328 Evangelium,
2284 1238 2347 1330 qui
2374 1241 2453 1308 solus
2475 1239 2544 1313 habet

657 1358 741 1430 iusti
755 1373 909 1436 sumus,
922 1348 1033 1440 placet
1047 1345 1153 1415 etiam
1167 1341 1306 1410 incoata
1324 1337 1545 1418 obedientia,
1570 1361 1647 1408 non
1701 1340 1945 1412 intercedendi
1976 1363 2041 1432 pro
2066 1340 2166 1424 aliis,
2200 1351 2236 1412 et
2256 1339 2419 1410 offerendi
2439 1348 2546 1414 sacrificii

658 1461 742 1555 quia
765 1451 952 1527 satisfaciat
980 1447 1066 1538 legi,
1092 1458 1153 1514 aut
1179 1442 1262 1536 quia
1285 1440 1331 1510 sit
1352 1439 1429 1508 sine
1454 1439 1563 1521 vitio,
1590 1439 1650 1508 scd
1702 1442 1875 1536 proeliis.
1925 1437 2064 1528 Deinde
2084 1438 2249 1513 Christus
2266 1441 2315 1512 ita
2336 1442 2472 1534 impertit
2489 1444 2543 1514 hon

658 1573 803 1655 propter
818 1549 1001 1626 Christum
1028 1547 1249 1642 pontificem,
1275 1541 1562 1635 interpellantem
1586 1566 1651 1635 pro
1701 1541 1891 1616 sacerdotii
1905 1544 2151 1630 credentibus,
2170 1544 2253 1638 quia
2269 1546 2332 1616 dat
2346 1545 2391 1614 eis
2406 1551 2515 1614 verbm
2527 1587 2540 1614 s.

659 1664 765 1752 nobis
788 1671 853 1728 ete.
1031 1691 1032 1700 .
1702 1661 1738 1718 et
1754 1647 1852 1718 addit
1871 1644 2160 1738 promissionem,
2178 1648 2276 1740 quod
2295 1648 2544 1716 exauditurussi·

760 1755 1031 1832 Haecdoctrina
1047 1772 1175 1840 magna
1192 1744 1389 1818 consolatio
1413 1758 1465 1817 est
1491 1743 1581 1836 piis,
1617 1756 1653 1814 et
1701 1751 1927 1830 invocantes,
1968 1759 2002 1818 et
2034 1748 2143 1819 donat
2170 1749 2221 1819 eis
2253 1749 2310 1818 sui
2342 1752 2482 1819 sacrificii
2498 1755 2537 1818 ln..

659 1862 867 1955 magnitudo
883 1846 1322 1926 misericordiaehortatur
1336 1849 1379 1917 ad
1393 1849 1483 1918 bene
1499 1870 1652 1937 operan·
1702 1847 1842 1921 Deinde
1858 1853 1904 1920 ab
1927 1849 2013 1943 ipsis
2036 1851 2143 1922 etiam
2169 1851 2320 1944 requirit
2343 1853 2502 1932 sacrificia,
2520 1880 2533 1918 c.

659 1972 757 2042 dum.
823 1959 916 2033 Cum
940 1957 1036 2027 enim
1060 1955 1161 2026 audit
1184 1952 1241 2042 pia
1267 1973 1368 2019 mens
1392 1963 1488 2020 certo
1513 1949 1652 2042 placere
1702 1953 1981 2032 consessionem,
2016 1964 2051 2022 et
2072 1953 2315 2024 obedientiam
2337 1953 2375 2022 in
2396 1955 2523 2023 bouisu

658 2067 753 2141 hanc
778 2062 1130 2160 quantulamcunque
1154 2052 1394 2124 obedientiam
1422 2065 1455 2120 et
1480 2051 1652 2122 contami·
1703 2070 1739 2127 et
1754 2055 2021 2131 afflictionibus,

660 2185 798 2255 natam,
824 2189 904 2236 cum
924 2163 1024 2232 arrdit
1044 2161 1178 2230 cultum
1195 2154 1262 2226 Dei
1285 2168 1318 2222 et
1336 2154 1547 2223 sacrificium
1568 2175 1653 2237 csse,
1804 2153 1897 2227 Cum
1921 2154 2032 2247 igitur
2055 2157 2237 2228 endem„
2259 2157 2333 2229 ,fug
2354 2160 2525 2237 ,amdgpg

661 2269 756 2344 haud
793 2268 902 2338 dubie
936 2263 1160 2345 accenditur,
1193 2270 1233 2328 ut
1262 2281 1339 2326 eam
1374 2255 1508 2325 maiore
1532 2256 1652 2325 studio
1704 2253 2137 2331 cionaturetl‘aulushie
2163 2261 2208 2328 de
2233 2259 2427 2354 sacrificiis,
2456 2256 2534 2326 sicul

660 2385 824 2469 praestet.
875 2365 1054 2438 Hictotus
1078 2364 1178 2433 locus
1200 2383 1305 2451 supra
1330 2359 1368 2426 in
1390 2371 1516 2429 octavo
1539 2357 1654 2448 capite
1704 2362 1838 2454 inquit:
1872 2361 1948 2431 Vos
1965 2361 2047 2431 estis
2070 2361 2306 2432 sacerdotium
2329 2376 2488 2442 sanctum,
2511 2374 2533 2426 ut

661 2475 813 2550 traditus
830 2485 901 2556 est,
927 2468 989 2540 uhi
1008 2469 1111 2537 etiam
1130 2465 1262 2534 dictum
1282 2475 1352 2540 cst,
1379 2460 1497 2553 qualia
1516 2473 1655 2550 peccata
1704 2465 1789 2534 ratis
1805 2462 2006 2556 spirituales
2021 2457 2176 2548 hostias,
2201 2477 2359 2555 acceptas
2375 2465 2463 2544 Deo,
2482 2486 2522 2548 per
2534 2459 2547 2524 i.

662 2579 785 2652 sintin
802 2574 944 2644 sanctis.
996 2569 1084 2638 ltcm
1102 2569 1145 2636 de
1164 2565 1371 2635 discrimine
1387 2562 1516 2655 peceati
1534 2560 1656 2631 venia·
1703 2561 1900 2639 Christum.
1958 2562 2033 2637 Ubi
2063 2565 2193 2638 diserte
2222 2566 2376 2650 dicitur,
2414 2579 2544 2632 nostros.

661 2677 706 2752 lis
721 2693 755 2749 et
769 2674 943 2746 mortalis.
994 2667 1043 2739 lli
1060 2670 1129 2739 loci
1146 2667 1364 2760 pertinentes
1386 2665 1430 2734 ad
1454 2663 1653 2734 doctrinam
1704 2682 1866 2760 acceptos
1896 2690 1989 2748 csse,
2022 2690 2097 2736 non
2121 2679 2268 2758 propter
2292 2682 2444 2739 nostram
2466 2665 2531 2752 digri

660 2804 834 2876 operum,
861 2771 920 2844 hic
937 2773 1042 2844 initio
1062 2769 1310 2840 considerandi
1327 2780 1420 2836 sunt.
1706 2771 1765 2841 sed
1782 2782 1928 2862 propter
1946 2769 2147 2862 pontificem
2163 2765 2363 2843 Christum,

766 2879 872 2950 Nunc
889 2877 995 2946 redeo
1012 2875 1055 2944 ‘td
1073 2887 1221 2944 textum·
1273 2867 1535 2939 D1¹⁰detlmum
1551 2883 1658 2959 capnt
1807 2869 1877 2942 Hic
1892 2885 2009 2942 autem
2026 2874 2179 2941 tenenda
2195 2886 2246 2943 est
2263 2872 2370 2942 etiam
2386 2869 2526 2939 distinctio
2543 2918 2547 2927 .

663 3000 716 3056 est
741 2976 898 3077 ἠθικὸν,
926 2977 963 3046 id
990 2990 1059 3060 est,
1102 2975 1210 3045 tradit
1231 2984 1415 3064 praecepta
1441 2973 1486 3040 de
1509 2969 1657 3062 privatis
1707 2973 1778 3044 licii
1795 2975 1933 3045 usitata.
1977 2970 2098 3044 Unum
2114 2986 2166 3043 est
2179 2973 2389 3044 sacrificium
2407 2971 2534 3064 propicia

665 3087 869 3194 virtutibus.
937 3076 1273 3150 Decimumtertium
1308 3086 1359 3142 est
1394 3073 1577 3163 politicum
1612 3073 1657 3142 de
1706 3076 1887 3170 proeliis,
1913 3076 2037 3160 idest,
2064 3077 2428 3168 quodatiigmfflmr
2448 3072 2553 3185 ΠΜ

664 3189 890 3278 magistratu,
916 3194 949 3250 et
971 3183 1015 3250 de
1036 3175 1252 3249 obedientia.
1303 3170 1657 3268 Decimumquartum
1708 3192 1951 3270 peccatorum,
1977 3177 2110 3248 scilicet
2134 3202 2230 3247 mors
2253 3172 2401 3250 Christi.
2447 3174 2527 3243 ltin

663 3304 714 3364 ⁸⁵1
729 3283 986 3372 ‚cetssmffltfflfla
1009 3285 1053 3352 ὅθ
1070 3305 1138 3352 1¹⁸⁰
1155 3277 1449 3350 cere“wlstanum
1709 3283 1891 3352 credentes
1908 3279 2062 3369 primum
2082 3280 2172 3350 illud
2186 3280 2346 3350 alienum
2364 3276 2524 3348 sacrificiu
2551 3322 2553 3379 q

1412 3380 1417 3392 ’
1709 3398 1829 3455 tamen
1846 3383 2141 3455 nobisdonatum
2165 3395 2235 3466 est.
2262 3384 2332 3464 ita,
2359 3382 2511 3452 utlidcst
2551 3392 2553 3431 Ι

689 3570 693 3581 ,
874 3445 1187 3527 Obmlmmm
1207 3445 1438 3547 ⁰⁰⁸smm5'
1709 3484 1791 3556 ve're
1824 3486 1930 3555 nobis
1962 3486 2089 3556 donari
2111 3486 2286 3572 fructum,
2320 3509 2383 3555 seu
2408 3483 2515 3552 merite¹

766 3593 877 3665 lnitio
897 3590 1067 3683 proponit
1089 3586 1252 3676 generale
1276 3600 1505 3679 preceptum,
1531 3582 1658 3655 videli·
1711 3588 1883 3657 sacrificii.
1934 3577 2074 3659 Deinde
2099 3590 2256 3659 reddunt
2278 3589 2458 3659 eredentes
2479 3599 2499 3649 et

666 3712 740 3783 eet,
762 3709 804 3767 ut
823 3688 1054 3765 exhibeamus
1072 3689 1228 3782 aliquem
1251 3687 1387 3760 cultum
1404 3684 1501 3767 Deo,
1528 3703 1562 3759 et
1580 3688 1660 3781 qui·
1711 3692 1788 3781 pria
1803 3689 1993 3775 sacrificia,
2026 3690 2086 3759 sed
2109 3685 2196 3761 haee
2219 3714 2295 3760 uon
2318 3701 2513 3759 mercaturi

666 3803 747 3871 dem
764 3795 995 3875 rationalem,
1021 3788 1089 3862 hoc
1106 3801 1174 3875 cst,
1200 3789 1327 3876 talem,
1352 3792 1390 3860 in
1412 3814 1483 3884 quo
1500 3790 1661 3881 agnosci·
1711 3816 1792 3861 nem
1807 3805 2031 3883 peecatorum
2047 3790 2265 3865 iacientiaut
2280 3792 2382 3873 aliis,
2416 3792 2468 3857 scd
2489 3784 2522 3872 pi'

667 3919 726 3975 tur
751 3914 784 3972 et
805 3893 1225 3995 apprehenditurflDeus,
1257 3892 1320 3962 seu
1351 3892 1484 3985 inquo
1507 3893 1662 3961 existunt
1711 3892 1950 3965 reconciliatis
1974 3909 2119 3982 propter
2149 3893 2355 3985 pontificem
2380 3888 2525 3963 Christm

671 4000 712 4073 hi
739 4014 856 4073 motus
879 3998 1014 4081 divini,
1049 3994 1217 4065 videlicet
1238 3994 1347 4064 timor
1369 3990 1437 4065 Dei
1462 4009 1495 4068 et
1518 3987 1660 4068 fiducia.
1713 3994 1838 4065 Petrus
1852 3996 1916 4065 ait:
1945 3993 1994 4065 Ut
2011 3995 2168 4077 offeratis
2185 4010 2249 4066 etc.
2302 3986 2538 4067 Haecsacrit'ni:

668 4102 808 4177 Deinde
825 4100 990 4170 nominat
1013 4093 1110 4167 hunc
1127 4095 1284 4182 cultum,
1309 4092 1492 4178 videlicet,
1516 4109 1558 4167 ut
1574 4096 1662 4165 offe-
1713 4120 1793 4168 mus
1815 4092 2074 4172 Eucharistiea.
2135 4092 2201 4169 Est
2229 4111 2352 4171 autem
2382 4100 2425 4167 de
2447 4106 2535 4161 nature

667 4226 788 4278 ramus
808 4198 960 4282 hostias,
994 4220 1140 4290 corpora
1166 4210 1305 4280 nostra,
1330 4198 1453 4280 idest,
1479 4198 1662 4268 utmorti-
1713 4198 1896 4281 sacrificii,
1918 4198 2030 4269 facere
2046 4222 2170 4290 opusa
2189 4199 2265 4271 Deo
2281 4200 2491 4270 mandatum,
2514 4184 2528 4253 l-

667 4310 818 4379 licentur
836 4324 985 4395 corpora
1002 4314 1142 4383 nostra,
1169 4302 1271 4369 etsie
1290 4298 1376 4370 fiant
1391 4299 1575 4382 victimae,
1609 4301 1663 4367 vi·
1713 4316 1754 4371 ut
1768 4300 1898 4391 gratias
1912 4323 2057 4392 agamus
2071 4297 2166 4386 Deo,
2192 4316 2225 4372 ec
2244 4302 2473 4390 glorificemus
2491 4316 2543 4357 nn

668 4412 798 4483 delicet
821 4401 1238 4475 mortificatisallectibus
1257 4402 1481 4487 carnalibus,
1506 4416 1541 4473 et
1556 4402 1664 4472 susti·
1715 4417 1785 4487 est,
1815 4416 1856 4473 ut
1878 4398 1944 4473 hac
1965 4403 2041 4493 ipss
2060 4404 2265 4475 obedientia
2287 4417 2468 4481 testemur,
2492 4390 2534 4461 ln.

668 4514 796 4585 nendis
812 4505 1076 4579 afflictionibus.
1715 4501 1832 4576 Deum
1846 4526 1940 4588 csse,
1966 4528 2070 4599 quem
2087 4506 2314 4590 invocamus,
2341 4518 2378 4575 et
2394 4528 2466 4570 vcra
2480 4517 2542 4564 csse·

773 4610 836 4683 Est
853 4610 962 4702 igitur
978 4604 1141 4697 gencrale
1158 4616 1395 4697 praeceptum,
1423 4604 1461 4673 in
1484 4631 1555 4700 quo
1573 4606 1662 4677 illud
1716 4609 1760 4675 de
1776 4630 1817 4675 eo
1833 4606 2095 4699 praedicamus,
2111 4620 2218 4700 atque
2234 4608 2283 4679 ita
2300 4608 2544 4677 invitemusnu·

668 4714 879 4805 estinsigne,
895 4705 1428 4804 quodhancobedicntiamvult
1446 4710 1663 4781 essecultum
1716 4709 1834 4799 emplo
1865 4706 1966 4779 alios.
2025 4704 2096 4779 Hie
2124 4720 2176 4779 est
2198 4709 2409 4801 principalis
2431 4704 2496 4772 linis
2513 4720 2543 4761 s:-

671 4817 903 4897 rationalcm‚
926 4828 958 4884 et
974 4835 1039 4882 nos
1055 4810 1130 4878 fieri
1147 4808 1320 4887 victimas.
1371 4808 1466 4898 Quia
1489 4812 1584 4880 enim
1599 4835 1663 4904 po·
1717 4824 1755 4881 ut
1770 4810 1883 4901 gloria
1897 4809 1964 4881 Dei
1983 4809 2043 4881 liat
2057 4810 2250 4896 illustrior,
2277 4826 2312 4883 et
2327 4808 2423 4883 Deus
2436 4810 2542 4875 innato

671 4920 797 5013 pulum
829 4912 894 4983 Dei
926 4936 1064 4983 necesse
1101 4907 1307 4982 esthabere
1332 4910 1487 5005 aliquem
1514 4914 1665 5005 cultum,
1820 4911 1915 4985 Sunt
1944 4924 2062 4983 autem
2094 4914 2262 4983 sacrificia
2291 4914 2354 4984 vel
2382 4904 2527 4980 ceremon}

673 5017 906 5092 sacerdotium
930 5029 962 5085 et
986 5012 1175 5098 sacrificia,
1208 5008 1382 5083 habemus
1406 5025 1439 5082 et
1461 5036 1528 5083 uos
1551 5038 1665 5085 sacer·
1717 5013 1924 5107 spiritualia.
1977 5012 2021 5086 ln
2044 5015 2154 5085 veteri
2170 5013 2401 5089 Testamenta
2423 5012 2527 5079 fiebant

673 5122 811 5193 dotium
828 5130 861 5187 et
877 5114 1057 5188 sacrificia.
1110 5112 1150 5185 Et
1168 5110 1226 5184 hic
1244 5113 1397 5205 primum
1415 5128 1487 5185 tota
1503 5117 1664 5188 doctrina
1719 5118 1833 5187 tiones
1845 5118 2042 5208 pecudum,
2074 5129 2108 5187 et
2125 5115 2215 5189 aliae
2237 5117 2469 5195 ceremoniae,
2496 5132 2538 5197 qs·

675 5228 718 5295 de
751 5214 947 5293 sacerdotio
979 5231 1014 5289 et
1045 5217 1296 5287 sacrificiorum
1329 5216 1531 5287 differentia
1565 5243 1666 5312 repe·
1718 5213 1898 5289 habebant
1914 5220 2120 5290 mandatum
2136 5216 2226 5304 Dei,
2247 5233 2289 5293 ut
2302 5231 2419 5291 essem
2433 5214 2533 5283 umbre¹

674 5324 859 5399 tendssss·
1718 5320 1879 5389 liciorum
1907 5314 2108 5411 Evangelii.
2185 5318 2264 5393 llae
2301 5318 2447 5393 umbrae
2477 5335 2531 5380 cess

778 5418 966 5504 secundm
1009 5416 1199 5508 diligenter
1241 5420 1528 5507 observandum,
1570 5422 1666 5515 quod
1719 5436 1905 5514 postquam
1921 5418 2155 5513 Evangelium
2173 5424 2368 5495 revelatum
2383 5436 2445 5501 est,
2469 5438 2522 5481 cuo

675 5526 833 5621 requirat
862 5522 967 5591 fidem
996 5518 1035 5587 in
1064 5520 1127 5591 illa
1150 5518 1353 5592 obedientia
1380 5536 1414 5593 et
1438 5523 1477 5592 in
1500 5526 1667 5597 omuibus
1718 5548 1802 5593 vum
1818 5520 2085 5596 Testamentum
2099 5524 2224 5596 afferat
2239 5526 2277 5596 in
2291 5524 2455 5595 cordibus
2470 5512 2540 5583 inu

674 5628 782 5701 b⁰ssl⁵
799 5624 980 5717 ⁰Peribus.
1718 5624 1847 5708 vitam,
1873 5624 1942 5694 iam
1960 5623 2074 5697 cultus
2088 5640 2121 5697 et
2136 5626 2305 5698 sacrificia
2320 5649 2395 5697 esse
2419 5623 2525 5688 debent

778 5728 927 5809 Tertio,
954 5722 1071 5817 qualis
1086 5724 1130 5794 sit
1148 5719 1345 5816 emphasis,
1371 5727 1467 5820 quod
1484 5739 1584 5797 vocat
1603 5750 1668 5797 nos
1720 5726 1878 5819 perpetui
1905 5743 2023 5798 motus
2044 5728 2180 5813 cordis,
2214 5742 2383 5819 perpetua
2402 5721 2539 5813 glorian·

678 5832 848 5905 victimas·
909 5824 1111 5899 Sacerdotis
1141 5828 1284 5920 proprie
1319 5830 1386 5904 tria
1420 5844 1503 5903 suns
1536 5829 1668 5900 officiat
1718 5830 1808 5901 sicut
1832 5828 1948 5921 inquit
1964 5825 2144 5902 Christus:
2173 5826 2259 5920 Veri
2279 5832 2473 5903 adoratores
2492 5819 2523 5885 at
