5825 6950
571 682 671 761 teos
1157 668 1286 747 ento.
1310 668 1432 747 Mun.
1459 666 1671 747 SCRIPTA
1690 664 2000 752 mortuus.
2490 680 2567 757 llll

574 870 647 941 est,
664 864 768 945 urget
781 862 815 922 et
831 847 962 941 premit
978 846 1101 917 iustos.
1123 841 1174 918 lit
1190 844 1292 918 addit
1307 846 1466 938 exempla
1482 868 1569 938 per·
1625 839 1876 919 habebitDens
1892 846 2067 919 insontem
2084 870 2177 931 eom,
2190 864 2255 921 etc.
2306 847 2413 930 item,
2434 845 2577 929 Ehets.

575 958 727 1031 tinentia
751 953 896 1052 proprie
917 952 961 1019 ad
980 949 1092 1039 legem
1108 948 1300 1020 moralem:
1327 948 1378 1021 ait
1400 971 1475 1019 erse
1505 970 1570 1039 po·
1620 945 1840 1019 scortatores
1869 962 1904 1021 et
1932 950 2114 1021 adulteros
2142 951 2314 1023 iudicabit
2347 949 2449 1021 Deus.
2495 952 2578 1041 item,

576 1062 681 1133 sitam
703 1057 876 1149 periuris,
910 1047 1101 1122 homicidis
1123 1064 1159 1121 et
1183 1052 1453 1123 scortatoribus.
1619 1044 1791 1125 Proverb.
1810 1052 1885 1122 12.:
1909 1050 2062 1121 Labium
2083 1054 2233 1123 mendas
2252 1054 2505 1123 abominabitur
2517 1057 2579 1125 Do-

630 1235 636 1249 ,
666 1159 737 1230 llic
753 1157 908 1249 primum
923 1154 970 1226 sit
988 1152 1095 1222 infixa
1111 1154 1292 1225 mentibus
1306 1177 1390 1224 vera
1406 1150 1570 1224 doctriua
1620 1152 1752 1227 minus.
1802 1151 1879 1224 Has
1901 1152 2039 1243 regulas
2062 1176 2163 1224 veras
2179 1178 2253 1226 esse
2274 1168 2309 1226 et
2331 1155 2485 1225 ordinem
2505 1157 2579 1225 divi·

580 1255 954 1337 contraAutinomos‚
988 1254 1100 1343 legem
1114 1254 1287 1324 moralem
1301 1278 1377 1325 non
1391 1278 1469 1327 esse
1490 1276 1571 1323 mu·
1621 1276 1732 1338 num,
1773 1280 1877 1347 quem
1900 1252 1997 1327 Deus
2019 1258 2226 1350 exequitur,
2247 1300 2253 1307 ·
2273 1256 2474 1351 quotidiana
2498 1281 2581 1349 erpe-

579 1365 725 1437 tabilem
745 1375 807 1433 aut
824 1361 991 1441 otiosam,
1016 1356 1107 1427 sicut
1125 1356 1182 1425 lex
1196 1354 1372 1446 Spartana
1397 1360 1441 1428 de
1464 1379 1572 1426 num·
1620 1356 1750 1429 rientia
1773 1356 1942 1428 ostendit.

580 1490 641 1538 mo
669 1466 804 1549 ferreo,
851 1473 914 1532 aut
941 1461 996 1529 lex
1026 1453 1199 1527 Thebana
1224 1458 1269 1527 de
1293 1459 1509 1530 collocandis
1533 1458 1573 1526 in
1724 1455 1865 1529 Tertio:
1895 1457 1981 1530 Vult
1996 1461 2096 1531 Deus
2113 1460 2278 1551 ‘singulos
2294 1473 2329 1532 et
2343 1460 2490 1532 aliorum
2506 1462 2583 1537 ¹vitae

582 1563 776 1661 cophinum
805 1562 980 1635 obaeratis
1006 1584 1079 1629 uon
1113 1559 1358 1633 solventibus:
1401 1563 1462 1632 sed
1498 1581 1572 1628 esse
1623 1581 1786 1649 parcere,
1814 1562 1997 1633 nonenim
2013 1562 2271 1634 nobistantum
2290 1564 2365 1634 nati
2382 1585 2514 1647 sumus,
2536 1566 2584 1635 sed

582 1686 762 1743 aeternam
788 1680 823 1737 et
848 1661 1106 1735 immutabilem
1139 1660 1350 1754 sapientiam
1383 1664 1423 1732 in
1455 1674 1574 1733 mente
1623 1662 1822 1733 communis
1837 1663 2002 1752 cognatio
2018 1678 2069 1734 est
2086 1666 2124 1735 in
2138 1686 2266 1752 genere
2283 1662 2459 1749 humano,
2483 1666 2585 1735 etsiu·

582 1772 727 1861 divina‚
769 1769 870 1841 cuius
894 1764 1024 1836 noticia
1047 1776 1228 1836 creaturae
1251 1764 1417 1836 rationali
1444 1764 1573 1838 tradita
1623 1763 1698 1852 guli
1716 1786 1943 1833 communem
1960 1766 2159 1837 societatem
2176 1768 2297 1837 fovere
2312 1768 2461 1850 debent,
2479 1780 2586 1836 stete·

583 1887 652 1959 est,
677 1887 717 1945 ut
734 1871 885 1943 sciamus
901 1890 975 1941 esse
990 1864 1124 1953 Deum,
1149 1879 1186 1936 et
1205 1866 1322 1958 qualis
1335 1868 1400 1953 sit,
1427 1882 1462 1938 et
1476 1864 1573 1960 quod
1623 1866 1752 1934 oranda
1777 1880 1829 1937 est
1850 1866 1912 1935 illa
1936 1891 2003 1937 vor
2019 1864 2128 1953 Caio,
2156 1864 2249 1942 Gen.
2263 1870 2318 1942 4.:
2352 1868 2517 1961 Nunquid
2537 1892 2585 1957 rgo

583 1977 630 2047 sit
645 1976 794 2059 vindex,
819 1986 855 2043 et
871 1970 968 2068 quod
983 1992 1121 2063 semper
1134 1990 1200 2039 nos
1213 1967 1358 2060 obliget.
1402 1968 1576 2054 Primum,
1624 1981 1740 2039 custos
1757 1992 1834 2038 sum
1851 1969 1969 2038 fratris
1982 1970 2077 2039 mei?
2124 1968 2306 2041 Frenandi
2323 1984 2406 2041 sunt
2422 1970 2524 2060 igitur
2535 1970 2588 2038 irn-

583 2092 626 2151 ut
648 2080 946 2168 obtemperemus.
1624 2084 1745 2160 petus,
1770 2070 1809 2138 in
1825 2069 1992 2161 singulis,
2018 2071 2134 2144 otalii
2151 2072 2270 2141 vivere
2293 2072 2447 2163 possint,
2473 2096 2514 2141 ne
2529 2073 2585 2141 dis·

618 2230 624 2238 ·
685 2177 870 2258 Secundo,
897 2175 926 2245 si
944 2196 1018 2243 non
1033 2174 1337 2265 obtemperemus,
1362 2186 1402 2244 ut
1415 2168 1575 2244 horribi-
1624 2170 1760 2260 sipetnr
1778 2171 1943 2258 societas,
1969 2196 2034 2242 nec
2052 2175 2243 2244 turbentur
2265 2174 2429 2249 educatio
2453 2186 2486 2244 et
2505 2172 2588 2242 insti-

582 2282 665 2355 liter
698 2276 786 2350 haec
818 2290 946 2350 natura
981 2288 1171 2347 contumax
1203 2277 1418 2351 destruatur.
1479 2272 1575 2365 Quia
1625 2273 1727 2344 tutio.
1779 2270 1857 2344 Hae
1874 2289 1944 2346 tres
1957 2296 2081 2347 causae
2097 2277 2200 2346 facile
2214 2275 2366 2365 intelligi
2382 2289 2533 2365 possunt.

584 2381 682 2454 Deus
715 2382 787 2453 iam
822 2392 966 2472 propter
999 2373 1086 2447 haec
1112 2375 1296 2459 irascitur,
1328 2378 1420 2449 sicut
1444 2378 1575 2449 usitate
1727 2371 1863 2464 Quarta
1879 2400 1982 2447 causa
1999 2390 2071 2463 est,
2098 2377 2142 2448 de
2157 2400 2227 2472 qna
2242 2375 2375 2448 Paulus
2394 2374 2589 2468 loquiturad

583 2484 741 2556 dieitur:·
762 2477 893 2553 Omnis
909 2482 965 2551 lex
980 2478 1114 2567 obligat
1129 2479 1185 2547 vel
1200 2480 1246 2548 ad
1262 2479 1502 2552 obedientiam
1519 2480 1573 2549 vel
1627 2473 1775 2547 Galatas
1792 2478 1828 2553 8.
1846 2480 1974 2571 capite:
2000 2476 2073 2549 Les
2092 2494 2145 2550 ert
2161 2482 2384 2570 paedagogus
2404 2478 2443 2546 in
2458 2472 2589 2553 Christo.

583 2588 629 2659 sd
648 2607 809 2678 poenam.
836 2580 883 2655 Et
898 2577 991 2652 hanc
1006 2580 1257 2670 obligationem
1278 2581 1364 2672 legis
1378 2584 1482 2653 valde
1495 2604 1576 2671 per·
1625 2578 1663 2647 id
1685 2590 1755 2662 est,
1787 2602 1862 2649 non
1885 2594 2033 2673 possunt
2053 2581 2174 2651 doceri
2199 2576 2383 2660 homines,
2427 2579 2490 2649 ubi
2511 2577 2590 2647 nulla

584 2688 706 2781 spicue
728 2686 903 2759 intellexit
922 2679 1060 2767 Adam,
1097 2705 1177 2752 cum
1202 2695 1282 2774 post
1304 2684 1443 2777 lapsum
1466 2683 1576 2755 sensit
1625 2693 1677 2750 est
1693 2680 1901 2771 disciplina,
1934 2681 2024 2753 item
2041 2683 2210 2755 beneficia
2226 2682 2291 2752 lilii
2307 2680 2375 2751 Dei
2391 2704 2465 2751 non
2480 2678 2590 2750 intelli·

585 2790 676 2859 iram
699 2785 787 2879 Dei,
822 2783 1044 2859 etiudicavit
1060 2806 1097 2853 ss
1114 2783 1206 2853 iusto
1230 2783 1448 2857 iudicioDei
1471 2785 1575 2877 petti-
1625 2796 1759 2873 guntur
1774 2784 1850 2854 sine
1867 2785 2048 2875 agnitione
2063 2784 2214 2875 peccati,
2239 2782 2327 2855 ltem
2346 2782 2591 2871 nonaccipiuo·

587 2907 646 2964 tos
659 2890 850 2960 delendum
866 2911 953 2971 esse,
965 2909 1029 2956 nec
1043 2898 1291 2975 argumentum
1307 2883 1376 2956 hoc
1391 2888 1464 2957 ulla
1478 2910 1575 2957 crea·
1625 2898 1702 2965 tur,
1720 2886 1832 2955 donec
1849 2882 2012 2956 homines
2026 2900 2249 2978 perseverant
2267 2888 2305 2957 in
2321 2886 2512 2956 sceleribus
2525 2906 2591 2955 con·

585 3006 665 3066 tura
690 2991 828 3061 solvere
856 3002 1014 3082 poterat,
1056 2988 1117 3056 sed
1141 2987 1334 3059 intervenit
1363 2990 1458 3060 lilius
1488 2986 1577 3075 Dei,
1624 2999 1678 3058 tra
1700 2987 1961 3063 conscientiam.

585 3092 650 3187 qui
671 3106 706 3164 et
726 3092 965 3164 obedientiam
989 3088 1184 3180 praestitit,
1216 3101 1250 3158 et
1266 3114 1419 3182 poenam
1436 3091 1477 3162 in
1502 3113 1576 3161 sese
1726 3084 1804 3159 Hae
1831 3113 1955 3161 causae
1978 3112 2101 3161 omnes
2125 3090 2168 3161 ad
2193 3090 2425 3179 diligentiam}
2441 3086 2591 3178 regendae

586 3194 780 3275 derivavit,
807 3219 852 3264 ne
868 3194 924 3264 lex
939 3206 1027 3264 esset
1042 3190 1162 3276 irrita,
1190 3202 1225 3261 et
1248 3201 1368 3263 tamen
1390 3216 1575 3263 servaren-
1625 3190 1834 3282 disciplinae
1859 3188 2064 3277 hortentur,
2105 3216 2212 3285 quam
2237 3192 2382 3285 quidem
2406 3214 2522 3281 regere
2541 3188 2591 3256 ali-

587 3310 647 3370 tur
666 3292 841 3371 homines.
1627 3314 1699 3385 quo
1714 3296 1821 3365 modo
1843 3295 2011 3386 possibile
2031 3306 2082 3365 est
2099 3290 2238 3364 homini
2258 3295 2363 3363 etiarn
2382 3316 2458 3363 non
2475 3304 2590 3361 renato:

686 3395 785 3467 Haec
807 3396 1009 3488 saepissime
1031 3396 1218 3487 cogitanda
1248 3409 1350 3482 sunt,
1389 3410 1430 3468 ut
1452 3396 1575 3490 aliquo
1627 3395 1709 3486 quia
1727 3396 1822 3467 Deus
1837 3396 1916 3468 vult
1936 3397 2108 3490 reliquam
2127 3418 2200 3465 esse
2220 3396 2422 3466 libertatern
2448 3394 2590 3464 volunta·

585 3501 693 3572 modo
727 3501 902 3570 discamus
932 3523 989 3568 res
1013 3522 1087 3569 esse
1118 3499 1312 3577 maximas,
1352 3499 1464 3588 legem
1489 3497 1577 3585 Dei,
1625 3497 1671 3567 tis
1687 3498 1725 3565 iu
1741 3493 1887 3568 homins
1902 3502 1947 3569 ad
1967 3502 2155 3589 regendam
2175 3499 2439 3569 locomotivam.

586 3615 790 3694 peccatum,
817 3603 906 3670 iram
923 3599 1012 3686 Dei,
1041 3600 1206 3670 ordinem
1222 3600 1455 3671 certissimum
1472 3601 1576 3670 iusti·
1727 3596 1793 3670 Est
1807 3614 1924 3672 autem
1940 3601 2127 3691 disciplina
2141 3601 2353 3690 gubernatio
2367 3597 2589 3676 locomotivae,

587 3705 662 3774 ciae
695 3703 761 3774 Dei
787 3703 977 3798 irrogantis
1012 3725 1177 3792 poenam.
1230 3700 1385 3796 Ideoque
1416 3705 1575 3792 exempla
1626 3700 1763 3772 etiamsi
1786 3705 1892 3774 corda
1915 3717 1997 3774 sunt
2022 3705 2225 3786 immunda,
2268 3715 2309 3773 ut
2333 3705 2432 3794 quod
2457 3696 2591 3770 Achilles

586 3805 794 3899 quotidiana
817 3806 855 3873 in
880 3818 1047 3895 promptu
1066 3816 1169 3888 sont,
1205 3825 1320 3886 mors,
1352 3817 1387 3874 et
1402 3805 1493 3874 aliae
1518 3805 1575 3874 in·
1626 3804 1830 3875 admonitus
1852 3829 1872 3876 a
1894 3805 2029 3875 ratione
2052 3800 2201 3876 retrahit
2224 3827 2391 3883 manum,
2431 3827 2477 3872 ne
2500 3802 2590 3870 inter·

587 3921 709 3996 gentes
739 3907 952 3978 calamitates
985 3901 1193 3985 hominurn,
1237 3905 1371 3990 morbi,
1411 3905 1575 3997 dolores,
1626 3905 1719 3976 ficiat
1732 3903 2055 3995 Agamemnonem,
2075 3907 2284 3996 gubernatio
2300 3919 2351 3976 est
2367 3904 2591 3981 locomotivae,

587 4011 733 4084 caedes.
785 4008 1008 4078 vastationes.
1077 4005 1154 4076 Hae
1181 4029 1385 4076 communes
1412 4006 1574 4078 miseriae
1625 4007 1763 4078 etiamsi
1785 4033 1847 4079 cor
1867 4010 1966 4078 ardet
1988 4009 2123 4097 ingenti
2145 4009 2324 4083 incendio.

588 4123 671 4180 sunt
688 4108 830 4180 effectus
848 4110 1001 4178 ordinati
1019 4109 1122 4198 legis,
1149 4120 1184 4177 ει
1202 4110 1401 4178 testimonia
1419 4109 1494 4178 irae
1508 4109 1574 4180 Dei
1725 4109 1908 4180 Praeterea
1930 4112 2113 4178 sciendum
2136 4125 2205 4189 est,
2231 4109 2367 4179 etiamsi
2387 4108 2591 4198 disciplinam

587 4212 758 4282 adversus
778 4223 937 4301 peccata,
968 4210 1057 4279 sicut
1076 4209 1208 4280 dieitur
1224 4210 1362 4278 Psalmo
1375 4211 1455 4280 38st
1486 4210 1575 4282 Pro·
1623 4212 1794 4305 praecipit
1815 4224 1849 4280 et
1865 4212 1999 4300 flagitat
2014 4209 2128 4298 Deus,
2153 4227 2187 4282 et
2205 4207 2430 4282 horribiliter
2445 4208 2590 4278 violatio

589 4326 666 4401 pter
690 4311 895 4404 iniquitates
916 4311 1066 4401 corripis
1080 4306 1274 4381 hominem.
1325 4308 1572 4382 Etvaldedo·
1625 4338 1705 4383 nem
1728 4313 1936 4403 disciplinae
1961 4314 2082 4404 punit,
2123 4329 2240 4384 tamen
2263 4314 2455 4403 disciplina
2478 4331 2590 4402 nequa·

587 4413 735 4483 lendum
752 4427 821 4498 est,
847 4408 1167 4482 hominessecuros
1190 4436 1292 4480 ruere
1316 4412 1354 4480 iu
1377 4416 1474 4485 varia
1498 4437 1573 4486 sce·
1624 4439 1729 4507 quam
1754 4430 1909 4484 meretur
1931 4416 2171 4485 remissionem
2194 4431 2438 4506 peccatorum,
2471 4437 2532 4482 nec
2552 4421 2591 4476 est

587 4515 683 4600 lera,
709 4515 811 4606 quasi
831 4515 889 4584 lex
910 4513 977 4586 Dei
999 4517 1042 4584 sit
1070 4515 1188 4583 iuanis
1209 4515 1358 4605 pictura.
1625 4517 1762 4586 iusticia
1791 4541 1909 4586 coram
1934 4516 2029 4598 Deo,
2070 4513 2327 4611 qua‘homines
2351 4519 2454 4600 iusti,
2487 4516 2519 4583 id
2541 4525 2589 4590 est.

689 4615 850 4688 Sciamus
870 4615 980 4705 igitur
1002 4617 1182 4686 veritatem
1206 4612 1273 4684 Dei
1296 4640 1386 4702 esse,
1411 4632 1444 4688 et
1468 4642 1571 4688 usum
1624 4621 1703 4690 Deo
1728 4620 1859 4709 accepti
1883 4620 1971 4688 sint:
2012 4622 2072 4689 sed
2094 4620 2179 4709 tegit
2203 4643 2286 4700 nos.
2326 4621 2417 4688 sicut
2442 4617 2525 4687 folio
2545 4610 2588 4680 firi

588 4717 664 4788 eius
678 4730 771 4788 recte
786 4717 1041 4806 intelligamus·
1092 4716 1187 4789 Sunt
1207 4730 1322 4788 autem
1345 4723 1572 4790 ususadver-
1624 4720 1740 4791 Adam
1764 4734 1799 4791 et
1818 4717 1894 4792 Eva
1918 4743 2016 4790 suam
2045 4722 2307 4792 immunditiem
2332 4734 2366 4788 et
2393 4715 2588 4790 horrendam

586 4841 646 4888 sus
674 4841 749 4888 non
773 4831 916 4890 renatos
939 4821 1009 4890 duo
1040 4818 1306 4903 universaliter,
1346 4817 1518 4891 coercere
1538 4836 1573 4893 et
1624 4823 1960 4894 contaminationem
1980 4825 2152 4911 tegebant,
2180 4824 2304 4903 idest,
2331 4819 2588 4914 Estqualecun·

586 4917 731 4990 Punire.
783 4916 946 4991 Docendi
961 4935 1045 4992 sunt
1066 4922 1174 5012 igitur
1193 4923 1298 4992 etiam
1314 4946 1387 4991 noo
1403 4925 1519 4994 renati
1535 4947 1571 4994 se
1623 4949 1692 5018 que
1728 4924 1889 5012 frenum,
1930 4927 2025 5019 quod
2060 4927 2150 4996 vitae
2184 4939 2218 4996 et
2255 4924 2416 4995 societati
2451 4941 2586 4992 necessr-

586 5021 744 5091 inclusos
767 5043 841 5092 esse
861 5046 999 5093 earcere
1022 5025 1126 5114 legis,
1166 5037 1200 5093 et
1220 5023 1443 5115 disciplinam
1468 5050 1571 5118 prae-
1622 5027 1716 5099 rium
1743 5041 1807 5098 est.

584 5123 746 5192 standam
768 5144 843 5195 esse
866 5139 1011 5217 propter
1031 5122 1117 5196 haec
1142 5139 1305 5219 quatuor.
1577 5177 1581 5190 .
1723 5127 1933 5198 Memineris
1951 5129 2056 5198 etiam
2074 5123 2142 5198 hoc
2158 5127 2269 5200 dicto:
2294 5127 2367 5198 Lex
2388 5143 2438 5198 est
2463 5119 2583 5194 iniustis

686 5221 864 5296 Primum:
899 5224 993 5314 Quia
1013 5223 1106 5298 Deus
1124 5251 1200 5297 eam
1219 5227 1408 5318 praecipit,
1441 5243 1476 5299 et
1491 5254 1569 5299 om·
1621 5230 1753 5323 posita,
1779 5231 1968 5323 approbari
1989 5245 2100 5302 totum
2121 5231 2283 5301 ordinem
2303 5231 2506 5320 politicum,
2531 5227 2582 5292 im-

582 5347 646 5396 nes
668 5338 847 5398 creaturae
861 5323 937 5397 Deo
959 5329 1199 5400 obedientiam
1220 5330 1362 5401 debent.
1621 5333 1736 5424 peria,
1779 5334 2009 5422 coniugium,
2049 5331 2310 5411 distinctionem
2350 5331 2582 5403 dominiorum,

684 5426 867 5499 Secundo:
911 5427 961 5501 Ut
993 5430 1107 5501 vitent
1141 5453 1273 5520 poenas
1303 5445 1501 5522 praesentes
1534 5447 1570 5504 ει
1621 5448 1842 5520 contractus,
1880 5435 2029 5518 iudicia,
2070 5457 2220 5524 poenas:
2258 5435 2341 5526 quia
2368 5433 2469 5503 nervi
2494 5426 2579 5497 huin

584 5539 768 5614 aeternas,
809 5529 894 5624 quia
916 5553 1141 5625 nequaquam
1172 5532 1321 5602 dubium
1352 5547 1404 5602 est
1434 5535 1567 5605 atrocia
1619 5537 1756 5606 ordinis
1797 5535 2039 5627 propriissime
2073 5551 2156 5606 sunt
2196 5549 2378 5629 praecepta
2421 5523 2576 5613 Decalogi.

582 5629 711 5698 scelera
727 5631 766 5698 in
784 5625 851 5700 hac
865 5631 937 5701 vita
954 5646 1086 5703 atroces
1106 5655 1238 5724 poenas
1261 5634 1443 5713 comitari,
1468 5635 1563 5706 iuxta
1616 5635 1706 5707 Cum
1728 5652 1844 5709 autem
1863 5637 2058 5726 Decologus
2075 5639 2255 5708 verissime
2271 5640 2316 5709 sit
2334 5635 2501 5726 sapientia
2514 5626 2575 5698 Det,

580 5727 643 5796 illa
666 5729 776 5801 dictas
819 5728 914 5802 Gen.
936 5733 990 5815 6..
1022 5731 1153 5806 Matth.
1175 5734 1254 5808 26.ι
1295 5733 1369 5822 Qui
1392 5740 1565 5827 acceperit
1615 5740 1838 5811 manifestum
1864 5755 1916 5812 est
1941 5753 1973 5808 et
1996 5735 2092 5809 hune
2121 5742 2283 5812 ordinem
2316 5740 2493 5832 politicum
2522 5749 2572 5799 ³¹1⁰

578 5827 755 5914 gladium,
781 5833 899 5921 gladio
915 5834 1056 5924 peribit.
1107 5836 1217 5921 item,
1245 5831 1455 5916 Exod.20.:
1483 5838 1562 5911 Non
1613 5863 1740 5932 genere
1764 5867 1837 5914 rem
1859 5844 1990 5916 bonam
2014 5865 2100 5914 esse.
