5825 6950
542 610 643 733 paq
921 703 926 712 ἱ
990 710 997 722 .
1131 594 1259 674 eurr,
1286 594 1403 677 usn
1430 594 2045 699 sememsrarrtsourrm.¹
2183 621 2190 630 ·
2252 677 2257 693 ,
2480 600 2566 675 reu

543 806 609 853 nec
645 780 882 873 imaginemur
920 774 959 845 in
987 797 1028 845 eo
1065 771 1357 843 contradictorias
1396 785 1539 843 seuten-
1592 772 1732 846 clesiam
1750 771 2287 859 contrarabiemdiabolornm,
2310 786 2434 845 contra
2458 787 2567 867 tyran-

544 890 623 959 ῐῑῃς,
1591 900 1657 945 nos
1672 892 1706 947 et
1723 889 1844 963 contra
1860 876 2032 946 fanaticos
2050 877 2206 961 furores,
2232 893 2266 947 et
2288 893 2339 949 est
2360 880 2487 958 iudex,
2512 895 2567 965 pu·

648 986 814 1062 Secundo
842 1004 973 1051 nomen
992 976 1163 1069 Imaginis
1185 976 1457 1056 commonefacit
1475 1000 1541 1047 nos
1592 979 1646 1049 nit
1670 992 1704 1048 et
1722 979 1844 1067 puniet
1870 978 2023 1069 impios,
2044 980 2177 1049 interea
2198 980 2302 1051 simul
2325 994 2406 1049 orat
2429 1003 2492 1067 pro
2513 1004 2569 1045 uo-

518 1074 523 1085 ’
546 1087 591 1160 de
617 1087 850 1159 discernendo
876 1108 960 1151 vero
975 1078 1052 1151 Deo
1072 1082 1117 1149 ab
1140 1080 1308 1151 omnibus
1326 1067 1542 1151 commenti·
1592 1080 1647 1149 bis
1664 1096 1844 1152 aeternum
1863 1098 2007 1168 patrem,
2030 1094 2067 1154 et
2083 1097 2136 1181 est
2151 1082 2271 1153 efficax
2290 1106 2375 1162 voce
2385 1079 2572 1169 Evangelii,

548 1192 607 1262 tiis
630 1188 851 1259 numinibus.
903 1176 1079 1275 Proponit
1103 1182 1169 1253 tibi
1191 1183 1383 1253 invisibilis
1407 1182 1542 1251 divini·
1592 1200 1629 1253 ut
1648 1184 1759 1275 aliqui
1783 1197 2053 1265 convertamur,
2079 1186 2226 1271 remittit
2243 1197 2385 1274 peccata
2405 1184 2570 1253 credenti·

548 1309 603 1365 tas
637 1290 733 1361 hunc
763 1290 877 1358 tilium
904 1287 1102 1377 visibilem,
1142 1300 1176 1356 et
1199 1286 1295 1357 iubet
1318 1300 1353 1356 te
1377 1267 1543 1353 invocaris
1596 1288 1680 1375 bus,
1708 1286 1871 1369 exaudit,
1899 1288 2069 1375 protegit,
2095 1287 2184 1357 lenit
2206 1310 2356 1379 poenas,
2382 1287 2494 1356 multa
2517 1285 2571 1350 mi·

548 1392 645 1467 hunc
670 1386 791 1462 'verum
808 1390 942 1473 Deum,
966 1391 1029 1482 qui
1052 1378 1152 1458 sitisit
1175 1386 1270 1478 horre
1292 1391 1545 1470 redemtorem,
1594 1389 1681 1479 tigat
1700 1388 1738 1455 in
1756 1388 1881 1457 ordine
1900 1401 2066 1473 naturae,
2094 1392 2203 1479 pascit
2227 1415 2312 1475 nos,
2331 1390 2439 1473 iuvat
2460 1403 2493 1457 et
2515 1388 2575 1455 sal·

550 1512 585 1567 et
609 1497 747 1567 addidit
771 1496 802 1564 ei
828 1494 1048 1574 testimonia,
1084 1505 1118 1559 et
1143 1514 1222 1559 vere
1247 1490 1284 1557 iu
1313 1490 1380 1561 isto
1402 1492 1546 1575 redemg
1596 1492 2288 1584 vatinvocantesipsum,,sicutiuquit:
2323 1490 2455 1563 Venite
2472 1492 2512 1557 ad
2529 1511 2574 1559 me

550 1596 806 1678 torehabitat,
845 1595 936 1665 sicut
960 1593 1099 1687 iuquit:
1131 1590 1206 1681 Qui
1225 1593 1319 1664 videt
1334 1617 1408 1673 me,
1438 1591 1534 1662 videt
1595 1616 1718 1661 omnes
1735 1593 1795 1684 qui
1813 1594 1981 1681 laboratis
1995 1608 2028 1663 et
2046 1597 2180 1663 onerati
2200 1596 2294 1669 estis.
2335 1594 2446 1669 ltem:
2474 1590 2574 1659 Nemo

520 1713 526 1721 ’
552 1716 701 1795 patrem.
1596 1697 1711 1785 rapiet
1724 1718 1806 1765 oves
1821 1718 1914 1765 aneas
1930 1718 1970 1763 ex
1989 1697 2154 1766 manilius
2171 1699 2268 1784 uteie.
2309 1696 2402 1767 Sine
2420 1718 2476 1765 me
2493 1688 2572 1759 nihil

649 1800 778 1888 ‚Tertio
800 1800 982 1871 sciendum
1008 1812 1057 1865 est
1082 1791 1174 1865 hauc
1191 1794 1256 1863 Dei
1284 1798 1475 1888 imaginem
1499 1798 1545 1867 ad
1596 1797 1741 1889 potestis
1755 1797 1879 1865 iacere.
1930 1795 2035 1867 Sedet
2052 1800 2094 1867 ad
2118 1801 2296 1879 dexteram
2313 1798 2451 1869 aeterni
2471 1797 2576 1885 patr-in

552 1930 620 1975 nos
644 1904 785 1971 missam
810 1927 902 1981 esse,
933 1916 975 1971 ut
998 1925 1063 1969 nos
1088 1922 1210 1968 rursus
1235 1925 1296 1989 per
1317 1926 1398 1971 eum
1419 1900 1546 1969 fiamus
1597 1908 1685 1969 daus
1708 1904 1801 1967 dona
1825 1895 2051 1981 hominihus,
2085 1903 2159 1989 ipse
2187 1918 2240 1974 est
2271 1915 2381 1993 caput
2401 1900 2574 1981 Ecclesiae,

552 2001 673 2098 imago
694 2004 780 2087 Dei,
818 1999 978 2083 honest,
1011 2016 1050 2072 ut
1077 2003 1192 2071 luceat
1220 2002 1256 2070 iu
1282 2004 1395 2072 nobis·
1410 2001 1544 2093 agnitio
1597 2002 2168 2095 perlicieusomniainomnibus.

552 2106 633 2195 Dei,
660 2129 721 2201 per
739 2107 851 2177 lilium
867 2127 1024 2188 aceensa,
1047 2128 1115 2199 qua
1133 2128 1255 2173 rursus
1270 2106 1443 2174 efficimur
1457 2129 1545 2173 con·
1699 2103 1793 2173 llaec
1808 2109 1850 2173 de
1868 2106 1943 2171 iure
1961 2104 2277 2195 primogeniturae,
2293 2101 2362 2175 hoe
2380 2118 2445 2189 est,
2467 2104 2507 2171 de
2522 2103 2573 2169 da-

552 2208 805 2295 formesDeo,
837 2203 1216 2279 deprecativam.
1240 2208 1387 2277 dieitur:
1425 2206 1546 2297 Agno·
1599 2208 1710 2277 minio
1727 2203 1858 2277 Christi
1877 2208 2060 2299 cogitanda
2074 2221 2168 2291 suut,
2195 2224 2229 2278 et
2247 2214 2291 2279 ad
2308 2207 2574 2280 consolationem

555 2328 689 2384 scentes
706 2308 824 2382 Deum
847 2336 909 2403 per
932 2334 1050 2378 vocem
1077 2308 1279 2397 Evangelii,
1317 2310 1545 2381 transforma·
1598 2326 1631 2381 et
1647 2314 1689 2379 ad
1708 2310 1968 2379 invocationem
1987 2311 2240 2395 transferenda,
2262 2336 2307 2381 ne
2323 2312 2500 2400 cogitetur
2515 2331 2573 2374 esse

554 2415 696 2485 murlo
719 2418 866 2484 eandem
888 2414 1097 2501 imaginem,
1131 2406 1197 2481 hoc
1222 2426 1292 2491 est,
1317 2410 1397 2482 Lux
1419 2412 1547 2481 similis
1598 2417 1709 2485 otiosa
1734 2413 1949 2495 dominatio,
1974 2415 2035 2481 sed
2060 2438 2140 2482 vere
2164 2414 2283 2483 efficax
2308 2415 2348 2499 in
2364 2412 2530 2481 creaturis
2549 2422 2574 2477 et

547 2521 666 2599 ¹verbo
701 2518 739 2585 in
773 2518 876 2585 vobis
908 2515 1126 2587 accenditur.
1185 2511 1404 2585 Athanasius
1439 2516 1545 2585 dicit:
1598 2518 1637 2586 iu
1659 2516 1772 2586 uobis.
1825 2512 1925 2583 Hanc
1945 2515 2176 2605 praesentiam
2198 2516 2263 2585 filii
2280 2513 2349 2586 Dei
2377 2530 2414 2586 et
2437 2509 2573 2583 hoedo·

556 2615 785 2709 Congruebat
807 2617 918 2687 lilium
942 2640 1119 2686 assumere
1153 2631 1313 2685 naturam
1344 2613 1549 2699 humanam,
1598 2620 1747 2687 minium
1764 2630 1889 2707 putant
1904 2617 2026 2707 inanes
2040 2618 2178 2691 fabulas
2194 2643 2267 2690 esse
2284 2620 2357 2703 illi,
2375 2618 2437 2711 qui
2455 2638 2574 2685 necru-

556 2735 598 2815 pt
622 2745 684 2812 per
707 2722 898 2809 imaginem
921 2718 989 2789 Dei
1014 2719 1232 2787 essentialem
1258 2714 1366 2788 homo
1387 2721 1548 2791 restitue·
1598 2710 1870 2791 raiatiudicium
1896 2720 2007 2809 ipsius
2031 2722 2299 2793 necanxilium.
2341 2713 2573 2790 'Additurlie
2628 2810 2629 2815 ἵ

555 2837 674 2907 retur,
699 2823 864 2893 conditus
886 2835 926 2891 ut
947 2835 1036 2890 esset
1056 2820 1171 2909 imago
1191 2820 1255 2891 Dei
1273 2837 1399 2893 creata.
1454 2820 1548 2911 Quia
1599 2825 1737 2921 illustre
1764 2822 2007 2891 testimouium
2039 2827 2082 2893 de
2118 2826 2366 2914 omnipotente
2397 2820 2571 2891 naturaie
2628 2816 2629 2866 l

557 2928 791 3017 perverbum,
807 2924 1053 3019 quodivinitas
1068 2924 1195 3014 patefit,
1209 2924 1543 3014 restituiturimago.
1599 2926 1689 2995 filio:
1712 2928 1752 2993 ln
1769 2918 1837 2993 hoc
1853 2924 1984 2993 visibili
2001 2926 2074 2995 lilio
2091 2942 2141 2995 est
2158 2920 2284 3022 λόγος,
2310 2950 2377 3017 per
2392 2950 2496 3017 quern
2511 2948 2572 2991 om·

661 3024 758 3095 Haec
777 3038 1025 3096 reverenteret
1042 3025 1099 3117 pie
1115 3027 1301 3113 cogitanda
1325 3043 1425 3110 suut,
1451 3041 1486 3097 et
1509 3028 1548 3094 iu
1599 3028 1658 3097 nia
1673 3028 1814 3097 condita
1831 3042 1928 3097 suut.
1971 3026 2066 3117 Ergo
2084 3024 2192 3123 λόγος
2210 3054 2281 3098 uon
2299 3046 2353 3099 est
2370 3051 2479 3097 sonus
2494 3049 2571 3095 crea·
2628 3028 2629 3035 '

558 3152 641 3198 vera
666 3129 891 3198 invocatione
920 3128 1105 3215 discenda,
1140 3128 1178 3195 in
1202 3154 1271 3220 qvia
1295 3154 1393 3199 mens
1416 3130 1549 3199 intueri
1601 3145 1656 3219 tus
1678 3154 1907 3215 evanescens,
1946 3132 2008 3201 sed
2036 3144 2087 3201 est
2121 3126 2380 3225 ὑφιρτοίμενος
2411 3146 2446 3203 et
2474 3129 2571 3197 omui·
2628 3129 2629 3200 l

517 3246 525 3259 “
559 3232 663 3302 debet
679 3229 792 3301 Deum
809 3228 1020 3323 patefactum
1038 3254 1099 3319 per
1116 3224 1211 3299 hunc
1227 3232 1352 3313 filium,
1369 3246 1404 3304 et
1418 3234 1549 3303 discer·
1601 3248 1739 3327 potens.

557 3356 642 3402 nere
659 3358 777 3401 veram
798 3333 1058 3403 invocationem
1077 3334 1122 3401 ab
1141 3329 1292 3402 ethnica.
1582 3377 1587 3387 ι
1931 3400 1987 3421 ‚,
2135 3402 2142 3421 ,
2213 3396 2227 3421 .‚
2628 3373 2629 3420 t

664 3430 805 3506 Omitto
830 3434 1033 3528 praestigias
1051 3433 1272 3506 Samosateui
1296 3449 1329 3507 et
1343 3434 1425 3507 Arii
1447 3448 1480 3504 et
1503 3436 1551 3504 si·
1787 3396 1935 3475 Thmm
1950 3427 2024 3475 Μ
2040 3398 2312 3477 d⁰m¹⁰⁰l²⁰⁰⁶⁸
2328 3414 2394 3479 ‘ll'

559 3537 715 3622 milium,
742 3539 803 3630 qui
822 3538 977 3606 cavillati
993 3552 1091 3607 suut:
1120 3537 1238 3628 lmago
1256 3555 1305 3609 est
1321 3543 1445 3610 umbra
1462 3538 1550 3607 alte·
1634 3519 1646 3548 ³
1705 3538 1891 3625 Thronos,
1918 3540 2197 3628 dominationes,
2231 3544 2452 3636 principatus
2473 3556 2503 3612 et
2523 3564 2571 3632 po·
2627 3611 2628 3630 ,

559 3640 635 3708 rius
651 3640 723 3723 rei,
749 3652 815 3711 ete.
876 3638 983 3708 'l'ales
1000 3634 1249 3732 sycophantias
1268 3639 1324 3710 hic
1344 3645 1417 3730 ipse
1439 3656 1552 3710 textus
1603 3657 1742 3717 testates
1762 3645 2093 3732 intelligitvetustas
2107 3646 2271 3735 angelos,
2298 3671 2364 3714 nos
2381 3645 2495 3715 omnia
2516 3647 2568 3710 im·

558 3743 707 3826 refutat,
733 3767 813 3812 cum
831 3757 949 3832 postea
969 3741 1104 3835 iuquit:
1131 3741 1199 3813 Per
1215 3746 1326 3812 lilium
1345 3744 1463 3813 omnia
1480 3767 1553 3812 esse
1603 3741 1749 3840 peria’et
1768 3748 1930 3816 ordinem
1949 3762 2209 3832 creaturarum,
2234 3749 2462 3840 politiarum,
2488 3749 2568 3814 deco

559 3844 701 3914 condita
725 3859 759 3914 et
779 3859 997 3914 conservata.
1063 3841 1112 3915 Et
1141 3849 1185 3913 ad
1212 3845 1393 3916 Hebraeos
1421 3847 1554 3916 dicitur
1604 3851 1822 3932 nomiarum,
1856 3850 2030 3938 coniugii,
2067 3851 2204 3940 legum,
2236 3853 2522 3936 gubernationem
2542 3847 2570 3912 in

560 3942 754 4017 Character
785 3945 1029 4032 substantiae,
1084 3949 1269 4029 videlicet,
1310 3937 1554 4022 substantialis
1604 3954 1702 4022 coelo
1719 3967 1753 4022 et
1771 3953 1806 4020 iu
1825 3964 1915 4022 terra
1935 3953 2179 4042 intelligimus.
2231 3952 2334 4024 Certe
2353 3950 2420 4024 hoe
2441 3953 2509 4020 vult
2527 3948 2569 4016 di·
2627 3941 2628 4018 l

561 4045 696 4137 Imago.
1600 4079 1680 4149 ‚cere
1705 4078 1827 4123 omnes
1848 4069 2024 4148 creaturas
2048 4071 2081 4126 et
2105 4067 2237 4124 creatas
2261 4070 2295 4128 et
2317 4058 2495 4126 ordinatas
2514 4073 2570 4120 esse

1606 4182 1667 4248 per
1698 4153 1792 4226 lanne
1821 4157 1956 4240 filium,
1998 4157 2134 4226 etiamsi
2162 4173 2279 4246 postea
2309 4160 2356 4230 ab
2380 4160 2442 4228 illo
2465 4155 2568 4226 ordine

1606 4263 1841 4330 discesserunt
1856 4259 1990 4327 diaboli
2003 4274 2045 4329 ‘et
2063 4256 2233 4334 homines.
2266 4309 2275 4330 .

664 4349 934 4446 Simplicissima
951 4355 1129 4424 enarratio
1145 4359 1443 4446 estdediguitate.
1476 4355 1559 4428 Pri-‘
1711 4361 1817 4450 Quod
1842 4361 1935 4428 filius
1958 4363 2001 4431 sit
2028 4376 2152 4432 natura
2176 4361 2301 4448 Deus,
2329 4365 2505 4434 manifesta
2523 4343 2568 4425 his

564 4457 786 4544 mogenitus,
822 4453 890 4526 hoc
909 4473 977 4538 est,
1010 4460 1180 4527 dominos
1202 4461 1557 4530 ornriiumcreatura-
1608 4464 1809 4536 testimonia
1832 4463 1941 4550 posita
1966 4481 2068 4550 sont,
2105 4467 2186 4558 quia
2204 4468 2350 4538 dicitur:
2377 4464 2501 4538 Omnia
2521 4479 2567 4548 per

564 4579 667 4640 rum,
707 4558 802 4628 iuxta
827 4556 912 4628 haec
940 4562 1033 4628 dicta
1061 4559 1203 4630 Psalmo
1232 4578 1381 4632 octavo:
1422 4559 1557 4632 Omnia
1609 4569 1723 4660 ipsum
1745 4590 1817 4636 esse
1833 4570 1995 4648 condita,
2024 4585 2057 4640 et
2080 4567 2283 4640 dulcissime
2300 4566 2358 4640 hic
2373 4572 2481 4640 addit:
2504 4558 2565 4650 19⁵⁰

567 4659 748 4751 subiecisti
769 4664 836 4728 sttlt
854 4665 1002 4752 pedihus
1018 4666 1104 4734 eius.
1161 4661 1205 4733 Et
1223 4661 1395 4736 Matthaei
1414 4669 1559 4736 ultimo:
1609 4687 1659 4740 est
1677 4684 1758 4739 ante
1775 4672 1905 4742 omnia.
1945 4667 2024 4740 Hoc
2040 4672 2285 4758 condicitur,
2310 4683 2503 4742 uecesseest
2521 4663 2563 4729 5¹¹·
2626 4683 2627 4708 ¹

568 4761 661 4828 Data
680 4773 732 4829 est
756 4759 845 4830 mihi
868 4766 986 4832 omnis
1005 4780 1156 4856 potestas
1176 4767 1213 4835 in
1232 4770 1331 4837 coelo
1347 4783 1381 4838 et
1400 4769 1436 4836 iu
1454 4783 1559 4844 terra.
1609 4773 1720 4862 telligi
1745 4773 1783 4839 in
1810 4797 1851 4840 eo
1876 4785 2039 4842 naturam
2065 4799 2156 4855 esse,
2198 4779 2563 4870 quaesueritanteas·

568 4857 853 4934 Ethicdicitur:
888 4866 931 4934 Iu
957 4893 1037 4935 eum
1058 4870 1178 4938 omnia
1202 4887 1286 4940 sunt
1302 4873 1464 4956 condita,
1491 4867 1559 4941 hoc
1610 4875 1823 4946 sumtionem
1858 4868 2033 4946 humanae
2068 4893 2224 4950 naturae.
2293 4877 2389 4948 Hinc
2414 4869 2563 4969 perspicue
2626 4909 2627 4956 t

570 4978 639 5039 est,
667 4981 810 5056 propter
827 4991 926 5052 curri,
952 4971 987 5038 id
1007 4984 1078 5055 est,
1108 4988 1147 5040 ut
1165 4972 1201 5040 iu
1223 4967 1289 5040 hoe
1313 4974 1388 5044 lilio
1412 4997 1447 5042 se
1463 4990 1561 5066 pate·
1612 4978 1789 5070 sequitur,
1829 4975 1942 5073 λόγον
1975 5003 2047 5046 non
2070 5003 2143 5048 esse
2163 5003 2291 5050 sonum
2319 4987 2560 5052 evanescentem,
2626 5015 2627 5024 κ

569 5065 674 5134 faciat
695 5065 812 5154 Deus,
839 5083 873 5140 et
894 5075 1055 5142 ostendat
1076 5073 1115 5142 iu
1142 5067 1207 5143 hac
1230 5076 1392 5146 miranda
1415 5077 1561 5168 copula·
1612 5105 1691 5150 cum
1710 5083 1754 5149 de
1771 5073 1913 5150 Christo
1932 5082 2079 5165 dicitur,
2107 5081 2214 5170 Qtrod
2229 5085 2371 5157 sitente
2386 5079 2503 5154 omnir·
2626 5085 2627 5160 l

573 5167 670 5237 tione
695 5171 838 5241 divinae
863 5189 897 5244 et
920 5169 1096 5244 humanae
1118 5193 1263 5248 naturae
1285 5203 1388 5250 suurn
1405 5204 1560 5250 amorem
1714 5182 1805 5266 Npta
1822 5196 1873 5250 est
1888 5195 2004 5251 autem
2022 5179 2107 5254 haee
2125 5181 2279 5274 phrasis,
2297 5210 2361 5278 per
2382 5185 2483 5256 fillum
2503 5195 2559 5244 ⁰¹¹¹·

573 5291 652 5360 “8³
668 5293 778 5359 genus
798 5271 1005 5351 humanum,
1093 5358 1097 5371 ,
1613 5285 1672 5354 nia
1697 5285 1839 5353 condita
1865 5307 1949 5357 esse.
2006 5281 2085 5354 Etsi
2109 5288 2204 5356 euim
2231 5313 2355 5360 omues
2379 5287 2511 5357 actiones
2526 5273 2557 5342 ad

675 5372 819 5445 Etcum
841 5403 903 5467 per
918 5374 1013 5449 huuc
1029 5381 1142 5450 lilium
1159 5382 1361 5454 immediate
1379 5385 1565 5474 colligatur
1615 5399 1709 5457 extra
1728 5401 1810 5456 sunt
1831 5411 2035 5456 communes
2057 5390 2171 5458 tribus
2196 5393 2373 5482 personis,
2399 5397 2557 5456 tameuuu

576 5465 752 5553 Ecclesia,
771 5493 921 5562 potestas
946 5481 1021 5549 eius
1041 5499 1092 5553 est
1113 5485 1217 5552 etiam
1241 5486 1442 5558 immediata
1459 5512 1564 5575 supra
1615 5490 1783 5582 cuiusque
1799 5513 1968 5580 personae
1983 5505 2033 5560 est
2049 5494 2254 5585 proprietas,
2281 5506 2315 5562 et
2330 5494 2454 5562 dictum
2463 5483 2555 5568 dull·

579 5593 702 5638 omnes
718 5590 903 5649 creaturas.
950 5579 1064 5652 Filius
1079 5598 1222 5674 propter
1237 5587 1480 5658 collectionem
1495 5587 1565 5660 Ec·
1615 5591 1698 5662 stiui
1718 5583 1932 5662 concinnum
1952 5606 2013 5663 est.

580 5671 704 5739 clesiae
719 5673 921 5748 immediate
944 5697 1060 5751 servat
1080 5685 1217 5754 coelum
1233 5702 1267 5756 et
1284 5703 1431 5776 terram,
1456 5715 1567 5782 genus
1716 5695 1800 5784 Agit
1816 5696 1909 5763 filius
1926 5719 2054 5786 perse,
2081 5720 2156 5765 non
2171 5719 2189 5765 a
2204 5717 2261 5778 se,
2286 5709 2384 5789 pater
2402 5691 2470 5763 vult
2484 5701 2553 5755 erea-

579 5765 794 5862 l¹⁰¹¹¹³¹¹⁰¹¹¹2
827 5779 1064 5874 ministerium
1087 5780 1295 5877 Evangelii,
1318 5793 1478 5866 defendit
1496 5791 1565 5866 Ec·
1586 5849 1594 5874 .
1616 5796 1748 5869 tionem
1764 5811 1797 5868 et
1814 5810 1926 5880 totum
1943 5799 2105 5868 ordinem
2126 5823 2256 5887 rerum,
2275 5815 2308 5874 et
2324 5793 2471 5892 exprimit
2485 5783 2551 5856 hant

666 4209 945 4312 Primogenitus
962 4217 1152 4287 universae
1169 4227 1358 4288 creaturae
1374 4229 1438 4320 εἰσ,
