5825 6950
328 695 403 776 su
512 695 616 774 xnr.
667 701 704 778 e.
737 647 1105 782 cosruaurlun
1132 700 1182 780 u
1207 702 1368 783 arrsr.
1396 691 1551 778 ranst
1579 699 1650 776 an
1677 693 1941 784 nontuos.
1992 701 2098 785 car.
2126 707 2195 793 111.
2302 715 2382 794 sse

327 875 474 966 Deum,
506 882 583 946 non
606 898 691 948 vere
715 877 864 949 credens
887 875 989 962 Deo,
1021 901 1096 950 non
1118 879 1326 952 existimans
1379 899 1461 956 rum
1481 897 1624 951 accusas
1653 899 1740 966 nos,
1761 877 1829 952 tibi
1850 881 1920 952 soli
1945 879 2124 958 tribuatur
2143 885 2256 979 gloria
2274 888 2377 962 iusti-

329 1001 412 1049 eum
427 978 534 1049 irasci
548 993 711 1071 peceato,
733 992 796 1051 aut
813 981 974 1050 misereri
991 982 1173 1071 agentium
1199 984 1325 1075 poeni·
1378 982 1464 1056 riae.
1516 978 1622 1050 Item:
1651 994 1692 1052 ut
1716 982 1837 1054 vincas
1856 1007 1937 1055 curn
1962 986 2149 1077 iudicaris,
2176 993 2213 1063 id
2238 1009 2307 1080 est,
2336 1008 2376 1066 ut

326 1081 500 1167 tentiam,
525 1083 587 1151 sed
610 1082 802 1173 dubitans,
823 1083 1025 1173 negligens,
1050 1086 1218 1156 diflidens
1232 1083 1323 1159 Deo.
1378 1083 1499 1154 vincas
1522 1095 1555 1154 et
1572 1083 1638 1154 tibi
1654 1083 1833 1156 tribuatur
1849 1087 1927 1158 laus
1945 1089 2105 1162 iusticias
2112 1143 2125 1177 ,
2154 1119 2233 1166 cnm
2257 1089 2373 1191 hypo-

326 1181 473 1254 }lornm
500 1196 725 1276 peccatorum
756 1199 792 1254 et
815 1181 943 1256 barum
978 1189 1207 1258 tenebrarum
1239 1190 1323 1258 reli·
1377 1189 1486 1261 tritae
1505 1199 1671 1258 accusant
1691 1200 1744 1272 te,
1770 1211 1811 1258 ac
1834 1189 2000 1262 tribuunt
2019 1194 2320 1268 tibiiniusticiam
2339 1215 2373 1272 et

325 1287 434 1380 quiae
455 1301 539 1358 sunt
561 1287 669 1357 etiarn
694 1287 734 1356 in
757 1287 906 1368 sanctis,
941 1289 1022 1359 idco
1052 1290 1156 1362 dicit:
1190 1286 1324 1363 Omnis
1378 1287 1622 1362 crudelitatem
1655 1292 1800 1382 quando
1834 1295 2037 1383 puniuntur
2068 1311 2102 1368 et
2140 1300 2371 1378 abiiciuntur,

325 1385 440 1459 homo
455 1390 618 1460 mendas.
671 1388 834 1461 Pendent
848 1390 957 1480 igitur
973 1393 1224 1482 promissiones
1247 1419 1322 1465 nnn
1376 1391 1462 1463 Saul
1481 1391 1588 1464 tantis
1608 1391 1714 1461 rebus
1731 1394 1835 1482 gestis
1853 1418 1917 1485 pro
1940 1398 2052 1472 salute
2068 1402 2191 1491 populi
2209 1400 2275 1472 Dei
2293 1407 2367 1473 exi-

324 1515 367 1560 es
403 1493 576 1584 dignitate
607 1505 750 1577 nostra,
785 1494 847 1564 sed
881 1519 922 1564 ex
956 1518 997 1564 eo
1024 1499 1120 1588 qnod
1146 1493 1242 1566 Deus
1271 1512 1323 1568 est
1375 1493 1494 1566 stimat
1518 1517 1555 1564 se
1580 1494 1746 1563 meritum
1773 1519 1865 1583 esse,
1891 1501 2142 1573 neabiiciatur
2162 1528 2182 1574 a
2202 1501 2298 1590 Deo,
2325 1531 2370 1576 ne

323 1617 448 1671 mag,
1375 1597 1538 1667 eiiciatur
1559 1622 1599 1668 ex
1615 1620 1736 1686 regno.
1792 1597 1913 1692 ltaque
1931 1602 1968 1670 in
1983 1604 2185 1678 calamitate
2201 1609 2365 1678 irascitur

1374 1696 1451 1769 Deo
1476 1713 1616 1770 accusat
1644 1700 1719 1766 eius
1753 1700 1937 1772 iudicium.
2002 1702 2158 1779 Econtra
2183 1707 2297 1778 David
2330 1712 2368 1780 in

1374 1801 1572 1873 calamitate
1605 1802 1739 1874 latetur
1759 1825 1796 1874 se
1826 1804 1917 1876 inste
1945 1808 2088 1896 punici,
2124 1834 2197 1881 non
2229 1828 2367 1884 accusat

1374 1901 1504 1988 Deum,
1519 1907 1760 2074 sederaestat
1775 1906 2027 1994 obedientiam,
2053 1913 2144 1983 sicut
2158 1914 2244 1984 alibi
2263 1940 2366 2006 prae-

427 2001 654 2078 Additaliud
675 2007 940 2091 testimonium,
966 2009 1062 2100 quod
1087 2003 1245 2083 detrahit
1264 2009 1320 2078 di·
1373 2006 1514 2098 cipitur.
1620 2007 1833 2076 umiliamini
1868 2013 1935 2080 snb
1968 2015 2102 2101 potenti
2141 2039 2250 2086 mauu
2283 2016 2363 2092 Dei,

323 2107 500 2196 gnitatens
522 2131 584 2180 sen
608 2111 758 2199 gloriam
781 2109 942 2180 iusticias
966 2126 1001 2182 et
1022 2112 1230 2182 meritorum
1253 2137 1320 2182 no·
1372 2107 1469 2180 Haec
1482 2123 1533 2180 est
1546 2109 1715 2200 simplex,
1744 2133 1825 2180 vera
1844 2125 1877 2182 et
1895 2112 2001 2202 plana
2019 2117 2182 2186 versiculi
2200 2117 2363 2188 Davidici

326 2212 399 2296 bis,
424 2223 462 2282 et
476 2211 630 2282 celebrat
644 2213 763 2283 Deum
781 2212 916 2284 iustum
935 2226 971 2283 et
984 2228 1192 2285 servantem
1218 2227 1318 2307 pacta
1372 2211 1637 2303 interpretatio,
1664 2215 1760 2304 quod
1783 2214 1946 2284 videlicet
1962 2216 2009 2286 sit
2025 2219 2199 2288 confessio
2219 2225 2362 2309 peccati,

328 2326 472 2405 propter
486 2334 586 2384 suam
601 2314 797 2389 veritatem,
836 2313 907 2386 Sed
922 2329 1123 2408 repetamus
1141 2317 1318 2407 integrum
1371 2315 1505 2385 adiecta
1522 2309 1708 2397 antithesi,
1734 2328 1773 2386 ut
1788 2314 1883 2388 Deus
1898 2319 2121 2408 praedicetur
2137 2322 2261 2401 iustus,
2289 2348 2362 2394 non

333 2415 552 2488 versiculum.
605 2413 777 2490 Continet
805 2417 902 2488 enim
933 2417 1152 2488 uberrimam
1185 2419 1319 2490 doctri·
1370 2429 1554 2488 accusetur
1569 2419 1664 2510 quod
1683 2419 1843 2488 insontes
1861 2421 2004 2510 puniat,
2030 2425 2128 2514 quod
2148 2417 2241 2494 hanc
2263 2427 2363 2494 intir-

345 2541 430 2608 usn,
456 2542 498 2590 ae
520 2518 707 2592 evidenter
730 2521 862 2592 reluut
884 2514 1089 2615 hypocritas
1111 2535 1146 2592 et
1168 2544 1318 2613 persua·
1371 2541 1465 2588 marn
1484 2532 1647 2606 naturam
1669 2520 1800 2591 iniuste
1816 2523 1924 2592 tantis
1940 2523 2200 2598 calamitatibus
2215 2552 2361 2619 oppres-

345 2620 443 2691 siones
465 2622 611 2711 legales,
650 2637 686 2694 et
715 2624 913 2693 doctrinam
946 2617 1224 2709 monachorum,
1254 2625 1318 2717 qui
1370 2623 1473 2694 serit:
1502 2623 1590 2692 sieut
1608 2647 1689 2689 eum
1713 2639 1875 2695 accusant
1893 2619 2114 2718 hypocritae,
2139 2625 2244 2716 Saul,
2269 2627 2355 2703 Cato

342 2723 464 2814 fingunt
479 2720 645 2794 homines
661 2741 808 2819 propter
820 2727 1003 2818 propriam
1019 2725 1239 2816 dignitatem,
1252 2749 1316 2799 sen
1370 2738 1404 2796 et
1419 2725 1564 2794 similes.
1592 2721 1765 2794 Fortassis
1784 2721 1869 2796 haec
1882 2727 2055 2802 sententia
2072 2731 2288 2802 subobscura
2308 2748 2360 2805 est

344 2839 474 2918 propter
495 2827 607 2917 legem
630 2827 767 2918 placere
782 2826 873 2900 Deo.
944 2826 1086 2900 Rursus
1109 2829 1213 2901 etiam
1234 2830 1318 2899 dul·
1369 2821 1577 2898 hominibus
1594 2827 1733 2911 otiosis,
1758 2841 1791 2898 et
1807 2825 1979 2919 Epicurea
2005 2832 2192 2903 securitate
2207 2835 2360 2906 fruenti-

341 2929 502 2998 cissimam
533 2931 812 3003 consolationem
844 2933 1015 3024 proponit
1043 2933 1315 3020 agnoscentibus
1369 2931 1448 3002 hus.
1501 2928 1572 3001 Sed
1595 2944 1713 3000 tamen
1730 2929 1833 2999 facile
1850 2931 1998 3022 intelligi
2013 2947 2125 3025 potest
2143 2937 2188 3006 ab
2205 2937 2268 3024 iis,
2295 2939 2358 3032 qui

339 3055 429 3100 susm
452 3033 735 3117 immunditiem,
773 3048 809 3105 et
837 3034 1023 3124 agentibus
1050 3035 1315 3125 poeniteutiam.
1368 3056 1441 3103 non
1466 3047 1548 3103 sunt
1572 3031 1721 3100 omniuo
1744 3035 1851 3102 rudes
1876 3057 1978 3104 verae
2001 3039 2261 3128 poenitentiae,
2296 3063 2359 3112 seu

343 3131 445 3204 l'erba
469 3130 556 3206 haec
580 3151 678 3206 suut:
706 3135 792 3206 Tibi
815 3148 952 3207 tantum
975 3151 1137 3228 peccator
1151 3161 1249 3222 sum,
1274 3151 1315 3209 ut
1368 3133 1613 3218 contritionis,
1640 3147 1678 3202 ut
1696 3149 1834 3210 vocant.

340 3235 525 3309 iustificeris
548 3240 586 3308 in
606 3240 832 3310 sermonibus
856 3238 946 3318 tuis,
972 3252 1007 3309 et
1024 3239 1145 3309 vincas
1160 3263 1239 3309 cum
1258 3241 1315 3310 in-
1469 3235 1656 3308 Caeterum
1673 3237 1908 3308 Grammatici
1932 3233 1990 3308 hie
2012 3240 2260 3332 intempestive
2282 3245 2356 3314 dis·
2406 3251 2410 3258 '

338 3339 468 3412 dicaris.
541 3339 606 3410 Est
636 3357 755 3412 autem
782 3342 957 3412 confessio
987 3341 1117 3432 peccati
1147 3342 1253 3433 plana
1280 3356 1314 3412 et
1367 3352 1494 3430 putant
1511 3341 1555 3408 de
1579 3339 1715 3424 verbis,
1743 3363 1787 3408 an
1814 3341 1885 3412 sint
1910 3343 2046 3433 passive
2071 3345 2289 3436 accipienda:
2316 3361 2357 3418 ut

339 3441 501 3533 simplex,
539 3446 661 3538 quales
692 3444 825 3516 multae
857 3444 941 3516 sunt
972 3443 1011 3514 in
1044 3443 1125 3515 aliis
1146 3442 1313 3515 Psalmis:
1367 3441 1585 3524 iustificeris,
1617 3439 1722 3512 ltem:
1753 3465 1832 3513 cum
1855 3445 2034 3519 iudicaris.
2092 3444 2202 3519 Recte
2226 3446 2358 3520 Paulus

338 3544 487 3635 Agnosco
500 3571 558 3618 me
574 3571 648 3618 non
664 3548 801 3618 adferre
815 3548 859 3617 ad
875 3560 909 3617 te
930 3546 1129 3630 iusticiam,
1156 3548 1315 3633 dignita·
1366 3546 1504 3637 passive
1532 3545 1669 3629 reddit,
1711 3556 1745 3615 et
1769 3550 1946 3640 quadrant
1984 3548 2141 3640 passivae
2174 3560 2276 3621 voces
2309 3556 2354 3623 ad
2461 3616 2464 3627 .

336 3652 575 3731 tem,merita:
600 3654 660 3720 sed
678 3664 816 3723 tanturn
831 3672 905 3720 esse
920 3665 1147 3742 peccatorem.
1192 3647 1239 3721 Et
1255 3646 1314 3721 hie
1365 3643 1460 3719 hanc
1480 3646 1776 3737 simplicissimam
1803 3650 2033 3737 sententiam,
2066 3676 2172 3745 quarn
2194 3654 2356 3725 recitavi·
2411 3698 2415 3705 -

334 3751 541 3823 observanda
558 3766 606 3823 est
626 3749 764 3845 phrasis
780 3748 943 3826 Ebraica.
982 3750 1073 3823 Nam
1089 3754 1196 3823 verba
1211 3776 1314 3845 saepe
1366 3774 1458 3823 mus.
1524 3748 1619 3820 Volo
1644 3750 1791 3821 retineri
1823 3753 1978 3844 passivas
2000 3777 2122 3836 vocet,
2162 3770 2195 3825 el
2222 3758 2265 3825 ad
2289 3752 2353 3827 has

346 1761 407 1836 Ut
429 1759 640 1859 iustificeris
665 1763 704 1836 in
727 1763 957 1837 sermonibus
986 1765 1079 1855 tuis,
1111 1777 1143 1839 et
1173 1766 1299 1841 riorus

675 1893 756 1940 cum
782 1863 973 1941 iudicaris.

339 3854 614 3947 ipsissignilicaut
626 3853 783 3927 babitus:
801 3854 886 3926 Tibi
896 3879 1011 3945 pecco,
1025 3856 1062 3926 id
1073 3868 1137 3941 est,
1145 3878 1222 3926 sum
1232 3880 1313 3946 pec·
1365 3852 1531 3944 congruit
1544 3850 1694 3923 Ebraica
1709 3848 1859 3946 phrasis,
1884 3868 1923 3927 ut
1938 3856 2067 3927 eruditi
2083 3857 2184 3929 facile
2200 3859 2355 3931 iudicare
2478 3926 2484 3935 ,

337 3972 428 4033 cstor.
474 3957 521 4029 Et
539 3973 592 4031 est
614 3957 806 4049 singularis
824 3953 1002 4050 emphasis
1018 3957 1057 4027 in
1076 3958 1314 4051 appellatione
1367 3969 1526 4050 possunt.

333 4062 462 4149 peccati.
497 4060 655 4133 Tantum
671 4085 750 4131 sum
765 4074 941 4153 peccator,
957 4061 994 4130 id
1010 4074 1073 4147 eu,
1098 4085 1191 4145 retas,
1210 4062 1314 4131 dam·
1470 4056 1562 4129 lllnd
1580 4068 1696 4127 autem
1713 4056 1890 4131 adiiciam.
1956 4056 2046 4129 Cum
2064 4060 2130 4133 ait:
2165 4076 2206 4132 ιιι
2227 4062 2353 4135 iustifi-

332 4175 436 4250 uatus,
449 4156 883 4259 maledictusaroiduppsu.
917 4160 1010 4233 Nam
1025 4162 1215 4257 appellatio
1232 4188 1313 4256 pec·
1366 4162 1455 4234 ceris
1484 4160 1523 4230 in
1553 4159 1779 4229 sermonibus
1808 4162 1903 4246 tuis,
1945 4162 2117 4233 referatur
2147 4164 2281 4235 dictum
2310 4170 2354 4239 ad

328 4262 1312 4361 cstihaecduosignificat,autenimpeccatumestquid-
1366 4279 1572 4359 utrunque,
1615 4264 1661 4333 ad
1693 4261 1804 4353 legem
1837 4279 1871 4336 et
1902 4265 2171 4355 promissionem
2212 4268 2354 4357 gratiae.

323 4372 402 4439 dam
424 4392 586 4462 pugnans
610 4394 692 4441 cum
715 4370 789 4459 lege
810 4365 896 4454 Dei,
921 4370 1018 4463 quod
1042 4384 1198 4440 meretur
1221 4372 1312 4439 iram
1366 4362 1530 4458 Agnosco
1546 4387 1603 4435 sne
1620 4380 1949 4457 essepeccatorum,
1977 4390 2094 4449 reum,
2119 4384 2159 4440 ut
2182 4368 2295 4440 fateor
2320 4385 2353 4441 te

318 4470 390 4543 Dei
416 4488 452 4543 et
475 4496 626 4564 poenas,
660 4471 731 4541 nisi
758 4472 978 4552 remittatur,
1018 4485 1081 4542 aut
1103 4471 1314 4561 simpliciter
1366 4471 1499 4541 iustum
1522 4490 1595 4537 esse
1611 4481 1831 4539 accusantem
1848 4492 1887 4539 ac
1901 4468 2106 4561 punientem
2120 4492 2196 4540 nos·
2230 4468 2355 4563 Agno-

312 4578 362 4643 de
385 4576 514 4646 effectu
535 4576 764 4665 intelligitur,
783 4574 951 4645 videlicet
965 4597 1031 4668 pro
1047 4597 1086 4643 re
1102 4573 1222 4667 aliqua
1238 4598 1311 4660 rea,
1364 4597 1423 4644 sco
1444 4595 1503 4640 me
1520 4592 1594 4639 esse
1613 4582 1857 4662 peccatorum,
1888 4584 1922 4642 et
1944 4570 2020 4640 iure
2045 4572 2107 4641 abs
2129 4585 2164 4642 te
2187 4574 2353 4661 accusari,

311 4700 378 4745 sen
403 4680 589 4750 damnatas
620 4692 661 4749 ut
684 4701 764 4747 cum
788 4672 943 4773 hostiae,
976 4698 1039 4747 seu
1065 4676 1223 4775 piacula,
1250 4702 1312 4747 vo·
1365 4700 1406 4747 ac
1427 4675 1568 4779 celehrp
1592 4686 1627 4743 te
1647 4670 1762 4743 solum
1794 4696 1868 4743 esse
1897 4674 2049 4760 iustum,
2090 4696 2156 4743 nos
2182 4698 2255 4747 non
2274 4698 2352 4747 esse

311 4794 448 4850 cantur
471 4794 622 4869 peccata,
673 4776 743 4849 Hic
763 4802 847 4869 ergo
870 4802 951 4849 cum
976 4779 1109 4850 fatetur
1132 4774 1311 4868 Propheta
1365 4779 1489 4851 iustos.

310 4906 349 4949 se
372 4906 453 4951 esse
468 4896 702 4970 peccatorem,
728 4896 763 4952 et
776 4881 877 4953 addit
892 4879 1127 4966 exclusivum,
1160 4895 1312 4967 tautum,
1469 4874 1564 4949 llaec
1583 4875 1828 4968 interpretatio
1845 4866 1961 4945 adhuc
1976 4898 2044 4945 vox
2061 4890 2113 4949 est
2139 4876 2226 4969 legis
2247 4903 2352 4955 sccu-

307 4985 443 5053 abiicit
469 4984 677 5070 dignitatem
711 4984 912 5077 propriam,
941 4983 1102 5074 agnoscit
1121 5004 1160 5053 se
1183 4978 1314 5054 habere
1365 4979 1476 5051 santis
1498 5000 1583 5066 nos,
1616 4981 1777 5049 nondum
1799 4978 1884 5048 iacit
1906 4977 2121 5049 mentionem
2144 4982 2351 5072 promissio·
2388 5010 2393 5015 ·

306 5088 582 5157 immunditiem
596 5100 812 5177 pugnantem
827 5110 908 5158 cnm
924 5085 1000 5175 lege
1014 5082 1095 5168 Dei,
1107 5109 1148 5156 ac
1162 5108 1198 5155 se
1215 5109 1313 5156 reum
1369 5084 1433 5156 nis.
1488 5080 1572 5152 ldeo
1587 5076 1655 5151 hoc
1670 5082 1803 5153 dictum
1817 5096 1830 5149 ε·
1852 5094 1890 5151 ut
1907 5080 2103 5151 iustificeris
2118 5082 2156 5152 in
2178 5086 2351 5157 sermoni-

306 5213 392 5258 esse
406 5213 450 5257 ac
463 5190 630 5261 meritum
647 5190 737 5258 iram
752 5185 1026 5279 Deietpoenas.
1064 5184 1162 5259 Haec
1177 5190 1314 5259 conles·
1369 5190 1434 5256 bus
1457 5184 1546 5265 tuis,
1584 5184 1862 5277 transieramus,
1901 5204 1975 5253 nou
2004 5184 2118 5253 solnm
2151 5187 2194 5254 ad
2227 5187 2351 5279 legera,

308 5294 367 5361 sio
388 5292 476 5385 quid
499 5292 563 5374 sit,
596 5292 636 5361 in
660 5314 742 5361 vera
764 5290 979 5363 contritione
1002 5289 1052 5381 pii
1072 5290 1315 5381 experiuntur.
1368 5292 1425 5359 sed
1444 5288 1607 5357 etiamad
1625 5285 1887 5376 promissiones.
1938 5282 2152 5379 Quanquam
2168 5311 2245 5357 sum
2262 5311 2353 5377 reus,

309 5392 356 5463 ln
386 5390 446 5465 his
473 5395 665 5485 pavoribus
696 5392 871 5464 excutitur
901 5392 1103 5483 arrogantia
1125 5404 1161 5463 et
1186 5392 1314 5465 bducia
1368 5406 1401 5462 et
1426 5386 1520 5459 nibil
1540 5389 1721 5459 adseroad
1740 5388 1862 5459 tenisi
1881 5386 2096 5478 agnitionem
2119 5390 2272 5479 peccati,
2297 5406 2352 5461 ts-

309 5497 484 5591 propriae
498 5495 700 5587 dignitatis,
726 5518 789 5565 seu
806 5493 965 5567 iustitiae
985 5494 1086 5584 legis.
1369 5517 1450 5563 meo
1476 5491 1641 5579 coniugio
1663 5492 1707 5561 ad
1730 5490 1935 5582 promissam
1959 5489 2259 5575 misericordiam,
2290 5517 2350 5561 es-

437 5596 486 5671 Ut
514 5614 634 5667 autem
662 5597 794 5669 clarius
827 5596 1068 5668 refutarentur
1096 5590 1314 5692 hypocritae,
1369 5608 1470 5690 pecto
1494 5594 1653 5663 veniam:
1680 5605 1722 5663 ut
1745 5591 1942 5663 iustificeris
1963 5591 2000 5661 iu
2026 5594 2249 5663 sermonibus
2268 5594 2351 5684 tuip,

310 5704 458 5773 adiecta
482 5714 536 5771 est
557 5700 649 5771 ratio
674 5698 919 5773 consessionis.
973 5696 1058 5769 ldeo
1080 5721 1138 5768 me
1154 5712 1314 5790 peccato·
1367 5712 1408 5769 ut
1424 5694 1667 5788 praedicemus
1683 5708 1717 5764 te
1730 5718 1804 5764 esse
1819 5718 1978 5763 veracem
1994 5709 2028 5764 et
2048 5711 2243 5763 servantem
2266 5720 2348 5783 pro-

311 5831 395 5877 rem
423 5826 500 5873 esse
519 5804 713 5875 confiteor:
745 5813 788 5871 ot
811 5798 1011 5873 iustificeris
1029 5800 1068 5871 iss
1090 5801 1315 5872 sermonibus
1368 5798 1494 5885 missa,
1525 5814 1560 5873 et
1589 5796 1815 5890 recipientem
1844 5796 2047 5866 invocantes
2069 5818 2131 5885 per
2152 5794 2352 5865 misericor-

311 5909 413 6001 ttsis,
439 5906 478 5977 isl
501 5920 574 5987 est,
598 5918 640 5978 nt
662 5917 699 5977 te
720 5904 837 5977 solum
861 5901 1062 5997 praedicem
1078 5901 1212 5977 iustum
1229 5924 1317 5989 esse,
1368 5902 1485 5989 diam,
1510 5899 1649 5973 etiarnsi
1665 5898 2075 6071 nourrfidlerantmerita.
