5825 6950
559 680 651 784 ,aaa
853 640 865 774 j
946 710 953 760 ÷
1006 700 1025 766 ,ι
1132 664 2014 772 ’Μωεοιὶιντηωτιοι
2313 764 2318 773 ,
2525 688 2590 778 ne

578 867 685 933 tutes.
743 846 823 924 flac
851 843 992 939 hostiae
1021 854 1106 916 sunt
1134 855 1297 936 acceptae
1322 841 1401 916 Deo
1428 855 1579 936 propter
1599 859 1605 885 ¹
1627 865 1695 934 que
1718 843 1947 916 consolentur
1968 867 2004 916 se
2027 842 2095 920 hac
2118 847 2274 938 ratione,
2298 853 2393 948 quod
2418 847 2482 928 hoc
2495 863 2589 932 studii

578 956 784 1052 pontificem
799 949 1004 1032 Christum,
1030 971 1137 1042 quem
1153 948 1277 1020 audito
1293 943 1489 1039 Evangelio
1514 970 1576 1039 ap-
1625 964 1736 1033 genus
1758 945 1803 1016 sit
1833 949 2051 1020 necessarius
2075 951 2193 1023 cultus
2215 951 2300 1041 Dei,
2339 969 2376 1040 et
2394 961 2435 1028 ad
2460 961 2589 1050 gloriam

578 1055 811 1154 prehendunt
824 1070 993 1148 tanquam
1008 1049 1251 1124 mediatorem.
1625 1042 1692 1115 Dei
1711 1047 1904 1137 pertineat,
1940 1053 2048 1121 modo
2070 1067 2110 1125 ut
2136 1055 2196 1148 pie
2216 1067 2399 1130 tractetur.
2449 1060 2547 1150 Quod
2566 1068 2590 1136 si

682 1157 779 1230 Hinc
792 1158 895 1228 facile
910 1154 1064 1244 intelligi
1081 1165 1215 1244 potest,
1243 1175 1352 1245 quare
1374 1146 1441 1222 hac
1463 1152 1574 1242 figura
1625 1149 1913 1234 considerabunt,
1939 1153 2042 1223 facile
2061 1171 2287 1230 contemnent
2303 1160 2432 1234 iudicia
2447 1163 2590 1248 istorum,

582 1262 778 1334 delectatus
801 1261 867 1346 sit,
891 1255 1164 1355 ἱερουργοῦντα
1186 1249 1231 1326 τὸ
1255 1249 1492 1353 εὐαγγέλιον,
1517 1277 1574 1324 sa·
1625 1250 1688 1343 qui
1719 1252 1816 1323 velut
1843 1255 2045 1346 contagium
2079 1257 2203 1349 procul
2235 1261 2377 1351 lugiunt
2410 1265 2589 1336 doctrinam

580 1363 837 1436 sacrificantem
860 1359 1110 1450 Evangelium.
1170 1356 1298 1428 Voluit
1325 1359 1420 1428 enim
1449 1359 1574 1428 admo·
1624 1348 1888 1440 Christianam,
1926 1359 1982 1426 vel
2006 1375 2151 1452 propter
2173 1376 2390 1435 contemtum
2420 1368 2593 1456 religionis,

580 1489 681 1551 nere,
697 1489 789 1560 quae
806 1465 880 1536 sint
895 1487 998 1534 verae
1014 1457 1151 1533 hostiae
1167 1461 1252 1530 novi
1262 1457 1494 1535 Testamenti.
1527 1455 1575 1528 Et
1624 1456 1679 1524 vet
1704 1457 1787 1549 quia
1810 1455 1900 1526 aliae
1922 1451 2015 1529 artes
2040 1463 2151 1554 magis
2179 1480 2410 1558 quaestuosae
2437 1484 2533 1552 sunt,
2560 1495 2592 1542 ar

582 1571 682 1664 quod
698 1568 818 1654 addit,
844 1564 893 1638 Ut
911 1565 1046 1637 oblatio
1065 1564 1227 1654 gentium
1242 1563 1304 1634 bat
1319 1575 1480 1653 accepta,
1507 1561 1572 1632 etsi
1623 1571 1776 1628 caeteros
1795 1559 1949 1632 irrident
1965 1585 2108 1651 omnes,
2131 1565 2193 1662 qui
2213 1590 2290 1638 uon
2312 1569 2488 1644 abstineut
2509 1596 2527 1644 a
2547 1596 2592 1646 sa-

579 1671 746 1761 ambigue
769 1670 904 1742 dictum
928 1668 1088 1752 videtur,
1120 1679 1240 1741 tamen
1262 1666 1457 1736 sententiae
1480 1665 1574 1734 inter
1622 1659 1691 1729 cris
1707 1660 1822 1732 literis
1838 1662 1999 1735 omnino.

580 1797 617 1844 se
631 1786 717 1844 sunt
734 1771 870 1857 aflines,
884 1784 924 1841 ut
939 1767 1074 1844 Gentes
1090 1768 1230 1839 oblatae
1248 1791 1311 1858 per
1326 1791 1395 1852 me,
1420 1763 1489 1839 boc
1508 1782 1570 1856 est,
1620 1823 1735 1901 Nm
1761 1840 1884 1904 aulem
1907 1827 2119 1931 proficiscor
2145 1833 2185 1906 in
2213 1832 2439 1922 Ierusalem,
2471 1855 2507 1912 m
2529 1865 2589 1912 m,

581 1888 812 1968 praeparatae
834 1888 1004 1967 tanquam
1020 1867 1176 1956 hostiae,
1199 1872 1284 1941 liant
1307 1882 1487 1962 acceptae,
1512 1883 1572 1940 aut
2012 1934 2019 1951 ,
2225 1938 2232 1956 ,

1982 1960 2081 2006 vsam
2108 1948 2260 2011 sanctas.

577 1971 649 2048 hoc
665 1979 785 2062 modo,
802 1989 843 2048 ut
859 1973 994 2046 Gentes
1009 1975 1080 2042 iam
1097 1973 1304 2057 offerentes,
1331 1967 1400 2042 boe
1412 1985 1475 2057 est,
1496 1993 1572 2042 cre-

578 2081 752 2150 denteset
769 2080 974 2148 invocantes
991 2074 1126 2160 Deum,
1152 2075 1241 2146 bant
1257 2089 1431 2166 acceptae.
1480 2071 1570 2146 Nam
1722 2065 1814 2141 Cum
1840 2071 1884 2141 de
1910 2095 1976 2143 suo
1999 2071 2117 2145 officio
2142 2076 2296 2164 diceret,
2321 2075 2591 2152 obiter'comme-

580 2195 617 2253 et
647 2182 743 2274 ipsae
761 2177 897 2252 Gentes
920 2191 1168 2271 praeparatae,
1203 2190 1259 2263 et,
1292 2191 1333 2250 ut
1365 2179 1415 2246 ita
1444 2177 1572 2261 dicam,
1622 2171 1773 2242 moravit
1797 2195 1877 2244 suas
1899 2171 2222 2266 peregrinationes,
2263 2191 2297 2250 et
2328 2179 2457 2253 adiecit
2477 2204 2511 2252 ae
2529 2179 2590 2254 tto-

578 2297 820 2368 consecratae,
861 2280 1019 2352 offerunt
1043 2303 1125 2351 suas
1150 2275 1297 2353 hostias.
1365 2277 1490 2372 ltaque
1514 2301 1571 2348 ees
1620 2295 1714 2342 mam
1738 2273 1844 2345 etiam
1868 2276 2064 2370 aliquando
2088 2293 2277 2352 venturum
2301 2305 2399 2367 esse,
2425 2296 2589 2378 postquam

578 2386 702 2458 eodem
725 2383 831 2460 redit.
891 2381 988 2455 Dicit
1010 2383 1106 2454 enim
1131 2382 1171 2453 iu
1194 2403 1352 2467 summa,
1377 2405 1412 2452 se
1437 2381 1572 2474 ubique
1621 2400 1661 2444 ex
1678 2375 1895 2472 ierosolyma
1911 2380 2077 2466 redierit,
2103 2406 2175 2476 quo
2200 2407 2298 2454 nunc
2315 2385 2486 2476 proticisci
2500 2385 2588 2457 sedi·

578 2509 742 2582 spargere
757 2481 1017 2575 Evangelium‚
1042 2498 1082 2555 ut
1099 2483 1237 2556 Gentes
1259 2500 1450 2573 agnoscant
1465 2479 1572 2552 Chri·
1621 2478 1687 2558 cil,
1722 2491 1823 2548 uteo
1847 2481 2032 2572 pecuniam
2058 2481 2182 2555 afferat
2206 2485 2339 2579 passim
2363 2488 2588 2558 collectamad

578 2603 693 2676 stum,
719 2603 755 2662 et
777 2587 864 2660 bant
887 2588 1042 2679 populus
1057 2589 1128 2660 Dei
1151 2602 1186 2659 et
1208 2583 1364 2672 hostiae,
1401 2610 1442 2657 ac
1466 2585 1571 2657 invo·
1619 2579 1842 2651 adiuvandus
1877 2578 2099 2656 Christianos
2133 2585 2171 2654 in
2201 2584 2352 2676 Iudaea,
2381 2577 2506 2684 quibus
2531 2591 2587 2660 lor·

578 2689 1048 2763 centetcelebrentDeum.
1621 2694 1729 2752 tunae
1771 2707 1894 2754 omnes
1928 2699 2067 2780 ereptae
2105 2701 2207 2759 erant
2247 2695 2396 2782 propter
2426 2687 2584 2780 Evangelii

681 2791 788 2883 Quod
825 2815 908 2862 vero
943 2793 1066 2864 addit:
1100 2789 1327 2865 Sanctificate
1359 2787 1398 2858 iu
1431 2785 1570 2878 Spiritu
1620 2784 1884 2874 professionem.
1949 2784 1998 2857 Et
2025 2790 2092 2858 sub
2124 2787 2276 2863 Claudio
2313 2789 2480 2879 Caesare,
2509 2794 2586 2864 euius

576 2908 718 2981 saneto,
750 2895 882 2966 iterum
903 2897 1005 2966 docet
1028 2894 1067 2964 in
1089 2917 1185 2966 novo
1203 2891 1432 2965 Testameuto
1455 2888 1570 2961 officia
1621 2889 1841 2977 temporibus
1856 2884 1941 2960 haec
1958 2888 2118 2982 Epistola
2135 2915 2153 2962 a
2168 2891 2283 2964 Paulo
2297 2896 2427 2988 scripta
2444 2909 2501 2984 est,
2513 2897 2587 2966 farne

577 3011 826 3070 externa‘non
848 3018 922 3068 esse
946 2992 1136 3079 sacrificia,
1174 3019 1242 3065 nee
1265 2997 1405 3084 plaeere
1428 2987 1506 3063 Deo
1529 3015 1568 3061 ex
1620 2991 1827 3078 gravissime
1843 2993 2045 3063 laboratum
2067 3007 2118 3064 est
2133 2993 2207 3065 iere
2222 2995 2261 3065 in
2278 3009 2355 3067 toto
2372 2999 2476 3082 orbe,
2496 2997 2588 3066 roari-

577 3123 685 3193 opere
704 3112 864 3190 operato.
913 3098 974 3171 Sic
988 3099 1084 3169 enim
1100 3097 1236 3170 oblatio
1254 3094 1426 3168 Gentium
1443 3108 1496 3165 est
1512 3116 1570 3164 ac·
1620 3115 1746 3184 meque
1772 3093 1810 3162 in
1840 3090 2002 3168 Oriente.
2063 3095 2147 3165 Tali
2170 3111 2330 3190 tempore
2352 3095 2538 3172 Christiani
2558 3098 2586 3167 in

577 3215 697 3293 cepta,
729 3202 867 3294 inquit,
909 3201 940 3270 si
963 3200 1010 3272 sit
1032 3201 1246 3270 sanctificata
1272 3197 1413 3289 Spiritu
1436 3211 1570 3281 sancto,
1619 3193 1749 3264 iudaea
1770 3199 1957 3286 praecipue
1972 3198 2181 3288 indigebant
2197 3200 2315 3272 aliena
2338 3225 2425 3295 ope,
2451 3203 2526 3298 quia
2545 3201 2585 3270 la·

576 3303 697 3388 idest,
723 3303 754 3373 si
771 3300 907 3373 Gentes
920 3302 1071 3372 offerant
1091 3301 1292 3392 spirituales
1308 3313 1436 3384 motus,
1463 3300 1570 3370 timo-
1620 3297 1811 3368 cultatibus
1827 3300 1899 3369 suis
1913 3300 2055 3390 spoliati
2073 3315 2184 3375 erant.

577 3429 655 3478 cem
671 3402 763 3496 Dei,
789 3419 824 3477 et
839 3403 1004 3476 fiduciam
1021 3404 1285 3475 misericordiae
1301 3402 1379 3479 Dei.
1721 3396 1900 3475 Discernit
1916 3415 2033 3472 autem
2051 3401 2186 3474 Paulus
2208 3404 2253 3477 ab
2276 3403 2359 3477 aliis
2379 3405 2585 3501 eleemosynis

681 3502 924 3579 Observemus
940 3518 1058 3577 autem
1075 3503 1134 3576 hic
1158 3500 1424 3577 honestissimas
1445 3504 1586 3605 lattdes⁸
1619 3494 1713 3570 hanc
1735 3504 1898 3575 collatam
1922 3506 1966 3573 ad
1986 3528 2070 3576 usus
2085 3506 2251 3601 illorum,
2277 3509 2341 3602 qui
2361 3509 2464 3601 primi
2480 3512 2585 3578 dorne-

576 3608 770 3681 ministerii
786 3610 904 3691 verbi,
931 3612 1027 3703 quod
1046 3610 1209 3683 videlicet
1225 3606 1411 3697 Evangelii
1427 3608 1569 3697 praedi·
1620 3616 1705 3673 runt
1729 3603 1977 3696 Evangelium.
2043 3606 2134 3677 Naan
2157 3604 2243 3679 haec
2265 3624 2320 3682 est
2344 3613 2460 3681 verius
2477 3632 2585 3681 merces

581 3712 694 3797 catio,
720 3713 916 3797 enarratio,
948 3710 1132 3795 tractatio,
1163 3710 1236 3780 sint
1255 3710 1424 3781 sacrificia
1449 3733 1569 3787 neces·
1619 3706 1738 3777 debita
1762 3710 1978 3782 doctoribus.
2053 3707 2137 3779 ldeo
2159 3710 2223 3781 ait:
2264 3708 2454 3785 Debitores
2483 3734 2583 3782 eorum

579 3814 672 3887 saria
694 3813 783 3885 novi
807 3811 1040 3885 Testamenti.
1105 3810 1147 3883 ld
1178 3812 1356 3883 consolari
1378 3812 1502 3896 debet,
1536 3825 1570 3883 et
1619 3822 1715 3883 sunt.
1766 3808 1806 3881 Si
1825 3813 1919 3899 enirn
1940 3824 2062 3901 gentes
2082 3813 2255 3884 fruuntur
2276 3814 2514 3907 spiritualibus
2533 3815 2583 3883 bo·

579 3916 748 3990 docentes
769 3927 805 3985 et
827 3917 1002 3987 discentes
1015 3914 1249 4005 Evangelium
1271 3916 1365 3987 inter
1387 3926 1441 3985 tot
1457 3913 1569 3986 mole·
1621 3911 1676 3979 nis
1699 3912 1869 3999 istorum,
1911 3914 2042 3986 debent
2063 3914 2114 3984 eis
2143 3915 2300 3986 vicissim
2335 3919 2487 3988 carnalia
2507 3918 2583 3985 bont

535 4098 542 4111 ‚
580 4020 684 4104 stias,
709 4017 774 4111 qui
793 4018 954 4111 utrisque
977 4016 1226 4109 perpetiendae
1245 4030 1340 4089 sunt.
1396 4014 1571 4089 Doctores
1621 4014 1854 4106 suppeditare.
1909 4012 2086 4087 Admonet
2101 4016 2219 4110 itaque
2242 4040 2310 4089 nos
2333 4014 2401 4091 hoc
2423 4019 2496 4089 loco
2509 4016 2584 4087 Pau-

579 4120 696 4192 sciant
717 4118 813 4189 huuc
837 4120 971 4190 rultum
997 4119 1065 4189 Dei
1083 4119 1319 4189 necessarium
1336 4141 1431 4203 esse,
1457 4120 1571 4189 sciant
1619 4116 1685 4199 lus,
1701 4118 1786 4210 quid
1798 4115 1984 4205 Evangelii
1998 4120 2489 4215 doctoribusdebearnus,qua
2505 4122 2579 4188 dere

580 4245 663 4293 eum
680 4235 825 4313 propter
838 4220 988 4312 gloriam
1004 4219 1072 4293 Dei
1086 4224 1335 4313 praestandum
1354 4244 1439 4305 esse,
1457 4222 1571 4292 sciant
1621 4242 1722 4311 saepe
1738 4221 1970 4291 concionatur
1987 4220 2025 4289 in
2043 4220 2122 4290 aliis
2138 4216 2310 4313 Epistolis
2326 4221 2560 4315 copiosissime·

580 4346 664 4394 eum
680 4322 758 4394 Deo
780 4324 935 4415 placere,
959 4322 1098 4393 etiamsi
1117 4317 1281 4393 homines
1302 4324 1365 4393 alii
1389 4323 1570 4412 negligen-
1723 4320 1814 4393 Cum
1832 4336 1950 4392 autem
1966 4322 2078 4393 ferrea
2096 4326 2269 4416 quaedam
2290 4336 2386 4398 aetas
2409 4346 2499 4395 nunc
2518 4343 2583 4410 aga·

580 4441 636 4499 ter
659 4425 1085 4515 audiuntEvangelium‚
1123 4424 1186 4495 alii
1213 4438 1466 4507 contemnunt,
1509 4426 1569 4495 alii
1623 4438 1702 4509 tur,
1728 4424 1766 4493 in
1792 4447 1860 4516 qua
1886 4425 2127 4496 crudelissime
2150 4439 2350 4499 tractantur
2371 4424 2429 4513 hi,
2453 4424 2509 4519 qui
2531 4427 2581 4493 do·

518 4570 521 4573 -
581 4526 687 4598 etiarn
703 4540 976 4621 persequuntur.
1001 4525 1236 4599 Meminerint
1250 4542 1284 4600 et
1298 4523 1334 4596 bi
1352 4526 1415 4621 qui
1430 4526 1572 4597 discunt
1621 4538 1701 4597 cent
1723 4539 1758 4596 et
1781 4527 1982 4617 gubernant
1999 4522 2190 4609 Ecclesiae,
2218 4528 2305 4599 duxi
2331 4523 2390 4599 hio
2410 4531 2581 4599 admouen-

578 4625 834 4718 Evangelium‚
856 4626 925 4701 hoc
939 4631 1097 4701 studium
1115 4630 1276 4700 discendi
1290 4628 1476 4718 Evangelii
1494 4629 1570 4699 cnl-
1621 4631 1686 4697 dos
1712 4651 1786 4699 esse
1807 4630 1973 4713 lectores,
2006 4640 2047 4698 ut
2073 4630 2162 4719 quid
2186 4630 2341 4703 debeant
2358 4626 2580 4721 gubernatori·

581 4742 659 4800 turn
672 4727 742 4801 Dei
760 4754 852 4815 esse,
878 4754 982 4826 quem
1007 4745 1041 4802 et
1058 4732 1209 4825 requirit
1223 4746 1258 4802 et
1276 4732 1448 4824 approbat
1463 4728 1570 4803 Deus.
1620 4730 1687 4801 bus
1700 4729 1937 4802 Ecclesiarum
1953 4730 2188 4803 considerent.
2220 4730 2369 4814 Discant
2383 4732 2475 4815 item,
2495 4749 2581 4823 quam

578 4828 753 4903 Videmus
774 4834 870 4902 enim
890 4857 997 4927 quam
1018 4856 1137 4907 severe
1163 4828 1231 4905 hoe
1253 4835 1445 4925 praecipiat
1464 4833 1571 4917 Deus,
1619 4856 1743 4923 graves
1762 4856 1893 4923 poenas
1909 4836 2065 4902 minatus
2080 4834 2126 4905 sit
2139 4829 2239 4918 Deus
2261 4828 2338 4919 bis,
2363 4834 2424 4928 qui
2442 4832 2581 4903 sacerdo·

578 4955 660 5004 eum
676 4933 727 5007 ait
748 4935 792 5003 de
815 4934 907 5006 lilio:
940 4932 1048 5006 Hunc
1069 4935 1201 5007 audite.
1252 4933 1373 5024 Quare
1396 4931 1466 5006 hoc
1490 4935 1569 5007 otti-
1620 4950 1671 5006 tes
1690 4950 1724 5007 et
1742 4936 1903 5005 doctores
1918 4928 2158 5007 Ecclesiamm
2174 4948 2427 5021 contemnunt,
2451 4956 2511 5004 nec
2530 4952 2580 5023 pro

579 5034 695 5118 cium,
720 5028 817 5105 hunc
833 5037 968 5109 cultum
984 5035 1060 5107 Deo
1076 5051 1404 5129 praestarenecesse
1419 5050 1480 5112 est
1619 5038 1715 5107 virili
1737 5037 1873 5111 iuvant.
1924 5030 2088 5107 Christus
2112 5037 2208 5109 enim
2231 5062 2313 5109 cum
2336 5038 2464 5131 inquit:
2496 5030 2577 5125 Ope-

681 5134 839 5209 Proinde
866 5138 1003 5209 etiamsi
1035 5140 1073 5207 in
1103 5140 1183 5210 aliis
1213 5142 1349 5211 artibus
1376 5162 1568 5225 versamur,
1617 5141 1752 5209 carium
1770 5140 1931 5209 mercede
1951 5140 2098 5227 dignum
2115 5162 2207 5225 esse,
2233 5141 2386 5214 ostendit
2400 5136 2512 5212 deberi
2530 5156 2574 5203 sa·

573 5247 722 5323 tamen,
748 5240 838 5312 sicut
852 5238 1040 5331 Agricolae
1064 5244 1119 5313 sui
1141 5241 1275 5332 laboris
1297 5242 1472 5334 primitias
1488 5238 1566 5312 Deo
1617 5242 1820 5315 cerdotibus
1844 5241 2052 5323 mercedem.
2102 5239 2224 5330 Quare
2248 5237 2317 5314 hoc
2340 5241 2489 5322 officium
2509 5256 2574 5307 cum

579 5358 787 5413 consecrare
808 5343 847 5413 in
868 5344 946 5434 lege
967 5344 1156 5428 iubentur,
1179 5343 1229 5416 ita
1246 5368 1312 5415 nos
1328 5356 1462 5434 partem
1480 5366 1565 5435 ope·
1616 5344 1661 5415 sit
1675 5345 1856 5429 debitum,
1882 5342 1992 5431 magis
2006 5342 2201 5436 requiritur
2223 5368 2242 5414 a
2262 5344 2381 5430 nobis,
2400 5364 2499 5435 quarn
2513 5360 2575 5409 cae·

580 5460 644 5511 rae
665 5465 708 5513 ac
726 5446 837 5515 studii
857 5468 1103 5517 consecremus
1123 5446 1215 5521 Deo.
1288 5442 1337 5517 Et
1359 5470 1563 5540 quanquam
1613 5460 1708 5517 terae
1734 5446 1992 5538 eleemosynae,
2020 5468 2111 5539 quae
2133 5447 2243 5534 gratis
2268 5448 2408 5520 dantur·
2456 5430 2498 5513 Et
2514 5438 2572 5509 alio

579 5562 711 5634 magno
733 5542 772 5617 in
794 5560 977 5620 contemtu
1000 5562 1106 5644 atque
1128 5549 1213 5619 odio
1235 5562 1340 5633 sunt,
1379 5548 1442 5642 qui
1467 5562 1564 5639 post·
1614 5550 1650 5617 in
1670 5550 1749 5619 loco
1775 5548 1873 5617 addit
1888 5542 2052 5620 Christus
2074 5548 2294 5638 magnificam
2310 5544 2569 5637 promissionem:

571 5667 677 5738 quam
702 5648 742 5719 in
766 5650 880 5722 literis
903 5645 1177 5723 humanioribus
1199 5663 1235 5721 et
1256 5649 1337 5719 aliis
1363 5649 1561 5741 disciplinis
1612 5650 1785 5744 Quisquis
1799 5662 1920 5741 potum
1938 5650 2075 5720 dederit
2090 5651 2153 5721 nni
2171 5672 2213 5721 ex
2234 5648 2392 5727 minimis
2411 5646 2482 5716 istis
2499 5638 2570 5711 cali·

571 5752 823 5840 communibus
848 5755 1075 5827 mediocriter
1103 5753 1232 5825 versati
1263 5766 1366 5837 sunt,
1405 5765 1499 5823 totos
1522 5774 1559 5823 se
1611 5778 1686 5823 cem
1701 5776 1812 5847 aquae
1833 5751 2001 5840 frigidae,
2026 5764 2164 5823 tantum
2188 5752 2226 5821 in
2249 5749 2394 5823 nomine
2414 5740 2568 5835 discipuli,

570 5850 707 5932 dedunt
725 5856 843 5927 studio
858 5879 1037 5929 sacrarum
1050 5856 1252 5943 literarum,
1276 5870 1394 5929 tamen
1413 5848 1453 5926 bi
1469 5878 1558 5951 quo-
1610 5855 1726 5927 Amen
1742 5856 1821 5927 dico
1834 5853 1947 5941 vobis,
1961 5876 2035 5923 uon
2050 5856 2175 5947 perdet
2189 5855 2383 5925 mercedem
2398 5870 2503 5923 suan.
2529 5840 2561 5913 Si
