5825 6950
562 665 661 742 799.
1167 643 1295 724 PHllo
1321 637 1440 718 MEL-
1464 637 1674 718 SCRlPTA
1702 638 2004 720 EXEGETICA.
2522 657 2584 732 800

568 840 644 912 {ilio
667 833 738 907 Dei
764 844 801 901 ει
822 829 898 900 eius
925 821 1117 896 beneficiis.
1182 819 1281 891 Haec
1314 813 1407 889 liunt
1433 836 1570 886 summa
1596 846 1601 967 Ι
1626 829 1666 888 ut
1691 816 1863 908 scriptum
1895 829 1957 890 est.
2027 814 2123 892 lacet
2149 817 2258 911 igitur
2281 815 2397 896 Adam
2423 837 2589 914 prostratus

576 935 823 1035 perspicuitate
839 927 1046 1022 inEpistola
1059 921 1163 995 Pauli
1181 925 1226 994 ad
1248 919 1444 993 Romanos.
1475 914 1572 1007 Quia
1626 943 1745 989 coram
1765 915 1865 1002 Deo,
1891 914 1985 989 nihil
2002 921 2074 993 uisi
2091 922 2203 1014 legem
2218 924 2352 1010 sciens,
2377 949 2493 1020 exque
2515 947 2591 1004 recte

577 1067 657 1115 curn
674 1033 856 1108 Pharisaei
879 1044 914 1101 et
934 1028 1038 1100 multi
1060 1027 1121 1096 alii
1145 1037 1232 1095 tunc
1254 1021 1425 1093 acerrime
1449 1021 1573 1090 defen·
1625 1019 1880 1111 ratiocinatur,
1915 1044 1951 1091 se
1985 1038 2156 1116 perpetuo
2181 1026 2386 1098 damnatum
2415 1050 2492 1104 εεεε.
2544 1031 2591 1104 Sic

578 1150 704 1217 decent
719 1158 802 1208 suos
820 1137 957 1206 errore's
973 1134 1017 1202 de
1032 1127 1171 1198 iusticia
1186 1125 1292 1217 legis,
1318 1139 1353 1201 et
1369 1147 1444 1193 non
1461 1144 1574 1212 agno·
1626 1125 1720 1194 enim
1738 1121 1883 1212 cogitat:
1910 1119 2052 1196 lusticia
2068 1125 2133 1198 Dei
2150 1128 2382 1203 immutabilis
2397 1143 2462 1216 est,
2475 1132 2592 1222 punire,

577 1256 713 1318 sterent
743 1239 858 1309 lilium
894 1233 961 1306 Dei
988 1245 1022 1302 et
1062 1229 1237 1299 iusticiam
1276 1226 1378 1307 fidei,
1430 1246 1573 1295 neccsse
1629 1240 1663 1298 ει
1689 1224 1842 1294 abiicere
1866 1225 2124 1301 inobedientes.
2185 1225 2261 1320 Ego
2278 1255 2351 1300 non
2368 1231 2593 1324 obtemperavi,

576 1349 646 1420 fuit
666 1341 801 1436 opponi
826 1337 1047 1431 perspicuam
1064 1332 1325 1402 refutationem.
1366 1325 1441 1396 Nec
1455 1341 1574 1397 tamen
1630 1342 1665 1398 ει
1680 1327 1734 1397 sui
1753 1322 1978 1398 horribiliter
1995 1329 2154 1420 ingratus
2169 1327 2266 1417 Deo,
2288 1355 2367 1404 eum
2383 1334 2467 1403 adeo
2483 1337 2594 1408 dilexe-

578 1465 717 1523 tantum
740 1445 785 1514 ad
811 1443 905 1511 illud·
917 1453 1057 1527 tempus
1079 1428 1165 1503 haec
1191 1430 1351 1524 Epistola
1375 1453 1575 1497 accommo-
1630 1431 1678 1501 rit
1694 1424 1788 1498 hanc
1804 1443 1981 1512 naturam,
1997 1433 2090 1502 utin
2106 1455 2183 1504 eam
2201 1435 2429 1506 transfuderit
2443 1457 2500 1508 sua
2514 1461 2593 1508 suna-

579 1551 697 1624 danda
714 1560 785 1631 est,
812 1545 870 1614 sed
895 1560 1033 1629 semper
1052 1559 1193 1606 necesse
1216 1546 1285 1618 est,
1311 1553 1404 1603 recte
1432 1528 1575 1620 agnosci
1627 1557 1687 1604 rna
1710 1531 1828 1616 dona,
1857 1543 1892 1602 ει
1924 1534 2047 1604 feccrit
2078 1559 2154 1604 earn
2181 1534 2369 1626 imaginem
2392 1559 2504 1624 stram,
2532 1535 2593 1630 Ego

579 1655 692 1726 lilium
711 1648 799 1727 Dei,
825 1659 860 1716 et
878 1639 1031 1732 intelligi
1054 1639 1233 1709 iusticiam
1262 1635 1365 1718 fidei,
1390 1646 1425 1705 ει
1447 1633 1576 1704 discri-
1631 1649 1665 1706 et
1691 1634 1850 1704 destruxi
1875 1627 1942 1704 hoc
1973 1658 2064 1728 opus
2097 1632 2184 1722 Dei,
2219 1650 2251 1706 et
2276 1639 2388 1710 abieci
2411 1642 2591 1712 tantadona

580 1779 664 1827 men
680 1753 767 1840 legis
782 1763 817 1818 et
831 1738 1029 1834 Evangelii.
1630 1751 1662 1808 ει
1678 1737 1812 1806 excussi
1828 1729 2047 1807 habitantem
2072 1739 2109 1808 in
2129 1763 2185 1808 me
2199 1737 2336 1812 Deum:
2363 1736 2458 1831 Ergo
2480 1765 2593 1816 necess

682 1849 926 1924 Conciouatur
954 1867 1038 1933 ergo
1074 1837 1170 1914 haee.
1192 1837 1355 1934 Epistola
1387 1835 1577 1917 Ecclesiae,
1628 1855 1698 1924 est,
1724 1861 1780 1907 me
1796 1837 1950 1908 vicissim
1967 1839 2085 1913 abiici.

578 1978 691 2053 usque
715 1958 762 2024 ad
786 1964 984 2024 extremum
1008 1945 1201 2030 iudicium,
1233 1944 1325 2014 sicut
1348 1962 1410 2011 res.
1430 1941 1579 2012 eaedem
1731 1939 1774 2011 ln
1793 1934 1862 2010 hae
1879 1941 2013 2013 iudlcio
2036 1959 2183 2012 nevero
2209 1965 2322 2034 egone
2346 1941 2444 2012 nulla
2475 1939 2545 2014 talis
2565 1943 2593 2013 in

581 2074 683 2134 antea
701 2083 720 2126 a
737 2049 926 2146 Prophetis
940 2050 1089 2121 traditae
1108 2060 1210 2131 sunt,
1234 2048 1274 2115 in
1300 2042 1432 2140 quihus
1456 2054 1578 2112 extant
1629 2044 1745 2114 Adam
1764 2043 1929 2132 cogitatio
1946 2058 2039 2130 erat,
2061 2069 2097 2115 se
2113 2069 2213 2138 posse
2231 2047 2363 2118 mereri
2380 2043 2592 2116 remissionem

581 2159 823 2236 severissimae
860 2151 1049 2225 conciones
1084 2162 1209 2221 contra
1240 2148 1322 2217 illas
1362 2141 1578 2237 pharisaicas
1632 2161 1876 2239 peccatorum,
1901 2171 1940 2216 sc
1962 2170 2064 2238 posse
2085 2148 2211 2218 tollere
2236 2163 2435 2239 peccatum,
2462 2151 2594 2218 sedvere

581 2266 767 2344 tenebras,
793 2257 956 2329 etmulti
984 2266 1130 2347 propter
1154 2246 1218 2321 has
1243 2244 1535 2342 reprehensiones
1557 2269 1577 2317 a
1630 2249 1803 2319 sentiebat
1820 2247 1908 2317 iram
1927 2245 2012 2332 Dei,
2038 2265 2073 2321 et
2097 2272 2134 2320 se
2159 2251 2346 2341 displicere
2362 2245 2455 2335 Deo,
2479 2263 2510 2322 ct
2531 2273 2593 2318 vere

582 2363 837 2440 Sacerdotibus
861 2372 895 2431 ει
915 2354 1118 2428 Pharisaeis
1148 2352 1324 2425 interfecti
1347 2364 1442 2424 sunt.
1501 2346 1577 2419 lmo
1635 2352 1829 2435 sentiebat,
1861 2373 1898 2419 se
1922 2351 2060 2422 nultius
2084 2366 2264 2424 creaturae
2284 2375 2353 2446 ope
2378 2352 2489 2425 iuvari
2503 2373 2591 2444 posse,

582 2469 736 2550 Paulus,
762 2487 842 2532 cum
872 2460 1016 2553 quidem
1041 2457 1210 2540 affirmet,
1235 2478 1271 2524 se
1294 2453 1496 2524 doctrinam
1519 2475 1580 2521 ae·
1632 2468 1666 2526 et
1693 2465 1941 2544 argumentum
1964 2477 2005 2524 ex
2022 2453 2097 2545 lege
2113 2467 2270 2526 sumtum
2293 2476 2419 2527 verum
2439 2465 2524 2536 erat,
2545 2475 2594 2522 nec

587 2571 721 2661 cepisse
737 2565 918 2636 revelante
933 2561 1008 2629 lilio
1026 2555 1116 2639 Dei,
1141 2571 1182 2628 ut
1198 2559 1241 2626 ad
1258 2552 1405 2626 Galatas
1420 2576 1579 2646 expresse
1631 2556 1801 2651 potuisset
1819 2557 1864 2624 ab
1882 2555 1954 2626 ulla
1973 2571 2132 2627 creatura
2150 2557 2253 2632 solvi.

510 2695 518 2703 ·
585 2670 724 2765 inquit:
751 2683 872 2739 tamen
899 2663 984 2732 citat
1006 2659 1208 2731 testimonia
1233 2653 1514 2748 Prophetarum,
1539 2669 1582 2727 ut
1736 2656 1806 2730 Sed
1833 2657 1928 2728 lilius
1949 2657 2015 2728 Dei
2040 2659 2077 2728 lit
2100 2660 2329 2750 deprecator,
2361 2670 2396 2728 ct
2419 2679 2548 2748 poenam
2561 2655 2589 2722 in

587 2774 770 2852 ostendat,
802 2789 912 2836 unam
945 2776 1152 2854 perpetuam
1184 2784 1305 2830 vocem
1331 2757 1519 2847 Evangelii
1541 2759 1579 2828 iu
1633 2785 1707 2834 sese
1743 2759 1913 2830 transfert
1941 2759 2102 2830 mirabili
2133 2775 2168 2832 et
2201 2758 2436 2830 inenarrabili
2464 2756 2592 2830 consilio.

585 2873 743 2947 Ecclesia
759 2891 854 2946 esse,
879 2868 924 2936 de
941 2863 1121 2936 beneficiis
1139 2863 1205 2932 filii
1221 2860 1312 2947 Dei,
1339 2862 1383 2932 de
1397 2862 1506 2930 modo
1523 2884 1580 2930 re-
1634 2861 1869 2935 Verissimum
1890 2875 1943 2934 est
1972 2860 2088 2948 enim,
2120 2861 2297 2934 iusticiam
2320 2861 2391 2932 Dei
2420 2858 2593 2931 immutabi-

585 2971 868 3054 conciliationis,
896 2970 943 3038 de
967 2967 1124 3050 iusticia,
1152 2966 1196 3034 de
1221 2963 1315 3034 veris
1339 2964 1512 3048 cultibus,
1535 2966 1580 3034 de
1632 2968 1702 3037 lem
1721 2987 1814 3052 esse,
1842 2987 1882 3034 ac
1898 2960 2013 3035 Deum
2031 2987 2113 3036 vere
2128 2978 2163 3036 et
2177 2960 2404 3036 horribiliter
2427 2962 2521 3034 irasci
2535 2983 2593 3052 pec·

586 3102 669 3149 vera
694 3071 870 3156 Ecclesia,
897 3084 931 3140 et
949 3071 993 3140 de
1009 3068 1145 3139 iudicio
1162 3063 1240 3141 Dei.
1635 3067 1731 3141 catis.
1784 3062 1862 3155 Ego
1886 3067 2046 3158 peccavi,
2070 3065 2168 3158 Ergo
2191 3069 2338 3158 puniar.
2391 3065 2462 3137 Hic
2476 3085 2593 3156 respou-

508 3181 512 3190 '
688 3175 761 3249 Sed
784 3171 870 3243 haec
885 3171 1046 3264 Epistola
1067 3169 1167 3239 Pauli
1192 3192 1233 3238 eo
1259 3167 1371 3258 magis
1393 3165 1580 3261 perspicua
1635 3173 1694 3242 det
1718 3169 1813 3238 lilius
1830 3165 1912 3239 Dei:
1939 3165 2008 3238 Vel
2030 3166 2147 3242 Adam
2166 3169 2356 3260 punietur,
2383 3169 2440 3238 vel
2462 3165 2594 3236 aliusne

587 3295 656 3366 est,
690 3277 775 3375 quia
806 3276 965 3347 continet
991 3295 1188 3364 expressam
1213 3265 1412 3340 antithesin
1437 3281 1581 3340 contra·
1634 3276 1863 3366 deprecante,
1897 3269 2049 3356 scilicet,
2090 3295 2154 3363 ego
2191 3271 2266 3364 ipse
2306 3283 2459 3342 assumta
2495 3279 2593 3336 natura

586 3386 722 3455 riarum
735 3379 1013 3459 sententiarum,
1039 3389 1072 3445 et
1089 3374 1216 3444 ordine
1238 3373 1416 3465 disputat,
1441 3383 1482 3442 ut
1497 3371 1582 3442 facit
1635 3372 1812 3458 humana,
1844 3373 1944 3444 cuius
1978 3395 2092 3465 poena
2119 3375 2188 3446 erit
2217 3375 2445 3470 aequivalens
2474 3368 2609 3464 pretium⁸

587 3486 740 3562 artifex,
766 3506 806 3551 ac
829 3480 1086 3573 propemodum
1105 3470 1296 3547 methodus
1318 3488 1371 3546 εει
1386 3474 1582 3555 doctrinae,
1634 3500 1701 3571 pro
1717 3498 1845 3567 genere
1860 3469 2040 3556 humano,
2065 3479 2276 3569 persolvam.

588 3612 678 3683 quae
697 3582 876 3655 Ecclesiae
891 3581 1034 3675 propria
1059 3592 1131 3671 est,
1159 3580 1241 3674 quia
1265 3577 1480 3669 principales
1506 3598 1583 3647 ma·
1737 3578 1790 3649 lle
1821 3574 1889 3647 hac
1918 3577 2128 3651 admiranda
2160 3580 2437 3663 deliberatione,
2476 3570 2594 3663 sapien·

587 3691 694 3763 terias
709 3702 781 3760 tam
797 3699 957 3755 accurate
976 3683 1143 3775 exponit,
1171 3680 1340 3751 beneficia
1364 3676 1584 3763 mediatoris,
1637 3682 1742 3767 tiam,
1769 3679 1945 3751 iusticiam
1971 3693 2006 3752 et
2027 3680 2309 3755 misericordiam
2336 3678 2402 3751 Dei
2423 3676 2595 3751 considere·

589 3792 782 3863 discrimen
809 3788 897 3877 legis
920 3799 954 3855 et
974 3781 1183 3876 Evangelii,
1208 3783 1401 3853 discrimen
1424 3781 1584 3854 iustitiae
1637 3785 1755 3856 bimus
1781 3783 1819 3851 in
1845 3782 1918 3853 vita
1943 3795 2097 3858 aeterna.
2156 3782 2230 3854 Nec
2252 3799 2399 3855 nostrae
2429 3797 2548 3873 poenae
2568 3770 2596 3838 in

588 3896 690 3973 fidei,
715 3905 750 3962 ct
771 3890 929 3961 iusticias
947 3909 1112 3979 operum,
1138 3885 1339 3959 doctrinam
1356 3884 1401 3956 de
1415 3906 1497 3955 vera
1514 3880 1586 3955 Ec·
1637 3884 1704 3958 hac
1722 3886 1795 3959 vita
1814 3898 1898 3956 sunt
1914 3876 2068 3976 pretium
2084 3886 2228 3978 placans
2253 3887 2345 3957 iram
2361 3883 2447 3969 Dei,
2470 3881 2523 3951 sed
2538 3890 2597 3946 tau-

589 3996 714 4091 elesia,
741 4004 776 4063 et
798 3994 842 4062 de
861 3989 952 4060 veris
969 3990 1137 4063 cultibus.
1639 4005 1713 4061 tum
1743 4004 1827 4061 sunt
1850 3986 1950 4077 signa
1974 4000 2008 4057 ct
2033 3990 2413 4071 commonefactiones,
2443 3998 2482 4057 ut
2495 3976 2599 4067 cctgltr

691 4094 838 4166 Necesse
860 4108 911 4163 est
937 4092 1066 4182 igitur,
1091 4088 1183 4161 hanc
1202 4086 1401 4181 Epistulam
1427 4087 1586 4157 familia·
1637 4115 1737 4175 mus,
1770 4088 1887 4162 Deum
1910 4113 1991 4160 vere
2013 4091 2118 4161 irasci
2147 4092 2310 4182 peccatis.
2370 4080 2599 4181 loquendam

589 4198 729 4271 rissime
753 4210 873 4265 notam
902 4218 975 4264 esse
997 4194 1183 4273 omnibus,
1217 4206 1252 4261 ει
1275 4212 1410 4259 summa
1434 4190 1585 4281 vigilan·
1639 4194 1788 4283 ignarus
1814 4185 1933 4262 adhuc
1963 4193 2228 4283 promissionis,
2262 4206 2295 4264 et
2320 4192 2598 4263 audiensaccusa·

590 4303 639 4373 tia
656 4295 859 4369 adhibenda
879 4310 952 4381 est,
978 4307 1020 4365 ut
1034 4296 1109 4365 eius
1124 4293 1298 4364 sententia
1316 4292 1514 4364 retineatur
1529 4292 1586 4361 in·
1639 4298 1774 4368 tionem
1791 4294 1970 4379 divinam,
1996 4295 2151 4366 luctatur
2166 4319 2246 4365 cum
2264 4307 2380 4365 morte
2404 4306 2437 4364 et
2457 4282 2541 4358 nibil
2555 4300 2598 4351 ut·

589 4414 764 4493 corrupta.
817 4396 888 4469 Sed
917 4411 1106 4489 antequam
1137 4396 1182 4465 de
1217 4394 1430 4486 corruptelis
1459 4396 1587 4475 dicam,
1640 4421 1747 4493 quam
1769 4396 1894 4466 auxilii
1918 4394 2027 4469 videt.
2077 4394 2156 4467 Etsi
2180 4410 2300 4468 autem
2326 4410 2428 4468 autea
2452 4386 2598 4481 trepidare

588 4505 688 4597 prius
711 4500 867 4573 recitabo
893 4522 1067 4568 summam
1095 4496 1279 4567 doctrinae
1300 4498 1345 4567 de
1361 4496 1586 4567 iustificatio-
1640 4512 1824 4593 coeperat,
1847 4497 1943 4567 foliis
1975 4498 2032 4567 fici
2058 4508 2177 4589 tegens
2199 4512 2334 4591 partem
2366 4492 2532 4589 corporis,
2558 4496 2598 4553 lt·

587 4631 654 4691 ne,
681 4618 722 4676 ut
737 4616 856 4695 postea
873 4600 1016 4671 collatio
1039 4600 1149 4689 magis
1164 4599 1348 4689 perspicua
1375 4599 1431 4669 sit.
1640 4626 1721 4673 men
1738 4604 1899 4671 nondum
1921 4599 1960 4669 in
1984 4609 2082 4671 tanto
2100 4600 2224 4671 dolore
2246 4600 2377 4685 fuerat,
2402 4596 2548 4669 nondum
2562 4582 2598 4654 tlt

589 4738 753 4805 summa
774 4730 1005 4797 doetrinae
1027 4734 1283 4813 rescriptis
1309 4727 1588 4812 prophetem
1640 4716 1796 4774 senserat
1812 4703 1901 4772 iram
1913 4698 1996 4771 Dei:
2019 4716 2139 4793 postea
2155 4726 2239 4773 vero
2254 4696 2598 4797 toqusnceDsoarne-

591 4836 630 4887 et
652 4818 914 4907 apostolicis
936 4817 1156 4892 traditae,
1178 4816 1226 4879 de
1249 4814 1589 4899 iustificatione
1641 4806 1707 4877 scit
1722 4802 1799 4875 istis
1816 4803 1912 4873 foliis
1927 4802 1983 4871 lici
1998 4828 2073 4875 non
2088 4805 2326 4898 tagipeccata.
2367 4800 2521 4873 Tandem
2536 4806 2599 4861 ιιῐθ

949 4922 1089 4966 cmm
1120 4900 1219 4967 Deo.
1605 4988 1607 4993 ,
1641 4906 1742 4977 audit
1768 4906 2065 4992 consolationem,
2092 4930 2172 4977 curn
2201 4906 2410 4999 promissio,
2437 4908 2597 4973 exarcato

692 5004 874 5095 Principio
899 5008 1055 5077 recitabo
1080 5008 1153 5099 dup
1179 5003 1356 5095 exempla,
1390 5028 1482 5099 quae
1505 5003 1587 5075 ideo
1644 5008 1795 5079 consilio
1812 5002 1880 5076 Dei
1898 5008 2055 5097 prolata,
2080 5010 2346 5102 promulgatur,
2364 5028 2451 5099 quae
2466 4998 2598 5072 affirmtl

590 5134 730 5202 semper
751 5108 788 5176 iu
805 5121 996 5196 conspectu
1019 5107 1110 5191 sint,
1137 5130 1211 5193 non
1235 5108 1353 5178 solum
1377 5107 1460 5201 quia
1477 5118 1587 5179 totam
1631 5114 1760 5181 'semen
1777 5108 1941 5179 mulieris
1956 5123 2148 5184 venturum
2163 5134 2255 5200 esse,
2277 5134 2349 5206 quo
2363 5126 2481 5181 rursus
2495 5096 2598 5171 tollen·

592 5211 686 5284 hanc
718 5208 915 5279 doctrinam
943 5210 1145 5295 illustrant,
1187 5211 1250 5279 sed
1281 5210 1409 5295 etiam,
1452 5222 1492 5279 ut
1522 5231 1589 5279 nos
1641 5212 1727 5284 dum
1744 5211 1788 5281 sit
1806 5225 2003 5303 peccatum.

590 5318 688 5406 ipsos
704 5314 747 5382 de
764 5309 982 5401 poenitentia
1007 5325 1040 5384 ct
1065 5314 1109 5382 de
1134 5334 1215 5381 vera
1231 5310 1475 5383 consolatione
1490 5334 1587 5381 com·
1742 5308 1869 5407 Recipi
1894 5312 2004 5404 igitur
2029 5334 2066 5383 se
2080 5308 2197 5383 Adam
2222 5311 2409 5405 intelligit,
2432 5320 2465 5380 ct
2479 5296 2597 5389 erldlffl‘

590 5414 843 5487 monefaciant.
1642 5415 1711 5485 lide
1743 5408 1852 5486 huius
1877 5415 2141 5506 promissionis,
2183 5430 2217 5487 et
2248 5431 2390 5509 propter
2418 5406 2483 5483 hoe
2502 5414 2596 5475 semet

695 5514 786 5587 Cum
803 5514 920 5587 Adam
936 5525 1016 5604 post
1028 5514 1168 5609 lapsum
1184 5512 1293 5585 aDco
1309 5514 1489 5606 arguitur,
1502 5510 1588 5587 bor·
1642 5516 1784 5603 statuit,
1810 5538 1846 5585 se
1864 5516 1934 5587 iarn
1951 5516 2089 5610 placere
2102 5516 2199 5605 Deo,
2226 5516 2361 5589 etiamsi
2384 5515 2483 5603 louge
2501 5500 2596 5577 defor-

518 5654 523 5664 ·
595 5618 750 5690 ribiliter
764 5614 974 5708 expavescit,
1000 5616 1107 5710 quia,
1128 5640 1208 5687 cum
1220 5613 1317 5688 Deus
1334 5619 1411 5716 ipse
1424 5640 1488 5689 sua
1502 5642 1589 5689 voce
1641 5616 1736 5689 mior
1759 5632 1854 5705 erat,
1880 5640 1987 5713 quam
2009 5619 2123 5690 fuerat
2144 5633 2227 5692 ante
2256 5621 2404 5713 lapsum.
2457 5608 2527 5683 11³⁰
2545 5600 2596 5669 5²²·

595 5732 735 5791 accusat
764 5731 983 5804 creaturam,
1022 5741 1097 5789 uon
1127 5718 1385 5807 existimemus,
1431 5720 1587 5791 otiosum
1643 5744 1713 5814 que
1732 5718 1802 5791 lide
1825 5720 1952 5813 accipit
1972 5720 2216 5793 remissionem
2235 5734 2470 5817 peecatorum,
2501 5720 2530 5777 et
2548 5702 2595 5771 δι·

593 5844 669 5894 esse
693 5818 931 5917 colloquium,
966 5820 1026 5891 sed
1048 5821 1150 5893 Deus
1173 5834 1232 5905 est,
1245 5822 1339 5913 ignis
1363 5845 1588 5909 consumens,
1644 5821 1728 5893 inde
1744 5820 1858 5895 iustus
1874 5834 1927 5896 est
1941 5844 2061 5895 coram
2079 5820 2178 5911 Deo,
2204 5826 2337 5900 accedit
2350 5824 2393 5896 sd
2410 5816 2531 5900 Deum,
2552 5802 2596 5869 5¹²·
