5825 6950
578 688 669 811 aa·
1173 676 1441 783 eutueeuu
1467 675 1682 792 seuera
1705 673 2008 758 mesonca
2509 687 2560 765 sn

2588 820 2592 870 l

583 862 736 944 vocoad
751 845 919 945 sanorum
932 851 1204 928 etet-aditorum
1217 853 1370 941 iodicia,
1396 851 1462 948 qni
1481 853 1575 925 rela-
1624 864 1770 924 econtra
1800 851 1890 923 fides
1913 849 2060 923 dimicat
2086 874 2135 922 ne
2151 851 2327 926 admittat
2354 848 2505 943 Deum,
2532 885 2560 932 oe
2613 879 2614 910 l

586 971 660 1042 tiva
675 964 870 1037 secundum
889 955 980 1044 dici,
1003 970 1047 1031 ut
1060 970 1253 1043 vocantur,
1285 956 1514 1047 intelligunt,
1538 971 1576 1030 et
1626 955 1834 1026 avellator‘a
1847 951 1955 1042 Deo,
1968 954 2093 1028 statuit
2114 978 2188 1027 esse
2202 953 2337 1042 Deum,
2366 959 2427 1050 qui
2448 961 2501 1030 etsi
2519 987 2561 1053 pn·
2612 973 2614 1012 l

587 1069 881 1141 animadvertunt
908 1059 989 1156 quis
1013 1059 1063 1131 sit
1092 1081 1190 1132 usus‘
1214 1055 1342 1131 harum
1379 1059 1574 1151 puerilium
1626 1056 1702 1145 nit,
1728 1070 1847 1128 tamen
1862 1055 2001 1129 addidit
2015 1057 2286 1149 promissionem
2303 1060 2478 1149 gratuitam
2491 1067 2562 1132 nise
2613 1055 2614 1112 ἶ

578 1169 880 1266 praeceptionum
901 1164 941 1233 in
962 1161 1215 1233 controversiis
1235 1162 1473 1252 gravioribus.
1528 1158 1578 1234 Ut
1627 1159 1802 1230 ricordiae
1824 1173 1970 1252 propter
1991 1160 2104 1230 filium
2130 1184 2251 1246 suum,
2292 1161 2390 1232 dedit
2407 1161 2506 1234 filium
2523 1167 2563 1235 ad·

588 1275 698 1364 igitur
711 1268 800 1341 haec
816 1267 931 1337 oralio
946 1264 1154 1335 correlative
1169 1264 1398 1354 intelligitur:
1426 1262 1576 1334 Fiducia
1628 1261 1804 1349 intorem,
1838 1261 2001 1356 promisit
2023 1274 2202 1332 aeternam
2225 1263 2386 1338 salutem.
2440 1262 2564 1337 Cernitur
2613 1277 2614 1290 ¹

575 1373 748 1449 thesauri
770 1371 827 1442 sui
850 1369 948 1439 dives
972 1380 1026 1436 est
1046 1366 1240 1459 tranquillo
1265 1367 1385 1438 animo
1400 1368 1441 1436 iu
1463 1390 1578 1437 anuo-
1629 1388 1711 1457 ergo
1727 1359 1824 1435 Deus
1844 1365 1883 1432 in
1907 1354 2015 1434 v'erbo
2038 1388 2121 1450 suo,
2145 1376 2179 1435 et
2199 1389 2300 1434 mens
2323 1367 2361 1434 in
2382 1367 2510 1436 verbrsm
2529 1370 2564 1436 in·
2613 1409 2614 1416 π

591 1501 660 1549 nae
676 1473 901 1551 difficultate,
926 1469 964 1538 id
982 1481 1057 1548 est,
1082 1482 1228 1563 propter
1243 1463 1449 1540 thesaurum
1472 1490 1577 1540 snum
1629 1480 1760 1553 tuens,
1801 1466 1871 1536 fide
1896 1467 2101 1536 confirmata
2130 1490 2204 1536 uon
2229 1467 2346 1538 deficit
2376 1465 2496 1548 aDeo,
2527 1472 2564 1538 sed
2610 1481 2614 1522 l

591 1581 692 1652 dives
712 1590 765 1647 est
784 1572 978 1664 tranquillo
1001 1569 1139 1641 animo:
1175 1571 1224 1640 ita
1246 1595 1328 1642 rum
1342 1571 1460 1642 audis:
1489 1570 1579 1641 Fide
1630 1591 1823 1659 agnoscens
1847 1570 1922 1638 eius
1947 1567 2226 1638 misericordiam
2258 1569 2398 1639 invocat
2419 1593 2504 1654 eum,
2529 1596 2565 1639 er·

456 1748 461 1754 .
591 1680 843 1760 iustificamur,
867 1697 951 1744 mox
978 1671 1098 1743 veniat
1120 1673 1161 1742 iu
1183 1687 1337 1773 ruentem
1359 1674 1579 1756 correlative,
1632 1683 1747 1763 pectat
1768 1669 2032 1756 liberationem,
2058 1683 2093 1740 et
2116 1671 2260 1742 subiicit
2283 1696 2319 1741 se
2338 1671 2565 1750 voluntatillei,
2613 1713 2614 1718 κ

500 1797 503 1803 ’
593 1783 666 1853 Per
685 1776 963 1850 misericordiam
986 1789 1130 1866 propter
1147 1769 1333 1847 Christum
1365 1776 1451 1846 insti
1474 1799 1579 1866 repu-
1632 1797 1697 1843 nec
1721 1774 1766 1842 ab
1786 1796 1826 1841 eo
1853 1771 1939 1841 sinit
1963 1795 2001 1842 se
2026 1771 2143 1844 avelli.
2206 1769 2253 1844 Et
2275 1775 2353 1844 lans
2376 1773 2521 1844 victoriae
2537 1790 2566 1841 est

592 1899 720 1956 tamur.
770 1873 855 1948 Ideo
876 1877 971 1948 enirn
996 1876 1127 1948 dicitur
1150 1876 1256 1962 Fide,
1287 1877 1420 1963 idest,
1453 1876 1580 1946 fiducia
1633 1874 1734 1944 ducis
1756 1860 1912 1953 Christi,
1952 1874 2013 1967 qui
2037 1875 2181 1946 adiuvat
2213 1900 2316 1962 snos,
2354 1875 2441 1946 sicut
2458 1877 2519 1968 ipse
2533 1875 2566 1942 in·
2606 1919 2607 1922 =

594 1974 630 2055 C
646 1978 865 2065 hrioli,
892 2003 958 2048 seu
982 1977 1112 2048 fiducia
1143 1979 1407 2050 misericordiae
1437 1993 1582 2072 propter
1634 1977 1728 2073 quit:
1756 1975 1843 2047 Sine
1858 1999 1914 2046 me
1931 1972 2024 2043 nihil
2041 1977 2186 2069 potestis
2203 1979 2331 2050 iacere.
2380 1973 2566 2069 Haecqniio

593 2081 775 2158 Christum
800 2083 1012 2174 promissae,
1046 2082 1132 2152 iusti
1158 2104 1291 2152 sumus.
1357 2082 1411 2153 Ac
1434 2079 1583 2149 memini
1635 2080 1706 2148 vita
1720 2092 1754 2149 et
1769 2078 1807 2147 in
1824 2077 2048 2146 invocatione
2066 2080 2317 2170 experiuntur,
2344 2079 2518 2168 intelligere
2529 2081 2567 2146 do

595 2187 783 2280 aliquoties
805 2209 861 2252 me
883 2183 1138 2273 interrogatum
1164 2204 1258 2269 esse,
1296 2205 1360 2253 cur
1389 2183 1580 2252 dicendum
1634 2181 1784 2251 utrinam
1805 2181 1850 2248 de
1868 2179 1937 2247 fide
1961 2193 2127 2271 possunt,
2153 2181 2188 2250 et
2209 2182 2317 2251 simul
2333 2181 2513 2251 ¹diiudicare
2528 2203 2568 2246 no
2613 2221 2614 2231 κ

597 2292 659 2360 sit:
685 2287 773 2356 Fide
795 2309 917 2356 sumus
940 2286 1044 2370 iusti,
1078 2285 1108 2355 si
1135 2285 1286 2355 velimus
1309 2281 1496 2354 hominum
1522 2307 1583 2374 pet
1635 2294 1737 2368 runt,
1759 2284 1855 2373 quod
1874 2281 1976 2367 iusti,
2002 2284 2039 2352 id
2056 2297 2126 2368 est,
2152 2284 2288 2375 accepti
2307 2281 2382 2354 Deo
2405 2285 2498 2352 simus
2517 2305 2569 2372 pto·

595 2389 874 2460 misericordiam
909 2409 984 2456 esse
1015 2389 1162 2458 iustum.
1222 2383 1280 2456 Ad
1310 2389 1347 2455 id
1375 2387 1583 2479 respondeo,
1634 2398 1712 2478 pter
1725 2379 1927 2468 Christum,
1956 2395 1989 2453 et
2006 2397 2123 2455 tamen
2139 2386 2273 2456 interea
2291 2386 2330 2456 in
2352 2387 2450 2456 uobis
2468 2382 2568 2454 accendi

598 2492 664 2565 has
686 2515 760 2561 esse
784 2488 1012 2560 correlatieas
1025 2489 1220 2567 orationes:
1247 2487 1337 2559 Fide
1349 2512 1473 2559 sumus
1488 2488 1583 2570 iusti,
1635 2498 1775 2577 oportet
1798 2486 1922 2570 fidem,
1965 2510 2054 2578 quae
2085 2490 2142 2560 est'
2166 2511 2246 2558 vera
2277 2489 2409 2579 agnitio
2429 2484 2500 2572 Dei,
2528 2506 2569 2552 uec

598 2611 650 2666 et:
676 2594 746 2663 Per
758 2592 1038 2662 misericordiam
1054 2613 1176 2663 sumus
1190 2591 1286 2661 iusti.
1348 2589 1420 2663 Sed
1444 2613 1583 2660 necesse
1635 2589 1896 2659 siueacerrimo
1914 2588 2105 2658 certamine
2121 2591 2263 2660 retineri
2282 2605 2408 2683 potest.

599 2710 654 2768 est
671 2695 759 2764 fidei
784 2694 1001 2763 mentionem
1025 2692 1119 2774 fieri,
1156 2694 1240 2787 quia
1261 2706 1404 2786 oportet
1427 2691 1583 2785 aliquem
1735 2687 1841 2759 Nunc
1864 2689 1974 2776 igitur
1995 2691 2124 2760 addam
2149 2694 2374 2779 testimonia,
2398 2701 2568 2787 quaeosteo·

599 2811 739 2869 motum
765 2819 859 2880 esse,
882 2820 954 2888 quo
970 2796 1161 2888 accipimus
1174 2819 1325 2881 munus,
1349 2807 1385 2864 et
1399 2794 1506 2864 nobis
1521 2818 1584 2885 ap·
1637 2793 1729 2862 dunt
1741 2791 1843 2877 fidem
1866 2815 1940 2859 non
1958 2805 2096 2862 tantum
2111 2795 2312 2882 significare
2328 2797 2480 2866 noticiam
2491 2786 2570 2858 histo·
2611 2849 2612 2860 ,

600 2901 785 2993 plicamus.
837 2893 886 2969 Et
908 2903 987 2967 cum
1008 2897 1112 2966 fidem
1136 2899 1382 2982 nominamus,
1409 2919 1508 2965 mens
1527 2897 1584 2964 in-
1636 2895 1731 2980 riae,
1769 2895 1831 2964 sed
1865 2894 2029 2964 fiduciam
2065 2896 2356 2980 misericordiae,
2394 2897 2568 2968 dimicantem

572 3015 576 3020 ’
602 3013 744 3074 tueatur
755 2994 960 3088 Christum,
986 3011 1021 3066 et
1036 3001 1164 3088 cogitet
1178 3002 1367 3090 gratuitam
1384 2997 1585 3068 misericor·
1638 3021 1718 3066 cum
1737 2994 1979 3087 desperatione
1993 3011 2026 3068 et
2041 3012 2221 3069 contemtu
2236 2997 2317 3073 Dei.
2606 3012 2610 3088 t

602 3106 700 3174 diam
723 3115 868 3193 propter
892 3125 972 3170 eum
998 3102 1225 3191 promissam,
1264 3125 1307 3170 ac
1326 3112 1458 3172 statuas
1480 3102 1587 3171 teiu-
1743 3095 1852 3170 Rom.
1877 3095 1929 3171 4.:
1970 3095 2102 3170 Paulus
2132 3101 2269 3174 confert
2300 3097 2537 3194 promissionem
2551 3101 2571 3157 tl

600 3219 696 3275 stum
719 3203 895 3295 reputari,
929 3226 1003 3272 nou
1028 3216 1173 3295 propter
1200 3203 1293 3272 ullas
1323 3215 1404 3272 tuas
1428 3202 1588 3288 virtutes,
1640 3202 1775 3280 fidem,
1818 3213 1984 3294 tanquam
2012 3193 2258 3288 correlative,
2308 3208 2433 3274 doeens
2460 3207 2572 3289 oportere
2613 3245 2614 3249 ,

600 3331 667 3385 ,seu
684 3307 861 3390 actiones,
887 3307 947 3373 sed
965 3319 1109 3395 propter
1125 3304 1222 3373 alind
1238 3317 1335 3373 extra
1349 3327 1433 3388 nos,
1463 3305 1588 3374 videli-
1642 3300 1913 3395 promissionem
1936 3303 2048 3400 accipi
2075 3304 2154 3378 fitle.
2224 3303 2324 3400 Ergo
2350 3307 2430 3376 fides
2450 3297 2572 3390 significat
2613 3343 2614 3349 κ

604 3424 678 3494 cet,
703 3422 850 3502 propter
864 3403 1046 3478 Christum
1068 3405 1319 3490 mediatorem,
1343 3408 1524 3477 sedentem
1545 3409 1588 3478 ad
1644 3405 1825 3490 fiduciam,
1852 3428 1941 3499 quae
1965 3403 2092 3475 nititur
2115 3409 2351 3497 promissione
2367 3405 2486 3477 diviua,
2526 3393 2572 3464 llos
2606 3447 2614 3495 ,a

605 3516 765 3581 dextram
780 3508 1206 3601 patris,intcrpellantcm
1221 3524 1287 3599 pro
1302 3507 1416 3583 nobis.
1451 3510 1590 3580 Interea
1644 3508 1885 3580 testimonium
1909 3508 1996 3576 adeo
2020 3511 2246 3601 perspicuum
2271 3527 2342 3597 est,
2379 3526 2416 3581 nt
2435 3506 2573 3576 nullisct·
2607 3498 2608 3501 ’

606 3611 666 3683 laic
688 3616 765 3703 ipse
787 3624 905 3681 motus
928 3611 1011 3679 fidei
1032 3611 1072 3679 iu
1094 3610 1223 3679 animis
1252 3610 1403 3694 uostris,
1437 3626 1589 3682 nonest
1645 3608 1792 3680 lumniis
1809 3609 2011 3677 labefactari
2029 3613 2150 3700 possit.
2202 3611 2287 3683 ldeo
2306 3638 2347 3683 ex
2359 3613 2425 3682 fide
2439 3625 2468 3679 et
2487 3621 2573 3674 serun-

607 3719 719 3785 otiosa
738 3713 922 3802 cogitatio,
949 3712 1008 3780 scd
1025 3713 1181 3782 luctatur
1195 3734 1276 3781 cum
1294 3713 1491 3783 terroribus
1513 3737 1592 3802 pec·
1646 3716 1730 3782 dum
1749 3713 1916 3800 gratiam,
1943 3722 1982 3779 ut
2002 3711 2101 3781 firma
2119 3714 2164 3786 sit
2179 3697 2398 3805 promissio,
2412 3714 2444 3781 id
2461 3722 2513 3790 est,
2537 3702 2573 3768 lt·

606 3817 696 3906 cati,
721 3840 802 3885 cum
818 3828 949 3897 morte,
975 3813 1121 3883 dimicat
1139 3836 1221 3883 eum
1240 3813 1405 3895 diaholo,
1428 3816 1492 3908 qui
1509 3810 1595 3885 hor·
1650 3816 1722 3903 gito
1752 3815 1883 3899 fidem,
1929 3835 1998 3904 qua
2030 3811 2224 3908 accipiatur
2257 3816 2439 3910 promissio
2465 3802 2573 3880 reconti-
2613 3850 2614 3855 κ

603 3920 779 3991 sihilihus
794 3918 908 3985 modis
922 3928 1108 4007 oppugnat
1122 3915 1279 3985 infirmas
1297 3930 1450 4002 mentes,
1473 3932 1513 3988 ut
1538 3917 1593 3987 vel
1649 3916 1815 3985 liationis.
1902 3960 1905 3967 ·
2607 3990 2608 3997 p

610 4025 654 4094 ad
673 4032 891 4091 contemtum
906 4015 994 4101 Dei,
1022 4017 1079 4086 vel
1094 4018 1139 4084 ‘ad
1154 4019 1435 4106 desperationem
1450 4021 1594 4088 eusim—
1749 4010 1878 4106 Eplres.
1898 4017 1950 4088 aa
1976 4015 2045 4087 Per
2061 4044 2166 4111 quem
2182 4022 2353 4091 audemus
2366 4020 2510 4091 accedere
2523 4027 2574 4078 ton·
2608 4029 2614 4105 j

610 4125 739 4215 pellat:
767 4119 984 4203 sicntCaiu,
1010 4118 1114 4203 Saul,
1140 4116 1263 4204 ludas,
1293 4134 1328 4190 et
1351 4120 1594 4190 innumerabi·
1650 4120 1798 4187 fidenter
1815 4119 1994 4208 perfidem
2013 4122 2098 4195 eins.
2151 4121 2257 4212 Quod
2274 4123 2424 4218 requiris
2446 4122 2532 4188 lector
2546 4124 2575 4175 tt·
2612 4104 2614 4167 Ᾰ

611 4228 663 4293 les
688 4224 771 4307 alii,
812 4236 998 4314 postquam
1023 4234 1279 4291 statuerunt-se
1302 4245 1321 4290 a
1343 4219 1423 4291 Deo
1443 4222 1598 4291 abiectos
1650 4220 1857 4289 stimonium
1883 4222 2080 4293 illustrius?
2119 4224 2190 4293 iam
2211 4226 2308 4298 enim
2328 4249 2399 4293 non
2423 4246 2491 4291 cum
2514 4232 2575 4307 εγω·
2613 4232 2614 4235 ’

598 4348 703 4410 esse,
716 4326 888 4394 furenter
904 4324 1058 4393 oderunt
1078 4318 1246 4393 Deum..
1293 4319 1369 4392 Alii
1383 4325 1475 4393 finnt
1490 4317 1597 4393 Athei
1652 4316 1795 4413 phautis
1811 4322 1928 4412 litigo,
1954 4326 2015 4393 sed
2041 4325 2118 4415 pios
2139 4342 2174 4397 et
2193 4330 2363 4397 candidos
2377 4326 2507 4394 lectores
2523 4313 2576 4383 alls·
2608 4331 2614 4387 l

612 4452 677 4500 seu
691 4424 877 4517 Epicurei,
903 4421 1115 4506 utPharao‚
1138 4426 1287 4494 eumin
1306 4426 1605 4514 magnisaernm-'
1652 4448 1764 4517 quor,
1795 4420 1860 4492 hos
1879 4419 2069 4511 adhortor,
2105 4438 2139 4497 et
2160 4443 2306 4519 propter
2328 4426 2457 4499 Christi
2478 4416 2577 4509 glorian
2608 4422 2614 4507 l

612 4532 670 4601 nis
693 4542 927 4621 aspernantur
957 4525 1216 4611 verbumDei,
1252 4540 1288 4597 et
1321 4527 1597 4595 consolationem
1653 4522 1826 4609 obtestor,
1852 4540 1892 4595 ut
1907 4524 1991 4596 haec
2007 4530 2207 4599 testimonia
2223 4532 2410 4623 diligenter
2424 4522 2578 4615 expendant

614 4633 793 4701 divinam:
818 4630 1143 4699 necsustentauts'e
1159 4629 1247 4713 fida,
1273 4628 1333 4696 sed
1351 4628 1452 4698 fracti
1471 4628 1600 4695 animis
1650 4628 1785 4697 Paulus
1812 4623 1869 4696 hic
1893 4630 1975 4698 fidei
2000 4645 2162 4701 naturam
2186 4635 2342 4703 declarat
2357 4614 2578 4704 trihusinsignl·
2608 4626 2610 4691 ἶ

615 4738 745 4803 cedunt
774 4730 938 4813 diabolo,
977 4731 1068 4801 sicut
1097 4731 1280 4799 clamitant
1303 4728 1406 4818 impii
1433 4728 1471 4795 in
1494 4731 1600 4798 rebus
1653 4732 1719 4799 bus
1749 4732 1947 4801 vocabulis:
1991 4734 2042 4802 ait
2070 4756 2136 4802 uos
2169 4735 2238 4804 fide
2264 4730 2393 4805 habere
2415 4714 2610 4820 nodipolulff

597 4834 789 4904 adversis:
815 4830 909 4902 Sunt
925 4833 1028 4902 uobis
1046 4834 1144 4901 malla
1161 4833 1320 4920 prolecto
1337 4829 1497 4914 n'nmina,
1521 4854 1599 4902 cum
1653 4828 1907 4930 προσαγωγὴν
1928 4829 1992 4904 καὶ
2023 4830 2259 4928 πεποίθησιν.
2327 4835 2420 4905 Haec
2440 4854 2501 4899 nou
2519 4840 2579 4891 con
2608 4818 2614 4899 's

616 4960 718 5005 caeco
742 4920 925 5025 rapiantur
955 4934 1071 5003 secula
1096 4953 1189 5001 casn.
1255 4930 1327 5001 Sed
1356 4932 1419 5021 qui
1441 4934 1601 5002 audiunt
1655 4948 1780 5027 petunt
1795 4934 1945 5004 noticiae
1963 4932 2264 5031 historiae,·qnae
2279 4940 2394 5029 potius
2409 4938 2547 5003 deterret,
2562 4914 2579 4982 tl
2611 4986 2612 5003 ,

617 5038 867 5123 Evangelium,
900 5036 961 5127 qni
984 5048 1120 5105 norunt
1142 5033 1208 5103 Dei
1229 5056 1335 5120 opera
1357 5054 1455 5117 esse,
1488 5037 1601 5115 dedu?
1654 5038 1882 5127 cogitandum
1897 5039 1968 5117 esi,
1993 5051 2079 5108 tunc
2094 5064 2159 5108 nos
2175 5062 2372 5111 accessuros
2386 5039 2426 5105 ad
2441 5028 2580 5104 carison

618 5164 695 5211 cere
711 5142 757 5208 ad
773 5139 904 5207 inferos
926 5152 960 5207 et
977 5139 1163 5219 reducere,
1185 5136 1225 5203 in
1245 5134 1311 5203 tali
1334 5156 1446 5223 agone
1465 5151 1601 5206 susten·
1654 5163 1734 5209 cum
1747 5140 1882 5207 erimus
1897 5138 2007 5227 digni.
2057 5139 2205 5211 Necesse
2219 5159 2270 5211 est
2287 5144 2392 5231 igitur
2408 5140 2498 5207 fidem
2512 5120 2579 5195 inel-

617 5256 695 5311 taut
725 5265 761 5311 se
797 5242 885 5321 fide,
925 5235 1212 5323 confugiuntad
1244 5230 1370 5305 ducem
1404 5234 1601 5321 Christum.
1655 5241 1718 5329 ligi
1739 5241 1902 5309 fiduciam
1926 5242 2199 5316 misericordiae.
2251 5235 2490 5333 NecCorltlaei
2511 5218 2580 5330 cavit

617 5343 724 5413 Hunc
743 5356 878 5411 norunt
906 5362 979 5409 esse
1012 5340 1199 5421 victorem,
1238 5338 1303 5431 qui
1326 5341 1478 5410 conterit
1499 5356 1603 5431 eaput
1654 5344 1789 5413 latione'
1801 5342 2004 5413 labefactari
2028 5347 2158 5435 poterit
2177 5345 2263 5418 haec
2284 5337 2525 5435 interpretatio,
2543 5342 2579 5415 qn

509 5530 513 5544 ⁹
613 5446 813 5538 serpentis:
849 5465 929 5524 seu,
961 5453 1003 5508 ut
1024 5440 1112 5509 alibi
1137 5440 1289 5524 dicitur,
1322 5442 1602 5531 destruit'opera
1656 5444 1791 5536 inquit:
1827 5443 1865 5514 Si
1891 5446 1986 5514 idem
2004 5463 2119 5516 essent
2143 5430 2230 5518 fides
2251 5466 2285 5519 et
2305 5446 2442 5525 fiducia,
2466 5456 2525 5506 non
2542 5423 2579 5493 ti

490 5611 496 5627 ,
617 5549 768 5630 diaboli,
810 5568 851 5613 ac
876 5564 1015 5628 semper
1043 5542 1127 5611 inde
1152 5564 1264 5632 usque
1292 5544 1337 5611 ab
1360 5544 1466 5613 initio
1484 5546 1604 5614 adfuit
1656 5549 1814 5634 iungeret
1840 5560 2007 5640 tanquam
2033 5549 2213 5633 effectum,
2250 5550 2409 5620 fiduciam
2431 5532 2578 5637 perfides·

619 5651 703 5723 suis.
764 5646 886 5733 Quare
908 5640 1022 5711 adiuti
1043 5667 1064 5712 a
1086 5644 1160 5714 filio
1182 5641 1272 5727 Dei,
1304 5644 1452 5715 vincunt
1478 5648 1604 5715 diabo·
1656 5646 2125 5721 OscumenCarueadeum.
2177 5648 2471 5723 Motusiucorde
2492 5640 2579 5706 dttffl·

619 5741 1123 5831 lann,necdeficiuntaDeo.
1172 5743 1265 5815 Nam
1289 5740 1354 5815 hac
1375 5748 1604 5817 de'redimi-
1657 5752 1753 5819 bitur
1768 5772 1858 5819 uuus
1874 5752 2036 5840 pluribus
2051 5754 2179 5825 verbis.
2232 5752 2374 5827 Etcum
2396 5749 2473 5816 fides
2493 5741 2527 5806 sit
2545 5726 2578 5795 lli

614 5865 734 5934 eatur,
762 5847 925 5918 diabolus
940 5863 1043 5936 urget
1057 5848 1214 5932 animos,
1239 5862 1278 5918 ut
1292 5871 1313 5919 a
1328 5849 1408 5922 Deo
1426 5850 1614 5945 deliciante
1656 5867 1772 5924 motus
1786 5876 1858 5945 quo
1876 5855 1919 5923 ad
1935 5853 2049 5925 Deum
2076 5857 2403 5944 accedimns,.certe
2422 5868 2486 5918 noo
2505 5838 2579 5930 potest
