5825 6950
322 670 411 753 1367
516 671 618 750 xttt.
673 670 710 749 7.
736 668 1039 752 nntnnttto
1064 670 1223 754 nent.
1250 670 1454 751 etttottts
1481 670 1552 748 AD
1575 670 1904 753 ttttotnttntt
1951 674 2148 761 cantv,
2253 682 2350 763 1⁸58

315 846 513 943 quissimam
535 872 623 938 prae
645 846 791 921 caeteris
809 849 1090 943 amplectendam
1108 869 1196 923 esse.
1246 844 1302 921 Ac
1352 861 1470 921 totum
1506 844 1743 940 Evangelium
1777 848 1946 925 reiicInnt
1977 846 2272 942 Mshctnetistse,
2311 872 2348 931 et

313 952 395 1021 utile
417 963 471 1021 est
497 952 660 1023 conferre
680 948 869 1035 historias,
893 965 929 1025 et
951 952 1051 1043 signa
1075 950 1301 1047 antiquitatis
1350 965 1586 1042 corrumpunt
1618 952 1743 1042 legem.
2276 1031 2280 1039 ¹

311 1054 505 1125 observare.
1451 1052 1537 1127 Dixi
1561 1056 1604 1123 de
1628 1050 1814 1141 Ethnicis,
1839 1057 1981 1130 ludaeis
2004 1072 2039 1131 et
2060 1055 2342 1149 Mahometistis,

406 1155 530 1227 Tertia
563 1154 785 1225 confirmatio
808 1155 908 1229 firmi
932 1170 1004 1242 est,
1043 1154 1223 1227 Vaticinia
1252 1158 1299 1225 de
1350 1156 1413 1226 nbi
1428 1160 1473 1227 de
1488 1157 1638 1245 singulis
1661 1157 1958 1231 considerandum
1982 1177 2053 1245 est,
2080 1166 2176 1233 unde
2196 1186 2340 1235 suman-

311 1260 444 1351 regois,
474 1281 565 1351 quae
591 1282 672 1329 cum
698 1270 845 1327 eventus
871 1260 1068 1333 ostenderit
1096 1282 1177 1329 vera
1203 1281 1297 1342 esse,
1348 1272 1409 1329 tur
1423 1261 1666 1330 refutationes.
1720 1258 1794 1331 lacn
1811 1260 1926 1333 dicam
1944 1264 1988 1333 de
2006 1258 2080 1351 his,
2100 1265 2339 1359 quosPaulus

307 1362 532 1433 manifestum
555 1373 607 1430 est
632 1374 830 1454 utrunque,
869 1375 906 1433 et
929 1390 948 1431 a
973 1358 1049 1433 neo
1079 1362 1154 1452 regi
1184 1385 1297 1453 genus
1349 1363 1512 1433 nominat
1542 1364 1744 1433 deficientes
1767 1388 1786 1433 a
1812 1364 1891 1433 lide.
1934 1364 2075 1437 Horum
2106 1370 2178 1439 duo
2210 1391 2338 1458 genera

306 1460 521 1544 humanum,
555 1480 588 1533 et
605 1457 697 1532 hanc
715 1463 913 1534 doctrinam
929 1488 948 1535 a
966 1464 1040 1537 Deo
1057 1488 1141 1557 esse.
1346 1480 1442 1538 sunt.
1493 1464 1567 1534 tttii
1585 1480 1705 1563 aperte
1720 1479 1850 1555 negant
1861 1468 2050 1541 articulum
2068 1470 2223 1565 aliquem
2240 1496 2339 1566 sym-

404 1563 729 1655 Quarta,Collatio
744 1568 999 1642 doctrinarum.
1051 1564 1198 1639 Ethnici
1216 1581 1295 1637 tan·
1349 1566 1444 1653 boli,
1488 1581 1530 1638 ut
1572 1562 1775 1639 Manichaei
1814 1585 2011 1660 posuerunt
2049 1574 2121 1643 duo
2160 1572 2337 1666 principia
2450 1648 2456 1659 ,

306 1686 380 1741 tum
401 1672 528 1739 docent
551 1667 681 1758 legem,
707 1681 742 1737 et
766 1671 911 1761 quidam
931 1686 1183 1768 corrumpunt,
1210 1670 1294 1764 quia
1346 1682 1551 1754 coaeterna,
1592 1666 1735 1741 Bonum
1769 1682 1805 1741 et
1841 1670 1992 1749 Malum.
2056 1670 2166 1746 Arius
2195 1676 2344 1765 negauitv

305 1772 414 1843 nutlta
432 1783 632 1861 portentosa
650 1782 683 1840 et
700 1771 939 1841 abominanda
956 1770 1095 1859 lingunt
1111 1776 1155 1841 de
1175 1773 1295 1855 idolis,
1345 1772 1457 1841 lilium
1481 1768 1548 1841 Dei
1572 1796 1644 1843 esse
1666 1764 1870 1865 ὃμοούσιον
1893 1791 2036 1847 aeterno
2063 1777 2173 1869 patri,
2214 1775 2336 1849 Mace·

305 1890 338 1945 et
358 1890 463 1945 tetras
483 1873 649 1941 libidines
671 1871 894 1963 permittunt.
933 1873 1057 1943 Postea
1077 1871 1223 1945 Etbuici
1249 1878 1293 1943 de
1345 1873 1476 1943 donius
1499 1876 1683 1946 contendit
1708 1874 1882 1965 Spiritum
1908 1892 2069 1949 sancttun
2099 1893 2237 1953 tantum
2262 1902 2336 1950 esse

302 1976 510 2047 remissione·
524 1989 765 2067 peccatorum,
791 1974 964 2046 decausis
988 1977 1227 2047 calamitatum
1254 1976 1292 2045 in
1345 1992 1481 2046 motum
1499 1991 1654 2047 creatum
1677 1978 1714 2047 in
1731 1978 1866 2067 angelis
1891 1992 1925 2049 et
1948 1980 1985 2049 itt
2002 1976 2190 2053 bominum
2214 1981 2335 2051 cordi·
2421 2030 2429 2039 -

302 2103 428 2169 pectere
452 2074 608 2148 barretano
634 2072 725 2145 nibil
750 2079 836 2151 certi
862 2079 1004 2149 dicitur.
1059 2079 1290 2149 Manifestum
1344 2080 1421 2152 bus.
1454 2078 1582 2172 Aliqui
1606 2095 1825 2169 negaverunt
1842 2104 1988 2173 corpora
2007 2078 2193 2167 hominnm
2217 2107 2335 2155 resur·

304 2198 353 2253 est
379 2182 506 2271 igitur,
543 2204 666 2249 eurum
693 2180 892 2250 doctrinam
914 2180 1183 2252 insulficieutetn
1207 2203 1291 2260 esse,
1344 2196 1481 2251 rectura
1508 2204 1593 2250 esse.
1659 2180 1766 2250 Tales
1800 2183 1916 2273 palam
1950 2185 2108 2254 delentes
2143 2184 2333 2256 articulum

303 2304 336 2357 et
371 2309 445 2353 non
478 2284 664 2351 ostendere
698 2282 947 2353 liberationem
971 2309 991 2351 a
1016 2285 1129 2357 malis.
1188 2280 1291 2352 Hauc
1342 2282 1498 2375 aliquem
1524 2284 1678 2377 symboli
1701 2283 1804 2353 lacile
1825 2286 1968 2373 agnosci
1999 2301 2167 2377 possunt,
2209 2302 2244 2361 et
2275 2310 2332 2358 re-

302 2388 526 2459 collationem
551 2384 703 2474 cogitare
727 2385 815 2454 utile
839 2403 910 2469 est,
944 2384 1027 2477 quia
1051 2385 1205 2457 ostendit
1230 2408 1291 2471 ge·
1341 2385 1483 2453 futandi
1500 2399 1584 2454 sunt
1601 2410 1643 2455 ex
1660 2384 1873 2456 testimoniis
1895 2382 2112 2480 propheticis
2132 2401 2168 2460 et
2186 2403 2333 2482 aposto·

302 2517 387 2562 nera
403 2490 670 2567 doctrinarum,
696 2486 886 2556 discrimen
905 2488 990 2575 legis
1006 2502 1040 2559 et
1055 2484 1256 2575 Evangelii.
1342 2487 1438 2570 licis,
1465 2512 1544 2557 curn
1563 2482 1678 2557 adhuc
1701 2488 1814 2557 videri
1832 2488 1943 2561 velint
1966 2490 2126 2563 assentiri
2143 2488 2332 2587 Prophetis

402 2590 558 2681 Quinta,
605 2588 761 2679 Spiritus
790 2605 931 2659 sartctus
955 2590 993 2657 in
1019 2614 1099 2659 vera
1129 2590 1290 2659 consola·
1342 2602 1376 2659 et
1397 2589 1591 2680 Apostolis.

301 2699 399 2770 tione
418 2680 600 2763 vivificans
624 2692 750 2772 corda,
775 2693 930 2762 ostendit
950 2686 1137 2781 Evangelii
1162 2693 1291 2762 verita·
1445 2690 1520 2761 Atii
1537 2714 1608 2759 ttott
1623 2690 1671 2761 ita
1689 2692 1805 2783 palam
1823 2694 1941 2765 delent
1956 2694 2123 2767 articulos
2140 2696 2242 2775 fidei,
2270 2696 2331 2765 setl

304 2808 429 2872 temet
457 2794 666 2877 efficaciam,
698 2793 790 2865 sicut
813 2790 990 2863 Dontinus
1015 2794 1134 2886 iuquit
1163 2790 1290 2865 luban.
1342 2793 1480 2878 occulte
1503 2816 1562 2862 eos
1585 2810 1819 2885 corrumpunt
1845 2794 2215 2888 interpretationibus,
2241 2818 2332 2892 qnae

308 2902 384 2975 tn:
411 2895 501 2971 Cum
524 2896 642 2965 veniet
664 2896 811 2985 spiritus
834 2896 1008 2975 veritatis,
1036 2898 1141 2967 ducet
1162 2920 1228 2965 nos
1252 2898 1290 2965 in
1343 2896 1559 2965 dissentiunt
1589 2896 1634 2963 ab
1662 2895 1748 2985 ipsis
1777 2894 1936 2968 articulis
1960 2900 2132 2993 symboli,
2172 2914 2212 2970 ut
2234 2898 2331 2989 Papa

308 2999 655 3074 omuemveritatem.
707 2996 750 3065 Et
768 2996 874 3069 Rom.
889 2998 942 3071 8.:
977 2997 1134 3090 Spiritus
1150 3012 1292 3067 sauctus
1342 3012 1375 3067 et
1406 2992 1570 3067 ctrottachi
1605 2998 1759 3067 retinent
1789 2998 1896 3068 verba
1927 3000 2099 3094 symboli,
2148 3016 2329 3071 ettamen

306 3110 367 3176 dat
390 3101 629 3173 testimonium
644 3098 786 3189 spiritui
812 3114 954 3181 nostro,
978 3102 1074 3193 quod
1099 3100 1209 3169 simus
1224 3099 1289 3167 litii
1342 3100 1554 3191 qttibnsdam
1579 3099 1740 3168 articulis
1766 3102 1905 3171 addunt
1933 3102 2037 3171 salsas
2067 3102 2331 3194 interpretatio-

307 3206 384 3279 oei.
435 3202 486 3274 Ita
509 3202 624 3273 Adam
649 3198 774 3273 habuit
798 3202 998 3272 testimonia
1023 3217 1165 3271 externa
1183 3218 1216 3272 et
1234 3202 1291 3271 in·
1342 3224 1500 3269 nescum
1515 3198 1709 3289 Evangelio
1732 3218 1946 3292 pugnantes,
1973 3216 2013 3274 ut
2033 3205 2246 3275 norninatim
2270 3199 2329 3273 his

302 3310 447 3383 teriora:
491 3306 579 3375 lucit
609 3306 775 3374 audiebat
810 3330 929 3373 vocem
955 3305 1145 3387 divinam,
1194 3304 1291 3375 intus
1342 3304 1471 3373 duobis
1491 3303 1666 3386 articulis,
1696 3300 2071 3376 Creduremissiouem
2096 3319 2330 3398 peccatorum·

300 3410 474 3486 sentiebat
500 3432 535 3478 se
559 3433 600 3478 ex
624 3420 737 3477 morte
762 3404 904 3478 libcrari
929 3420 962 3476 et
980 3406 1162 3476 vivificari.
1343 3404 1447 3476 Item:
1475 3402 1590 3478 Credo
1615 3428 1689 3476 esse
1713 3401 1905 3478 Ecclesiam
1929 3422 2087 3482 sanctam
2108 3403 2330 3481 catholicam.

404 3513 484 3587 Hae
516 3535 640 3581 causae
674 3513 718 3578 de
744 3508 949 3579 discrimine
982 3503 1221 3580 Ethnicorum
1256 3525 1291 3580 et
1341 3507 1585 3599 Corrumpunt
1603 3511 1698 3579 enim
1716 3511 1925 3596 articulum,
1953 3510 2070 3582 Credo
2085 3501 2328 3582 remissionem

298 3613 482 3690 Ecclesiae
498 3639 599 3704 saepe
615 3627 650 3682 et
667 3625 799 3682 attente
813 3607 1089 3682 considerandae
1106 3628 1201 3686 sunt.
1342 3624 1584 3702 peccaturum,
1611 3612 1694 3701 quia
1708 3613 1844 3683 addunt
1861 3609 2329 3702 interpretationem,Credo

404 3717 560 3788 Facilius
580 3729 629 3784 est
647 3715 799 3784 refutare
817 3713 964 3786 ludaeos
990 3728 1185 3803 pugnantes
1208 3735 1288 3782 cum
1342 3713 1585 3782 remissionem
1607 3713 1687 3780 aliis
1709 3715 1805 3794 dari,
1848 3739 1921 3784 nun
1945 3709 2047 3784 mihi.
2098 3713 2204 3784 Item:
2244 3713 2328 3786 Non

296 3821 485 3899 Ecclesia,
519 3821 578 3912 qui
606 3817 815 3908 profitentur
838 3840 874 3884 se
897 3816 1059 3884 assentiri
1081 3811 1289 3905 Prophetis:
1342 3818 1449 3886 credo
1473 3815 1733 3898 remissionem,
1758 3818 1971 3888 seddubitu.
2025 3814 2105 3886 Non
2128 3816 2329 3905 credogra-

296 3954 341 3997 ex
366 3921 424 3996 itis
448 3923 543 3991 enim
566 3920 729 3988 cessavinci
755 3927 921 4017 possunt,
950 3916 1202 4009 Apostolorum
1224 3921 1289 3986 do·
1342 3918 1387 3988 tis
1405 3917 1484 3984 dari
1503 3931 1647 4004 propter
1673 3917 1784 3985 filium
1810 3917 1894 3998 Dei,
1922 3921 1980 3986 sed
1999 3919 2076 3988 dari
2095 3931 2238 4010 propter
2254 3940 2328 3986 me-

297 4029 452 4099 ctriuam
478 4050 557 4094 cunt
588 4016 790 4115 prophetica
814 4043 1019 4108 congruere.
1069 4017 1289 4089 Dissetttiunt
1342 4021 1408 4090 rita
1436 4011 1665 4096 sufficientia,
1715 4034 1859 4109 propter
1884 4021 2115 4090 sufficientem
2141 4019 2329 4091 contritio·

296 4147 419 4201 autem
445 4125 563 4196 ludaei
586 4153 604 4194 a
630 4124 734 4194 nobis
761 4127 806 4192 de
836 4121 984 4202 Massia,
1023 4145 1128 4214 quem
1161 4136 1290 4211 negant
1341 4146 1421 4189 neue
1447 4134 1482 4190 et
1506 4121 1573 4190 alia
1599 4143 1717 4211 opera.
1772 4118 2041 4214 ltetn,propter
2063 4122 2328 4194 satisfactiones.

297 4257 374 4303 esse
405 4231 516 4300 lilium
545 4227 611 4296 Dei
638 4241 882 4307 coaeternum,
922 4238 1050 4312 negant
1076 4221 1290 4308 Passionem,
1341 4221 1417 4291 llas
1442 4223 1644 4293 additiones
1661 4238 1817 4312 pugnant
1835 4248 1916 4294 cum
1931 4219 2127 4313 Evangelio
2142 4235 2329 4292 enarrante

295 4349 430 4422 rtegant
447 4358 527 4400 euut
544 4334 628 4398 dare
643 4328 817 4399 iusticiam
833 4331 988 4397 atvitam
1004 4342 1288 4404 aeternatu,con·
1340 4340 1452 4395 totum
1499 4325 1717 4412 articulum,
1768 4323 1885 4398 Credo
1928 4325 2172 4397 remissionem
2207 4349 2328 4415 pecca·

297 4439 457 4508 tendunt
487 4457 634 4522 regnum
667 4431 847 4520 politicum
881 4427 1086 4498 habiturum
1119 4453 1192 4497 esse
1224 4445 1288 4498 etc.
1341 4445 1470 4498 torum.

293 4542 347 4614 Hi
376 4537 554 4631 praeripui
580 4559 716 4603 errores
738 4533 885 4604 refutari
901 4556 942 4601 eit
957 4526 1216 4621 Prophetarum
1237 4546 1288 4600 te·
1442 4528 1602 4600 Alterius
1645 4531 1786 4600 articuli
1827 4531 1872 4600 de
1909 4524 2066 4600 Ecclesia
2108 4527 2329 4618 corruptelae

291 4641 481 4716 stitttuttiis
505 4638 687 4728 perspicue
712 4649 871 4727 possunt.
1341 4633 1444 4702 etiarn
1476 4631 1694 4721 perniciosae
1722 4647 1824 4718 sunt,
1869 4633 1952 4726 quIa
1978 4631 2115 4722 fingunt
2136 4629 2327 4699 Ecclesiam

406 4738 678 4812 Mabumetistae
718 4760 842 4830 parum
884 4734 1056 4810 differunt
1090 4734 1135 4804 ab
1170 4733 1289 4824 impiis
1341 4756 1578 4823 esseregnum
1596 4731 1801 4825 politicum,
1826 4734 1953 4828 inquo
1975 4733 2150 4804 dominari
2168 4746 2328 4824 oporteat

290 4846 464 4930 Iudaeis,
501 4866 616 4934 neque
639 4855 758 4912 tamen
784 4838 960 4929 recipiunt
984 4832 1194 4927 Prophetas,
1227 4837 1287 4904 sed
1342 4831 1555 4936 Episcopus,
1588 4847 1624 4906 et
1642 4839 1795 4906 condere
1814 4838 1977 4926 dogmata
1992 4849 2027 4906 et
2042 4835 2177 4914 cultus,
2204 4849 2237 4903 et
2263 4827 2328 4901 lto-

289 4949 450 5021 reiutati
475 4957 621 5039 possunt
645 4969 665 5013 a
688 4939 949 5013 circumstantia
967 4940 1146 5037 temporis.
1197 4935 1289 5007 Cum
1341 4963 1418 5007 rum
1435 4940 1656 5008 decretorum
1673 4937 1955 5009 observationem
1977 4961 2051 5007 esse
2074 4937 2248 5006 iusticiam
2266 4937 2328 5002 c'u·

288 5054 397 5124 enim
416 5045 572 5120 Ecclesia
596 5045 703 5116 luerit
718 5043 841 5127 initio,
866 5045 993 5128 dogma
1017 5053 1134 5109 autem
1160 5036 1289 5110 Maito-
1339 5065 1414 5110 rant
1433 5037 1520 5108 Deo.
1570 5035 1647 5108 Hac
1670 5031 1856 5132 hypothesi
1883 5039 1994 5132 posita
2019 5039 2214 5132 procedunt
2239 5031 2328 5126 Epi·

287 5156 386 5225 meti
415 5173 536 5222 recens
559 5149 606 5218 sit
632 5161 756 5217 uatum
790 5157 869 5236 post
897 5143 1107 5235 Apostolus,
1152 5141 1290 5213 circiter
1339 5142 1436 5231 scopi
1464 5141 1622 5230 longius,
1649 5142 1869 5213 constituunt
1891 5141 2007 5223 idola,
2033 5154 2067 5211 et
2091 5142 2210 5211 ierunt
2235 5139 2326 5227 leges

287 5281 440 5328 rentium
464 5251 775 5328 sescentesimum,
807 5261 842 5319 et
857 5261 990 5337 pugnet
1007 5271 1086 5316 cuin
1103 5239 1289 5336 Prophetis
1339 5267 1421 5314 suae
1443 5243 1648 5337 potentiae,
1682 5245 1755 5312 suis
1780 5245 1909 5332 opibus
1937 5245 2245 5326 accommodatas,
2289 5254 2326 5309 ut

289 5375 332 5428 et
359 5356 562 5448 Apostolis:
597 5351 816 5442 impossibile
844 5364 896 5419 est
920 5342 1186 5418 Mahometistas
1216 5369 1288 5415 esse
1338 5345 1450 5436 legem
1480 5348 1523 5416 de
1553 5345 1731 5434 coningio.
1794 5345 1915 5416 Postea
1938 5345 1973 5414 vi
1999 5345 2173 5437 corporali
2196 5353 2328 5431 cogunt

286 5459 499 5534 Ecclesiam
524 5454 604 5529 Ilei.
658 5451 759 5523 Nihil
791 5469 909 5522 antem
941 5451 1101 5522 coritiuet
1128 5451 1287 5518 doctrina
1339 5445 1521 5527 homines,
1547 5460 1585 5517 ut
1602 5449 1863 5540 obtemperent,
1889 5449 1980 5518 sicut
1996 5442 2328 5518 Nabuchodonosor

285 5560 521 5640 Mahovueti,
562 5559 632 5627 nisi
666 5557 876 5646 particulam
911 5553 997 5643 legis
1030 5553 1074 5622 de
1107 5550 1289 5638 operibus,
1338 5549 1451 5638 coiigit
1469 5572 1549 5618 suas
1563 5563 1701 5638 gentes,
1728 5565 1767 5622 ut
1782 5564 1933 5620 statuam
1948 5551 2115 5621 coierent.

286 5669 433 5738 deinde
457 5663 556 5732 addit
586 5657 823 5750 blasphemias
845 5670 968 5726 contra
995 5655 1108 5724 lilium
1131 5653 1216 5732 Dei,
1252 5667 1289 5722 et
1441 5651 1495 5721 lta
1518 5651 1705 5743 utriusque
1729 5651 1868 5722 articuli
1897 5651 2118 5742 comuptelae
2143 5648 2328 5720 abducunt

287 5784 430 5839 contra
452 5764 626 5858 Spiritum
652 5780 831 5843 sanctum,
858 5758 1287 5850 etsuperstitiosisquos-
1337 5768 1474 5826 mentes
1504 5754 1548 5821 ab
1580 5753 1761 5842 agnitione
1795 5753 2010 5834 mediantis,
2046 5765 2081 5824 et
2107 5750 2326 5840 extinguunt

283 5875 382 5940 dam
406 5871 496 5940 ritus
513 5881 548 5938 et
566 5867 689 5937 stultas
706 5863 959 5935 satisfactione
975 5883 1040 5954 pro
1062 5857 1211 5928 delictis:
1238 5856 1286 5928 ita
1338 5855 1451 5926 lucem
1486 5851 1670 5946 Evangelii
1696 5858 1741 5924 de
1766 5855 1973 5927 remissione
2000 5867 2245 5948 pcccatorum,
2284 5853 2330 5920 de
