5825 6950
576 594 677 737 coss
796 726 800 734 ,
1041 727 1045 738 ,
1169 646 1297 722 arras,
1321 640 1440 733 asu
1465 642 1675 739 scatens
1701 640 2019 732 sanonum,
2499 662 2574 740 asic

580 853 652 907 mr·
705 825 902 899 munim
919 820 1016 894 Deus
1035 821 1072 889 in
1094 842 1222 911 genere
1246 813 1405 888 lanmano
1426 814 1572 908 agnosci
1592 806 1597 927 l
1621 818 1794 903 visibilis,
1827 832 1863 891 ιι
1886 821 2060 912 praesidia
2083 822 2278 897 necessaria
2302 826 2345 897 ad
2370 827 2574 905 defensionem
2642 794 2643 805 ἵ

583 937 717 1017 tilium,
748 928 841 1001 sicut
857 927 977 1019 inquit
991 926 1036 994 sd
1054 944 1177 995 onmes
1192 934 1331 1010 gentes,
1360 920 1499 991 Psalmo
1517 922 1571 992 2.:
1621 921 1732 1011 regis,
1751 920 1895 1013 legum,
1920 922 2139 997 iudiciorum
2156 940 2192 997 et
2208 930 2354 1021 populi,
2379 944 2413 1003 st
2426 956 2481 1003 res
2495 930 2577 1011 habet

584 1032 810 1111 Osculami'ni
833 1029 959 1097 lilium.
1005 1024 1089 1095 ldeo
1108 1022 1186 1095 vult
1209 1018 1402 1092 Ecclesiam
1429 1034 1464 1091 et
1487 1044 1574 1090 con·
1622 1036 1829 1115 potestatem
1859 1024 1946 1115 legis
1969 1025 2107 1121 aliquas
2140 1031 2343 1113 condendi,¹
2375 1046 2408 1104 et
2430 1036 2579 1128 ambiguas

586 1138 675 1231 spici
697 1150 733 1206 et
759 1129 921 1202 mendici
942 1124 1129 1199 sonantem
1155 1121 1392 1213 Evangelinm
1418 1126 1464 1195 de
1486 1122 1574 1203 lilio,
1622 1126 1891 1217 interpretandi.
1944 1124 1991 1199 Et
2008 1130 2099 1217 valet
2116 1128 2367 1227 ¹interpretatio
2389 1156 2520 1229 propter
2540 1166 2580 1211 re·

586 1245 676 1313 sicut
698 1236 868 1327 scriptum
883 1246 934 1303 est
947 1229 1090 1300 Psalmo
1108 1228 1185 1301 18.:
1211 1222 1253 1297 Iu
1275 1250 1418 1297 omnem
1442 1238 1574 1297 terram
1623 1229 1716 1319 giam
1738 1227 1976 1319 autoritatem.

587 1340 698 1414 exivit
718 1358 827 1409 sonus
849 1358 987 1407 eorum.
1355 1412 1359 1419 ι
1728 1342 1775 1416 Ut
1798 1344 1838 1413 in
1859 1368 1969 1435 regno
1988 1344 2130 1420 Gallico
2152 1364 2237 1423 mm
2261 1350 2353 1444 loges
2376 1354 2415 1425 in
2433 1356 2584 1451 aliquam

689 1456 801 1549 Saepe
824 1468 942 1524 autem
964 1446 1184 1521 horribiliter
1204 1469 1369 1537 oppressa
1395 1460 1429 1517 et
1450 1445 1576 1515 obscu-
1599 1515 1602 1543 ‚
1625 1446 1898 1519 circumstantiis
1930 1450 2118 1547 dissimiles
2151 1456 2197 1527 ab
2224 1456 2375 1528 aliarum
2409 1460 2584 1550 politiorum

590 1578 665 1634 rats
688 1573 740 1630 est
763 1554 882 1648 regnis
906 1550 1121 1631 idolatricis,
1153 1562 1195 1619 ut
1215 1544 1343 1619 Esaiae
1368 1549 1398 1618 1.
1430 1548 1577 1617 dicitur:
1626 1550 1782 1639 legibus,
1809 1563 1842 1619 et
1860 1549 1990 1621 indicia
2006 1547 2200 1651 'constituta
2221 1575 2305 1631 suast
2329 1559 2430 1631 certis
2452 1565 2585 1661 personis

590 1664 668 1740 Nisi
684 1660 865 1733 Dominus
885 1654 1086 1748 reliquisset
1110 1650 1214 1721 nobis
1239 1674 1376 1735 semen,
1403 1651 1494 1721 sicut
1510 1646 1579 1721 So-
1626 1668 1660 1725 et
1680 1652 1783 1723 lucis:
1819 1674 1884 1719 nec
1911 1652 1993 1723 lieet
2017 1652 2175 1726 Gallicas
2191 1656 2457 1733 'controversias
2481 1666 2585 1733 casem

590 1768 696 1837 dorna
711 1762 795 1833 laeti
812 1780 977 1830 essemus.
1028 1748 1425 1827 EcMaub.et.:‘tttsi
1448 1752 1578 1821 abbre-
1627 1758 1671 1823 ad
1696 1753 1826 1823 iusticia
1849 1753 2001 1826 aliorum
2027 1781 2229 1847 reginorum.
2298 1758 2363 1833 Est
2388 1778 2420 1835 et
2447 1766 2587 1835 rescisi-

590 1868 678 1940 viati
699 1880 812 1937 esseut
834 1858 871 1930 hi
897 1861 990 1939 dies,
1014 1856 1133 1928 omnis
1155 1879 1238 1925 earo
1254 1854 1426 1947 periisset.
1461 1850 1509 1924 Et
1526 1867 1577 1922 ta·
1629 1856 1729 1935 bilis,
1757 1868 1789 1923 et
1809 1850 1865 1922 bic
1880 1856 2039 1927 munitus
2056 1864 2106 1931 cst
2129 1865 2333 1933 necessariis
2355 1867 2542 1957 praesidiis,
2562 1884 2588 1939 et

589 1995 675 2043 men
704 1964 876 2061 reliquiae
901 1973 1091 2054 supersunt
1113 1972 1147 2029 et
1176 1958 1329 2027 subinde
1359 1957 1579 2027 instauratur
1627 1956 1732 2029 babet
1751 1969 1959 2048 potestatem
1975 1960 2233 2053 interpretandi
2250 1967 2362 2056 leges,
2389 1982 2424 2039 et
2439 1971 2589 2039 condendi

589 2072 765 2156 Ecclesia,
790 2081 829 2139 ut
844 2063 970 2135 Esaiae
983 2060 1045 2135 46.
1067 2059 1215 2131 dicitur:
1251 2056 1368 2131 Etiam
1385 2060 1424 2129 in
1440 2069 1578 2127 senecta
1627 2061 1764 2153 aliquas
1781 2082 1902 2133 novas.
1929 2058 2021 2131 Tale
2037 2078 2087 2135 cst
2105 2060 2252 2155 regnum
2269 2068 2589 2160 poniificiffiomfflq

590 2177 733 2267 gestabo
757 2188 791 2244 te
813 2181 877 2242 etc.
929 2162 978 2237 Et
1001 2160 1126 2235 Esaiae
1147 2156 1227 2232 59.:
1272 2160 1351 2231 Hoc
1376 2174 1428 2231 est
1455 2160 1580 2229 foedus
1627 2162 1717 2235 Tale
1734 2160 1801 2231 luit
1817 2175 1850 2231 ct
1862 2182 2009 2251 regnum
2025 2164 2216 2256 impiorum
2229 2170 2435 2259 pontificum
2446 2171 2483 2239 in
2496 2170 2590 2245 lsrael.
2642 2254 2643 2257 Ἴ

592 2301 711 2347 meum
735 2296 817 2345 cnm
841 2270 910 2356 eis,
953 2267 1039 2337 dicit
1061 2263 1258 2343 Dominus,
1300 2263 1447 2354 spiritus
1467 2286 1580 2347 meus,
1628 2263 1733 2335 Talia
1749 2285 1853 2352 regna
1872 2265 1910 2333 in
1927 2260 2082 2337 Ecclesia
2098 2270 2201 2343 multi
2216 2274 2385 2345 omnibus
2401 2276 2590 2367 temporibus

592 2378 655 2473 qui
672 2388 721 2447 est
739 2376 778 2444 in
795 2387 848 2459 tc,
874 2384 908 2442 et
925 2368 1032 2439 verba
1048 2390 1124 2435 mea
1141 2389 1234 2464 quae
1252 2366 1354 2457 posui
1372 2366 1488 2435 inore
1507 2378 1581 2449 tuo,
1629 2360 1865 2440 somniarunt.

515 2514 522 2525 ·
593 2504 668 2553 non
692 2478 858 2549 recedent
873 2474 920 2545 ab
935 2468 997 2543 ore
1014 2484 1095 2551 tuo,
1119 2484 1153 2539 et
1170 2468 1215 2536 ab
1232 2490 1294 2537 ore
1309 2466 1454 2546 seminis
1470 2464 1580 2585 tulin
1728 2482 1798 2557 sed
1818 2483 1994 2557 discamus
2016 2490 2201 2577 stipenda⁸
2223 2518 2298 2567 me
2313 2491 2377 2567 has
2397 2496 2593 2587 imaginatio·

592 2582 859 2674 sempiternum.
912 2573 1021 2657 ltem,
1046 2566 1176 2643 Mattlt.
1191 2571 1274 2640 ab:
1301 2566 1378 2660 Ego
1396 2570 1579 2688 vobiscum
1628 2610 1713 2675 nes,
1739 2600 1772 2657 ei
1791 2582 1985 2661 Ecclesiam
2009 2595 2075 2663 etsi
2098 2574 2248 2671 visibilis
2272 2614 2342 2685 est,
2377 2598 2592 2672 tamendissi·

594 2709 673 2757 sum
704 2704 816 2775 usque
844 2680 892 2748 ad
921 2673 1260 2746 consummationem
1288 2672 1411 2742 seculi.
1464 2668 1581 2741 Etru
1629 2689 1750 2761 ,uppem
1768 2690 2198 2787 esseimperiiapopna,
2231 2698 2403 2792 Emm
2422 2699 2593 2792 imponu-
2642 2684 2643 2689 ,

595 2781 932 2883 symboloquotidie
956 2772 1023 2846 boc
1041 2775 1265 2867 profitemur:
1289 2770 1582 2894 (iredoesseEc-
1629 2791 1707 2863 ficia
1732 2789 1930 2881 significata
1950 2810 2052 2885 sunt,
2092 2806 2236 2891 quaudo
2260 2805 2354 2875 tilius
2382 2780 2594 2881 Dei'intucu
2642 2862 2643 2865 ,

577 2888 738 2959 'clesiam
751 2897 906 2955 sanctam
924 2874 1147 2961 catholicam,
1173 2876 1291 2946 Credo
1306 2888 1415 2966 agatur
1429 2896 1582 2969 promis·
1629 2906 1683 2965 „t
1705 2916 1879 2985 purpura,
1905 2908 1940 2965 e,
1954 2898 2127 2976 latemus
2144 2928 2275 2975 corona
2293 2884 2510 2999 spiam&
2528 2926 2595 2975 con·
2642 2868 2643 2921 t

596 2993 714 3088 aiones
736 2986 915 3059 Ecclesiae
939 2980 1086 3051 traditas
1108 2979 1225 3049 firmas
1246 3000 1337 3097 esse,
1381 2978 1500 3049 Credo
1527 3000 1583 3047 me
1630 2994 2082 3071 mmefimfficiumfflium
2101 3001 2170 3073 Dei
2186 3008 2389 3100 pontifices,
2416 3023 2450 3080 a
2473 3009 2595 3097 mimo·

593 3092 752 3165 ffllldl‘l
769 3102 799 3159 ‘¹
818 3084 927 3179 retil’i
947 3084 1041 3154 lum
1058 3080 1139 3152 ffl³⁸
1154 3081 1420 3174 Pl⁰ml⁸⁵¹⁰¹¹⁰³·
1630 3121 1703 3180 res,
1725 3097 1786 3191 qui
1807 3092 2003 3171 Ecclesiam
2026 3105 2062 3172 in
2088 3106 2156 3176 tale
2180 3132 2328 3199 regnum
2354 3114 2594 3184 transformant,

694 3227 749 3299 Ac
763 3246 890 3316 magna
906 3217 1102 3293 consolatio
1118 3228 1180 3302 est,
1194 3216 1290 3311 quod
1306 3239 1447 3309 semper
1463 3212 1502 3286 in
1521 3214 1583 3287 tali
1632 3201 1696 3272 ubi
1721 3202 1803 3269 'sine
1827 3204 1995 3277 mandato
2023 3202 2089 3275 Dei
2120 3222 2155 3279 et
2185 3211 2278 3301 leges
2309 3222 2343 3283 et
2376 3214 2490 3285 cultus
2516 3212 2595 3280 insti·

590 3347 697 3408 coetu
714 3341 919 3401 vocatorum
935 3335 1018 3393 ssrnt
1033 3320 1147 3413 aliqui
1162 3320 1276 3399 electi,
1293 3318 1471 3413 quiscum
1489 3342 1582 3389 sem·
1633 3314 1801 3383 luuntur,
1829 3306 1873 3373 de
1891 3307 2035 3396 privatis
2051 3308 2192 3397 Missis,
2211 3316 2257 3383 de
2274 3314 2472 3399 coelibatu,
2494 3330 2524 3386 et
2537 3312 2595 3382 aliis

592 3462 661 3528 per
676 3436 724 3504 sit
738 3430 867 3523 aliquis
882 3446 1052 3498 numerus
1074 3424 1285 3505 electorum,
1310 3434 1344 3492 ιι
1359 3446 1434 3492 uon
1450 3422 1496 3494 sit
1513 3420 1583 3491 nisi
1632 3406 1961 3500 superstitionibus:
1996 3424 2031 3483 et
2054 3436 2214 3504 expresse
2236 3418 2457 3489 damnantur
2472 3418 2527 3487 alii
2547 3410 2595 3483 ho·

595 3543 865 3611 intervooatos,
889 3543 930 3600 ut
948 3526 1079 3596 Paulus
1096 3525 1213 3618 inquit
1227 3522 1383 3597 Roman.
1398 3523 1449 3594 8.:
1482 3523 1583 3614 Quos
1634 3509 1766 3592 mines,
1792 3511 1853 3604 q'ui
1876 3505 1942 3581 hos
1963 3513 2052 3584 ritus
2075 3539 2149 3586 non
2172 3536 2331 3602 servant,
2367 3537 2406 3592 es
2425 3519 2597 3616 praeficitur

594 3640 704 3728 elegit
718 3633 833 3707 bosel
847 3631 995 3702 vocavit.
1040 3627 1201 3698 Sciamus
1214 3649 1288 3697 non
1304 3627 1393 3698 alibi
1408 3649 1584 3721 quaeren·
1632 3609 1819 3684 Romanus
1844 3611 2039 3707 Episcopus
2062 3631 2229 3713 tanquam
2254 3645 2314 3692 rex
2338 3641 2494 3694 armatus
2522 3633 2596 3712 pote·

595 3748 663 3815 dos
684 3763 757 3810 esse
780 3738 908 3806 clectos
931 3746 1027 3802 estra
1050 3743 1190 3800 coetum
1213 3743 1439 3824 vocatorum,
1482 3743 1516 3800 et
1537 3729 1583 3797 li.
1633 3727 1720 3784 state
1744 3715 1922 3785 condendi
1945 3740 2055 3788 novas
2078 3720 2192 3810 leges,
2230 3739 2266 3796 ct
2284 3747 2400 3795 novos
2423 3727 2548 3806 cultus,
2574 3733 2598 3788 et

596 3849 722 3917 beuter
740 3864 805 3912 nos
820 3838 862 3906 ad
882 3831 978 3906 bunc
996 3845 1134 3902 coetum
1150 3853 1393 3920 aggregemus:
1420 3831 1502 3901 idco
1526 3829 1582 3900 di·
1634 3830 1804 3908 potestate
1825 3817 2148 3909 interpretationis,
2175 3839 2218 3910 ¹et
2237 3827 2398 3898 munitus
2422 3831 2540 3898 suiset
2557 3847 2597 3893 re·

595 3963 694 4019 ctum
718 3955 791 4022 est,
823 3937 867 4008 ln
891 3933 958 4006 hoe
972 3946 1075 4004 coetu
1089 3923 1205 4004 Deum
1226 3934 1400 4002 efficacem
1423 3956 1498 4004 esse
1522 3955 1584 4025 per
1632 3942 1717 4009 gum
1740 3921 1964 3994 exercitibus.

598 4043 856 4122 ministerium,
879 4039 930 4108 ibi
947 4037 1042 4108 enim
1056 4048 1315 4134 conaertnutur
1330 4035 1444 4109 electi.
1734 4051 1896 4142 Sciamus
1926 4057 2037 4151 igitur
2059 4077 2239 4135 mmm
2268 4069 2424 4160 speciem
2452 4063 2599 4142 Ecdeme

698 4161 773 4234 sca
798 4161 838 4228 in
860 4153 929 4227 bac
949 4154 1022 4225 vits
1049 4166 1169 4224 manet
1200 4148 1287 4228 baec
1310 4153 1585 4236 dissimilitudo,
1634 4155 1842 4229 dissimilem
1858 4183 1931 4230 esse
1947 4161 2106 4255 imperiis
2121 4165 2287 4257 politicis.
2314 4167 2395 4243 Etsi
2412 4171 2526 4264 aliquo
2539 4191 2598 4235 mo·

599 4259 812 4367 quod·mixti
826 4272 910 4330 sunt
924 4255 1043 4327 electis
1061 4255 1099 4323 in
1117 4267 1260 4324 externa
1283 4254 1451 4326 societate
1472 4255 1585 4348 aliqui
1635 4265 1681 4331 do
1707 4259 1833 4328 similis
1855 4274 1907 4332 cst
1929 4263 2008 4354 piae
2032 4261 2192 4350 scholae,
2220 4285 2254 4342 et
2273 4287 2391 4344 [amm
2416 4297 2533 4343 ,emm
2554 4281 2598 4344 „q

600 4397 676 4444 ⁰⁰¹¹
698 4366 800 4438 ‘imi
815 4375 850 4432 ‘²
875 4357 1099 4454 hlP⁰⁶ll¹⁸02
1124 4355 1188 4450 ‘lui
1213 4380 1287 4425 ¹¹⁰⁰
1309 4355 1585 4438 ⁸³¹¹⁰lffi⁰³¹1fflb
1635 4356 1885 4433 Monarchiam
1900 4385 1962 4434 seu
1978 4389 2126 4457 regnum
2144 4370 2182 4452 in
2199 4365 2267 4444 hoe
2282 4372 2419 4444 visibili
2436 4388 2531 4445 coetu
2544 4391 2598 4440 esse
2642 4385 2643 4390 ’

601 4489 644 4549 ut
664 4463 796 4542 Martb
821 4463 880 4538 15.
905 4458 1073 4532 debonis
1097 4472 1132 4529 et
1154 4456 1584 4547 malispiscibusdicitur.
1636 4463 1882 4545 invisibiliter,
1919 4466 2143 4557 itascilicet,
2177 4473 2260 4566 quis
2283 4471 2381 4548 filius
2406 4477 2474 4548 Dei
2495 4468 2597 4544 {abac

599 4570 833 4651 Removenda
854 4576 939 4638 sunt
964 4561 1073 4651 igitur
1096 4557 1411 4652 Anabaptistarum
1437 4561 1588 4648 somnia,
1637 4582 1739 4636 coetu
1755 4566 1937 4638 verissime
1952 4571 2063 4652 adest,
2086 4587 2121 4644 st
2140 4599 2223 4646 vers
2239 4591 2292 4650 est
2307 4601 2366 4648 res
2383 4592 2420 4650 et
2436 4590 2596 4671 capulus·
2642 4645 2643 4648 ,

601 4679 664 4772 qni
681 4671 876 4748 Ecclesiam
901 4661 1116 4738 constituere
1138 4663 1324 4750 volebant,
1340 4661 1387 4768 iu
1409 4687 1481 4757 qua
1507 4676 1587 4733 tan·
1628 4668 1818 4753 dentium,
1839 4693 1936 4763 ¹quos
1951 4674 2041 4764 regit
2061 4698 2126 4746 sno
2152 4680 2261 4749 verbo
2281 4693 2317 4751 et
2330 4679 2472 4772 Spiritu
2489 4687 2597 4760 sancto,

598 4797 677 4856 turn
701 4774 815 4847 uncti
838 4780 965 4841 essent·
1638 4783 1673 4841 ct
1686 4769 1849 4860 adiungit
1863 4785 2008 4845 aeterno
2021 4777 2132 4867 patri,
2158 4777 2597 4872 sicutpres.1.seriptun
2642 4797 2643 4830 ι

705 4891 754 4967 Et
768 4891 853 4986 quia
873 4889 918 4958 de
938 4882 1075 4956 visibili
1096 4894 1194 4956 coetu
1218 4880 1419 4975 loquimur,
1445 4897 1588 4954 externa
1638 4883 1706 4944 esi:
1730 4872 1862 4944 Omnis
1877 4875 2110 4950 subtacitam
2127 4885 2233 4969 pedes
2250 4885 2343 4968 eins,
2373 4899 2410 4956 et
2424 4885 2532 4977 ipsum
2550 4879 2596 4946 de-
2642 4891 2643 4978 t

604 5001 705 5092 signs
719 4988 978 5067 consideranda
991 4997 1096 5069 sunt,
1127 4984 1289 5054 videlicet
1302 4984 1439 5074 puritas
1454 4987 1589 5056 doctri·
1639 4974 1694 5044 dit
1707 4987 1814 5064 capnt
1829 4996 1936 5066 super
1954 4981 2074 5050 omnia
2088 4978 2283 5071 Ecclesiae,
2310 5010 2404 5078 quas
2424 4999 2473 5056 est
2495 4995 2597 5066 corpus
2642 4981 2643 5014 ι

602 5128 690 5183 nae,
724 5111 760 5169 et
781 5093 959 5185 legitimos
979 5111 1065 5159 usus
1089 5084 1411 5159 sacramentorum.
1439 5117 1443 5125 ·
1472 5086 1589 5159 luter.
1639 5075 1733 5154 eius,
1781 5081 2005 5168 congregatio
2038 5083 2173 5174 integra
2197 5087 2412 5180 perficienti,
2438 5085 2547 5159 omni,
2568 5079 2595 5144 in
2642 5139 2643 5146 p

602 5211 689 5278 dum
705 5213 823 5273 antem
837 5207 1030 5266 etestsrna
1047 5187 1217 5261 miracula
1232 5183 1329 5257 Deus
1345 5187 1456 5258 addit.
1639 5177 1816 5248 omnibus
1869 5177 1929 5250 Sic
1946 5183 2031 5256 dicit
2043 5186 2118 5276 ipse
2133 5185 2263 5265 March.
2282 5189 2356 5260 18.:
2396 5185 2474 5277 Ego
2489 5187 2522 5256 i„
2537 5199 2595 5252 m.

702 5319 781 5395 lissi
812 5328 931 5386 autem
961 5309 1145 5402 loquimur
1171 5308 1216 5376 de
1244 5304 1380 5376 visibili
1409 5303 1589 5389 Ecclesia,
1639 5279 1700 5348 ⁶5⁰
1726 5301 1851 5350 ‘mm
1873 5303 1965 5399 urm.
2018 5283 2377 5370 ltem,lobsn,17.s
2413 5289 2488 5380 Ego
2503 5290 2534 5354 in
2550 5281 2592 5350 eis

600 5441 722 5497 tamen
752 5415 965 5492 removenda
991 5423 1044 5480 est
1068 5407 1273 5497 imaginatio
1305 5422 1339 5479 et
1365 5404 1588 5503 κακοζηλία,
1639 5377 1770 5452 milm-
1786 5383 1839 5454 ΞΛ
1872 5379 1951 5503 lietu
1970 5399 2086 5458 sutem
2103 5394 2282 5466 constituo
2297 5415 2415 5485 regern
2433 5413 2538 5462 menn
2551 5405 2593 5452 so·

603 5549 694 5622 qssss
715 5521 944 5594 transformat
954 5511 1150 5584 Ecclesiam
1164 5509 1210 5580 in
1232 5531 1381 5598 regnum
1403 5511 1587 5601 politicum
1638 5505 1701 5575 l)er
1725 5494 1883 5556 “mntem
1909 5484 2013 5558 2¹0¹!-

602 5653 666 5698 seu
684 5627 927 5697 mundanum,
957 5615 1060 5684 tuin·
1074 5611 1219 5704 propria
1233 5608 1322 5686 lssec
1343 5624 1442 5681 sunt:
1480 5613 1588 5702 Leges
1739 5613 1894 5686 Externa
1919 5643 2003 5692 vcro
2022 5625 2154 5714 species
2176 5625 2423 5700 ministrorum
2442 5611 2592 5708 Evangelii
2642 5633 2643 5656 ¹

591 5735 646 5800 de
667 5730 782 5800 forma
804 5715 1072 5814 gubernationis
1091 5715 1131 5784 in
1154 5711 1333 5794 moribus,
1366 5713 1527 5796 iudiciis,
1555 5729 1589 5786 ιι
1640 5729 1674 5786 et
1698 5718 1904 5788 auditarum
1927 5735 1980 5794 est
2003 5723 2124 5818 aliquo
2150 5729 2257 5798 modo
2278 5731 2408 5800 similis
2428 5729 2593 5800 Aristeus·

601 5833 707 5904 certis
722 5827 870 5909 ritibus,
889 5819 1018 5891 ordine
1031 5838 1282 5910 personarum,
1305 5815 1486 5906 locorum,
1511 5813 1588 5892 tter
1640 5817 1724 5904 tiae,
1752 5821 1813 5891 sed
1830 5821 1970 5912 alligata
1985 5822 2200 5917 Evangelio,
2226 5845 2261 5904 et
2275 5831 2351 5901 sins
2368 5841 2531 5925 potestate
2544 5842 2590 5914 po·
