5825 6950
588 645 667 724 au
1058 660 1062 668 ·
1197 623 1707 712 nonnumquam
1730 602 2035 712 uxuou'um.
2516 653 2564 732 ,ω

593 825 710 910 lacus,
734 817 779 891 de
793 801 1101 899 voeabnlob'idei,
1125 801 1213 884 item
1229 809 1275 882 de
1288 807 1462 882 vocabulo
1477 806 1587 883 lusti·
1640 805 1776 906 inquit:
1818 805 1894 882 Lex
1915 819 1969 884 est
1989 803 2105 904 posita
2130 807 2291 886 iniustis:
2327 807 2488 914 Ae'punit
2503 820 2566 906 llam

594 923 790 1009 litationis,
814 934 849 992 ct
863 930 938 992 tota
952 916 1011 988 via
1027 917 1204 988 deerrant.
1260 909 1428 1006 Disputat
1446 937 1588 986 mecum
1639 913 1814 986 violantes
1835 912 2066 1006 diciplinam,
2090 928 2132 988 nt
2153 910 2317 990 homines
2333 924 2493 1013 periuros,
2510 953 2565 1004 aaa
2610 911 2611 968 ἶ

597 1045 632 1104 et
654 1029 745 1100 alius
761 1021 956 1120 quispiam,
981 1019 1083 1090 cuins
1104 1017 1145 1088 in
1160 1013 1362 1108 Republica
1385 1038 1513 1108 magna
1536 1027 1589 1086 est
1640 1017 1827 1088 tumeliose
1850 1016 2037 1112 loquentes
2063 1019 2108 1089 de
2123 1016 2221 1108 Deo,
2252 1022 2442 1112 seditiosos,
2463 1024 2565 1104 bonici.
2610 1089 2611 1100 ,

596 1131 787 1212 autoritas,
813 1148 860 1195 an
876 1122 985 1194 Fides
1006 1120 1177 1211 significet
1197 1118 1364 1188 fiduciam
1386 1118 1591 1190 misericor·
1642 1123 1724 1206 das,
1746 1114 1934 1206 moechos,
1953 1121 2068 1205 iures,
2091 1123 2288 1194 mendaces.
2344 1124 2464 1200 Verum
2476 1145 2567 1206 estao-
2610 1107 2611 1198 ζ

598 1236 690 1309 diae.
764 1227 857 1319 Quis
891 1248 966 1296 non
995 1224 1158 1315 deploret
1187 1217 1366 1292 Ecclesiae
1405 1220 1592 1294 tenebrosi
1642 1235 1712 1293 tem
1734 1223 1830 1316 quod
1852 1221 1970 1315 inquit
1985 1223 2212 1296 Acistoteles:
2243 1224 2315 1296 Nec
2335 1225 2507 1321 Hesperum
2528 1259 2567 1308 uec
2610 1289 2611 1302 2

599 1337 718 1409 Tanta
741 1332 811 1404 fuit
826 1326 1085 1420 Episcopomm
1107 1338 1141 1396 et
1162 1325 1367 1395 docentium
1389 1324 1530 1396 incuria
1551 1347 1592 1394 ac
1641 1323 1846 1395 Luciferum
1861 1325 2109 1397 formosiorem
2133 1349 2207 1398 esse
2221 1328 2376 1416 iusticia,
2400 1330 2508 1419 idest,
2526 1333 2568 1407 ho

601 1436 786 1525 socordia,
805 1446 848 1504 ut
863 1431 1006 1500 illarum
1022 1449 1171 1511 vocum,
1196 1449 1283 1518 quas
1299 1427 1459 1521 quotidie
1475 1427 1514 1496 in
1531 1449 1593 1497 ore
1642 1441 1741 1498 nesta
1766 1425 1967 1518 disciplina.
2031 1423 2097 1499 Est
2118 1429 2215 1500 enim
2237 1432 2409 1521 egregium
2430 1457 2568 1508 omaneo·
2610 1493 2611 1496 ,

604 1537 803 1616 habebant,
832 1531 1105 1624 significationes
1138 1528 1446 1605 obliviscerentur.
1506 1527 1593 1601 Mu·
1642 1542 1719 1600 tum
1743 1524 1918 1609 hominis,
1952 1553 2018 1600 nec
2041 1531 2137 1602 aliud
2164 1535 2395 1624 praestantius
2417 1539 2506 1607 decus
2523 1541 2568 1608 ell-
2610 1593 2611 1600 ,

511 1663 517 1671 ’
601 1643 685 1716 tatis
709 1653 829 1711 autem
854 1657 973 1705 rernm
998 1632 1114 1716 notis,
1140 1630 1246 1700 etiam
1263 1654 1319 1702 res
1334 1634 1483 1704 amissae
1498 1643 1594 1716 sunt,
1644 1653 1723 1702 cere
1742 1625 1830 1700 haec
1854 1631 1995 1702 infirma
2019 1648 2146 1708 natura
2171 1629 2328 1704 hominis
2355 1650 2467 1728 potest.
2525 1637 2567 1710 sa

602 1759 638 1816 et
664 1754 781 1815 secuta
804 1750 888 1809 sunt
909 1734 1036 1806 deliria
1058 1733 1282 1825 multiplicia.
1334 1733 1450 1805 Video
1476 1749 1592 1805 autem
1644 1747 1764 1804 tamen
1778 1733 1960 1803 sciendum
1978 1747 2039 1815 est,
2058 1731 2151 1805 hanc
2166 1737 2387 1829 disciplinam
2402 1763 2568 1834 nequaquan

603 1859 640 1919 et
663 1867 760 1916 nune
788 1838 919 1911 exoriri
934 1837 1056 1910 multa
1088 1859 1197 1928 prava
1223 1836 1384 1928 ingenia,
1426 1861 1516 1932 quae
1537 1837 1595 1906 vel
1645 1836 1843 1907 satisfacere
1866 1836 1954 1925 legi,
1988 1839 2050 1905 scd
2076 1861 2150 1908 esse
2181 1851 2323 1909 tenuem
2345 1843 2502 1934 quandam
2522 1865 2570 1910 un-
2610 1825 2611 1830 ἵ

606 1960 753 2043 propter
771 1941 1033 2028 curiositatem,
1056 1939 1112 2006 vel
1130 1949 1275 2030 propter
1288 1940 1535 2026 ambitionem,
1556 1961 1595 2010 en
1645 1940 1746 2010 brarn
1768 1938 1873 2028 legis,
1900 1938 1990 2009 sicut
2008 1935 2141 2012 Paulus
2166 1941 2309 2012 erudite
2334 1942 2429 2013 docet
2448 1940 2570 2017 acuat
2605 1981 2611 2002 2

606 2071 809 2146 quaenunc
826 2045 866 2113 in
878 2039 1047 2114 Ecclesiis
1065 2041 1197 2112 nostris
1217 2043 1536 2127 redeundumne,
1562 2055 1596 2112 et
1645 2063 1726 2112 cum
1750 2041 1818 2112 ait:
1853 2040 2003 2112 ludaeos
2027 2041 2157 2112 intueri
2175 2041 2303 2113 Mosen
2330 2045 2436 2115 velata
2453 2045 2570 2131 laciali

607 2152 743 2252 optima
764 2149 832 2218 lide
855 2170 895 2216 ac
917 2143 1124 2237 simpliciter
1146 2143 1317 2234 explicata
1336 2159 1438 2230 sunt,
1472 2166 1595 2215 rursus
1647 2154 1697 2212 est
1705 2193 1717 2228 ,
1743 2165 1817 2211 non
1835 2145 1995 2235 perfusos
2012 2166 2087 2213 esse
2102 2144 2239 2236 fulgore
2256 2146 2360 2236 legis,
2385 2141 2509 2228 hocest,
2526 2169 2571 2215 non
2608 2197 2609 2234 ,

607 2255 712 2326 novis
726 2248 922 2344 praestigiis
938 2245 1149 2318 conturbare
1163 2258 1198 2317 et
1217 2247 1370 2316 obruere
1393 2248 1597 2320 studebunt.
1647 2248 1764 2314 lucere
1781 2247 1818 2313 in
1837 2246 1887 2314 eis
1908 2244 2076 2316 noticiam
2095 2244 2181 2328 Dei,
2207 2261 2243 2318 et
2258 2248 2439 2341 perfectam
2452 2247 2571 2318 obedien·

607 2357 730 2448 Quare
760 2364 905 2446 propter
926 2343 1109 2419 Christum
1142 2370 1206 2419 oro
1235 2359 1270 2418 et
1295 2349 1453 2420 obtestor
1473 2371 1596 2420 omnes
1646 2346 1750 2431 tiam,
1775 2349 1835 2416 sed
1856 2362 1997 2418 externa
2019 2371 2125 2439 opera
2149 2350 2407 2444 qualiacunque
2426 2350 2508 2421 effici.
2542 2345 2571 2418 lt

609 2460 707 2555 pios,
736 2457 797 2551 qui
815 2455 854 2523 in
869 2451 996 2526 studiis
1009 2462 1213 2531 versantur,
1233 2462 1274 2520 ut
1290 2450 1485 2544 simplicem
1501 2451 1598 2522 veri·
1648 2450 1702 2518 lex
1720 2445 1787 2519 Dei
1810 2450 1964 2541 flagitat,
1988 2473 2064 2520 non
2085 2463 2224 2523 tantum
2247 2467 2389 2524 externa
2410 2475 2511 2546 opera,
2533 2447 2570 2518 ud

605 2575 713 2633 tatem
727 2550 939 2650 patefactam
949 2554 989 2622 in
1003 2547 1171 2622 Ecclesiis
1187 2551 1318 2624 nostris
1335 2567 1455 2626 ament
1476 2577 1517 2626 ac
1537 2567 1598 2624 tu·-
1648 2552 1837 2643 perlectam
1872 2553 2123 2628 obedientiam.
2189 2551 2312 2626 Facile
2342 2554 2444 2645 igitur
2469 2550 2572 2639 intelligi

607 2675 753 2746 eantur,
784 2679 893 2754 quarn
920 2655 1085 2750 quidem,
1121 2668 1296 2748 qnantum
1320 2679 1483 2748 possum,
1513 2655 1598 2727 illu·
1648 2667 1761 2746 potest
1780 2654 1960 2724 neminem
1989 2677 2063 2724 esse
2086 2659 2219 2726 iustum
2243 2681 2363 2728 coram
2384 2653 2468 2746 Deo,
2489 2655 2569 2734 idest,

606 2779 719 2834 strare
735 2775 771 2832 et
787 2758 928 2832 munire
943 2757 1064 2849 cupio,
1083 2768 1125 2827 ut
1141 2756 1184 2826 ad
1202 2769 1360 2847 posteros
1374 2773 1599 2852 propagetur.
1647 2768 1828 2847 acceptum
1860 2769 2004 2848 propter
2029 2757 2254 2849 disciplinam
2289 2774 2478 2841 externam,
2511 2755 2572 2822 sicot

607 2865 700 2956 Cum
722 2876 839 2935 autem
865 2872 1112 2952 argumentum
1134 2853 1317 2952 Epistolae
1344 2863 1389 2930 ad
1413 2857 1598 2933 Romanos
1647 2858 1739 2928 clare
1755 2858 1873 2952 inquit
1891 2856 2040 2930 Paulus:
2064 2856 2120 2930 Ex
2137 2861 2308 2952 operibns
2327 2861 2410 2950 legis
2430 2881 2491 2928 non
2506 2853 2573 2924 iusti·

608 2981 790 3060 utcunque
822 2961 1064 3037 recitaverim,
1105 2971 1139 3031 et
1178 2963 1350 3055 quaedam
1385 2963 1431 3032 de
1470 2985 1597 3034 vocum
1648 2959 1812 3032 ficabitur
1826 2961 1944 3031 omnis
1958 2985 2060 3036 caro.¹
2106 2961 2146 3032 ld
2161 2963 2301 3034 dictum
2323 2957 2468 3034 detrahit
2479 2959 2572 3030 lauden
2604 2957 2611 3050 p

611 3068 869 3161 significatione
884 3062 1106 3134 observanda
1120 3063 1385 3151 admonuerim,
1410 3063 1525 3137 visum
1547 3078 1600 3136 est
1647 3061 1908 3156 iustificationis
1933 3086 2008 3133 non
2029 3076 2169 3135 tanturn
2190 3065 2417 3150 ceremoniis,
2440 3058 2572 3132 sedetiam
2610 3107 2611 3114 κ

610 3173 765 3244 adiicere
794 3163 1122 3259 interpretationem
1151 3166 1406 3237 vocabulomm
1435 3189 1597 3263 quorun·
1647 3165 1843 3234 moralibus
1857 3164 2036 3258 operibus,
2058 3189 2100 3238 ac
2115 3166 2277 3262 loquitur
2292 3169 2337 3238 de
2351 3161 2573 3254 totadisciplin.

610 3277 716 3359 dam,
743 3286 776 3342 et
794 3272 966 3360 integram
983 3268 1259 3338 controversiam
1278 3292 1452 3363 exponere
1475 3270 1519 3340 dc
1542 3270 1598 3340 iu·
1647 3263 1760 3337 Porro
1775 3268 1819 3337 de
1835 3262 1900 3338 hac
1915 3281 2058 3339 externa
2073 3267 2272 3360 disciplina,
2291 3273 2336 3341 de
2351 3257 2574 3340 illavelatallui
2609 3317 2611 3334 ,

611 3375 833 3448 stificatione.
874 3367 966 3440 Nam
984 3365 1073 3440 haec
1086 3361 1341 3468 προλεγόμενα
1356 3371 1493 3466 aliquid
1509 3372 1599 3442 lucis
1647 3370 1748 3452 facie,
1765 3364 1992 3461 philosophia
2008 3384 2043 3441 et
2057 3373 2150 3462 leges
2160 3367 2339 3442 hnmanae
2351 3372 2519 3442 disserunt:
2530 3381 2573 3430 noo
2601 3388 2611 3452 ῖς

610 3480 743 3549 addent
759 3487 980 3566 argumento.
1030 3465 1079 3543 Et
1102 3494 1183 3541 cnm
1199 3474 1311 3544 lector
1328 3486 1440 3547 totam
1456 3496 1598 3545 causam
1649 3486 1825 3568 quaerunt
1845 3475 2025 3567 quomodo
2050 3497 2169 3545 coram
2185 3471 2262 3547 Deo
2287 3472 2388 3560 iusti,
2417 3474 2449 3543 id
2470 3484 2525 3553 est,
2542 3486 2574 3533 at·
2610 3521 2611 3558 3

610 3578 853 3654 simulanirno
877 3573 1081 3667 complexus
1099 3572 1225 3659 luerit,
1250 3575 1390 3646 facilius
1412 3576 1600 3669 perspiciet
1650 3574 1741 3665 cepti
1763 3574 1886 3649 simus.
1937 3574 2011 3646 Nec
2031 3578 2353 3648 comminiscendae
2374 3568 2573 3647 suntPhiluo
2610 3622 2611 3659 3

609 3705 752 3767 veram,
773 3680 911 3751 bamam
934 3690 969 3747 et
992 3674 1223 3745 necessariam
1244 3674 1422 3748 Ecclesiae
1442 3698 1533 3749 esse:
1560 3702 1600 3749 ac
1651 3672 1805 3767 phorum
1822 3679 2018 3751 sentcntiae
2035 3702 2115 3748 cum
2134 3678 2298 3757 Paulina.
2338 3680 2574 3750 Tribuatorsout
2610 3723 2611 3759 5

612 3784 872 3856 animadvertet
886 3776 1035 3864 rectius,
1059 3777 1240 3871 quomodo
1256 3777 1295 3847 in
1312 3776 1426 3851 Paulo
1441 3781 1600 3851 membra
1651 3779 1750 3849 locus
1765 3772 1850 3849 huie
1868 3780 2003 3849 carnali
2018 3780 2197 3867 iustitiae,
2223 3778 2293 3855 boc
2311 3795 2380 3867 est,
2404 3780 2575 3851 coercemus
2610 3838 2611 3859 ,

611 3882 863 3977 disputationis
878 3873 1109 3964 cohaereant,
1134 3903 1215 3950 cum
1237 3880 1336 3974 prins
1359 3882 1461 3978 quasi
1484 3882 1599 3953 ideam
1652 3880 1750 3971 impii
1768 3876 1834 3950 hac
1850 3880 2047 3973 disciplina,
2067 3896 2240 3972 vagentur
2255 3878 2459 3974 Philosophi
2473 3878 2575 3947 taccu
2601 3927 2611 3960 ‚a

611 3986 763 4061 aedilicii
778 3985 817 4055 in
832 3994 953 4054 mente
967 3980 1181 4073 conceperit.
1652 3984 1794 4073 populi,
1821 3997 1856 4054 et
1880 3985 2027 4053 velatam
2044 3980 2139 4054 Mosi
2162 3986 2287 4058 faciem
2313 3988 2516 4061 intueantur,
2533 3990 2575 4041 nu
2604 3974 2605 4007 ³

711 4089 720 4103 ’
1649 4088 1842 4156 ascendant
1860 4085 1898 4153 in
1915 4098 2070 4155 montem
2087 4088 2132 4156 ad
2148 4084 2276 4163 Deum.
2329 4070 2575 4159 Maneantinla

1649 4188 1753 4260 turba
1770 4200 1803 4259 et
1818 4182 1994 4277 Origenes
2009 4202 2041 4260 et
2057 4189 2185 4259 caeteri
2198 4190 2261 4284 qui
2277 4214 2359 4263 eum
2372 4199 2548 4283 sequuntur,
2559 4180 2578 4239 tl
2608 4232 2611 4268 a,

1631 4289 1798 4361 'velatam
1817 4288 1912 4359 Mosi
1936 4291 2060 4360 faciem
2084 4290 2308 4379 intueantur,
2330 4316 2408 4363 cum
2430 4310 2493 4358 nou
2511 4277 2576 4351 alian
2610 4328 2611 4369 2

1652 4390 1838 4478 iusticiam,
1854 4392 1924 4460 nisi
1941 4394 2118 4464 carnalem
2129 4395 2290 4471 doceant.
2316 4394 2404 4468 Cum
2419 4374 2576 4482 igiturralit
2608 4430 2611 4445 η,

709 4492 867 4571 Conatus
882 4516 961 4567 sum
978 4490 1066 4563 alibi
1079 4490 1118 4562 in
1131 4490 1221 4562 locis
1234 4495 1484 4567 communibus
1500 4491 1601 4568 theo·
1652 4516 1725 4563 non
1744 4495 1880 4579 videat,
1901 4497 2081 4589 quomodo
2097 4520 2215 4566 coeam
2225 4494 2303 4568 Deo
2321 4497 2403 4567 iusti
2418 4498 2576 4583 reputemur,
2601 4555 2605 4564 ,

615 4598 757 4691 logicis,
781 4610 914 4695 quanta
930 4594 1031 4689 potui
1048 4592 1273 4686 simplicitate
1290 4605 1324 4664 et
1340 4598 1601 4690 perspicuitate,
1651 4592 1869 4686 Evangelum
1887 4598 2066 4687 praedicat
2082 4598 2188 4668 aliam
2204 4598 2395 4685 iusticiam,
2419 4618 2483 4666 nou
2498 4597 2576 4656 notul
2610 4634 2611 4663 i

615 4701 815 4773 doctrinam
838 4700 883 4769 de
907 4696 1175 4781 iustificatione,
1207 4697 1373 4767 traditam
1400 4698 1601 4794 inscriptis
1651 4698 1801 4783 rationi,
1829 4700 1889 4768 sed
1905 4696 2070 4771 Patribus
2094 4701 2286 4772 revelatam
2303 4724 2322 4772 a
2338 4696 2432 4783 Deo,
2455 4708 2484 4765 et
2500 4696 2576 4782 posta
2605 4715 2611 4784 χ,

613 4801 830 4896 propheticis
849 4815 885 4872 ct
909 4797 1130 4891 apostolicis,
1162 4797 1353 4889 explicare:
1387 4798 1512 4897 Neque
1543 4800 1600 4875 hie
1651 4822 1714 4891 per
1746 4796 1942 4892 Prophetas
1969 4801 2081 4891 magis
2110 4802 2292 4895 magisque
2320 4802 2528 4896 patefactam,
2554 4800 2576 4848 ³⁶
2604 4789 2611 4874 ξ

611 4903 681 4976 alia
705 4902 832 4974 dicam.
884 4898 1138 4994 sedquoniam
1155 4900 1298 4991 propria
1317 4916 1369 4975 est
1386 4898 1495 4975 huius
1510 4900 1599 4998 Epi·
1648 4904 1791 4972 tandem
1816 4925 1880 4995 per
1911 4897 2094 4974 Christum
2127 4917 2162 4974 et
2191 4900 2382 4996 Apostolos
2408 4914 2536 4993 sparsam
2555 4882 2576 4999 {¹¹
2602 4879 2609 4994 Ι

611 5005 722 5076 stolae
743 5001 915 5078 Paulinae
938 4996 1026 5071 haec
1045 4999 1216 5087 materia,
1252 5018 1408 5094 repetam
1438 5030 1495 5075 res
1521 5030 1596 5078 eas·
1648 5006 1835 5076 mundum.
1886 5002 2137 5075 ldeoloannes
2154 5007 2288 5100 inquit:
2315 5004 2529 5076 Deumnemv
2546 5008 2577 5051 u·

611 5108 705 5192 dem,
728 5120 763 5179 et
776 5102 934 5177 fortassis
949 5102 1080 5172 alicubi
1095 5102 1232 5195 aliquid
1248 5106 1364 5177 dicam
1379 5110 1497 5179 verbis
1513 5110 1611 5208 pla-¹
1646 5104 1699 5175 dit
1715 5130 1891 5201 unquam:
1919 5107 1978 5176 sed
1998 5108 2092 5179 filius
2111 5106 2173 5177 Dei
2183 5158 2193 5187 ,
2214 5109 2274 5201 qui
2294 5122 2346 5178 est
2363 5108 2399 5176 in
2414 5104 2486 5175 sinu
2500 5084 2577 5189 palii
2607 5113 2609 5145 ³

612 5209 787 5283 nioribos.
845 5205 952 5295 Apud
970 5198 1207 5296 Philosophus
1226 5205 1364 5279 iusticia
1385 5210 1597 5279 universalis
1647 5204 1721 5297 ipse
1737 5210 1915 5281 enarravit
1931 5209 2053 5295 nobis,
2079 5211 2180 5304 quasi
2203 5212 2313 5283 dicat:
2349 5208 2444 5279 Hanc
2461 5198 2577 5271 volunta·

611 5324 761 5384 vocatur
779 5307 979 5380 obedientia
999 5305 1095 5379 iuxta
1121 5330 1244 5377 omnes
1265 5310 1434 5394 virtutes,
1472 5313 1508 5382 id
1534 5325 1596 5394 est,
1646 5322 1716 5380 tem
1740 5307 1827 5397 Dei,
1862 5314 1957 5404 qnod
1980 5306 2078 5382 Deus
2102 5312 2211 5401 gratis
2242 5313 2326 5383 velit
2358 5312 2532 5401 ignoscere,
2558 5296 2577 5355 tl

610 5428 754 5485 externa
771 5410 956 5501 disciplina
982 5401 1150 5493 honesta,
1176 5433 1282 5502 quam
1297 5407 1492 5481 homosnis
1508 5414 1594 5483 viri·
1644 5413 1728 5481 dare
1752 5412 1861 5482 vitam
1886 5425 2063 5482 aeternam
2087 5428 2232 5506 propter
2253 5414 2383 5497 filium,
2408 5406 2496 5480 nulla
2514 5412 2576 5467 crete

528 5564 537 5581 .
608 5516 676 5585 bus
700 5514 835 5584 efficere
852 5523 978 5603 potest.
1028 5506 1132 5579 Hanc
1155 5525 1188 5580 et
1210 5508 1342 5583 Paulus
1368 5528 1470 5585 vocat
1490 5515 1592 5586 iusti·
1641 5525 1743 5598 tura,
1783 5514 1882 5584 nulla
1906 5514 1996 5586 ratio
2020 5508 2175 5585 humana
2204 5510 2461 5607 deprehendere
2486 5492 2575 5601 potuit:

606 5616 697 5686 ciam
719 5614 823 5703 legis,
855 5638 894 5683 ac
920 5608 1094 5682 iusticiam
1118 5636 1277 5703 operum.
1335 5612 1447 5706 Saepe
1473 5631 1590 5687 autem
1640 5616 1699 5684 sed
1726 5629 1863 5687 tantum
1894 5641 1957 5707 per
1984 5616 2120 5687 Filium
2149 5614 2234 5688 haec
2263 5620 2423 5686 voluntas
2453 5601 2574 5701 paratas

602 5717 756 5790 diximus
778 5714 892 5786 Deum
914 5712 1112 5806 postulare,
1156 5727 1195 5784 ut
1228 5726 1370 5785 externa
1396 5719 1584 5809 dis'cipliua
1637 5729 1700 5787 est.
1760 5716 1815 5789 De
1843 5714 1911 5788 boc
1946 5719 2158 5791 admirando
2191 5719 2360 5790 beneficio
2393 5712 2574 5785 coueiouattr

604 5832 752 5910 noneste
766 5823 993 5890 coerceantur
1007 5836 1130 5885 omnes
1145 5808 1324 5905 homines,
1348 5820 1439 5894 sicut
1453 5818 1588 5893 Paulus
1637 5814 1769 5892 Paulus
1777 5874 1789 5909 ‚
1823 5822 1919 5916 quod
1945 5845 2118 5914 exponam
2143 5822 2309 5894 breviter.
2370 5816 2433 5891 Est
2455 5826 2483 5883 et
2502 5794 2573 5875 Chri·

612 4152 802 4229 Summa
842 4146 1095 4223 doetrinae
1133 4146 1183 4223 iss
1219 4142 1518 4246 propheticis
1557 4162 1600 4225 et

613 4254 900 4360 apostolicis
935 4249 1140 4351 scriptis
1177 4246 1393 4324 traditae
1433 4251 1488 4328 de
1527 4254 1601 4329 iu.

792 4354 1100 4457 stificatione
1129 4375 1287 4425 coram
1317 4350 1432 4431 Deo.
