5825 6950
353 696 433 770 sos
622 644 626 651 ’
750 645 1721 827 x11.uriann.tr10mevsnu.1osuurs
1771 704 2003 797 caumv.
2244 689 2272 707 ”
2321 738 2400 813 arn

348 872 572 945 doctrinam.
586 868 627 941 in
657 872 794 964 magnis
820 873 1007 947 doloribus
1028 878 1244 971 experientia
1263 880 1349 957 facit
1399 868 1548 964 hsbest,
1579 878 1819 953 dubitandum
1839 908 1914 959 esse
1937 891 1983 961 de
2006 892 2105 989 Deo,
2139 922 2206 975 nec
2227 904 2394 1001 intelligit

350 976 601 1048 mambrem,
1398 977 1588 1069 gratuitam
1605 982 1893 1073 promissionem,
1915 996 2159 1073 necbenelicia
2177 1001 2334 1097 Christi,
2352 1038 2394 1085 ac

455 1072 506 1151 Et
523 1076 652 1149 clarius
669 1076 920 1151 deseribuntur
933 1083 1037 1166 dona,
1053 1105 1133 1153 eum
1149 1099 1346 1159 venareum
1399 1096 1519 1153 manet
1534 1082 1573 1150 iu
1593 1077 1659 1154 har
1681 1087 1922 1178 dubitatione,
1948 1118 2022 1167 uon
2045 1103 2200 1179 admittit
2214 1108 2390 1203 Spiritum

348 1181 532 1273 spiritum
549 1168 725 1263 veritatis,
751 1180 875 1266 idest,
902 1206 1080 1267 veracem,
1106 1201 1141 1257 et
1158 1211 1277 1257 veram
1290 1212 1345 1259 aa.
1397 1196 1581 1271 sanctum,
1606 1186 1678 1256 imo
1695 1190 1865 1279 paulatim
1883 1194 1921 1263 iu
1943 1221 1984 1267 eo
2009 1206 2174 1277 tenebrae
2191 1214 2229 1283 'et
2250 1216 2390 1289 furores
2415 1254 2417 1267 ·

346 1286 545 1376 'pennam‘
570 1305 611 1351 ,c
626 1282 745 1351 ,mm
761 1284 956 1371 sufficiam,
988 1299 1025 1357 ,r
1045 1288 1155 1357 viram
1181 1290 1220 1359 in
1241 1294 1346 1363 nobis
1396 1300 1569 1360 creseunt.
1621 1286 1792 1360 Tenenda
1806 1310 1859 1368 est
1875 1311 1993 1371 auteur
2018 1298 2104 1377 haec
2124 1317 2297 1388 sententia
2323 1324 2389 1389 ad-

344 1387 572 1456 effidemem·
625 1382 1352 1485 Namcum,udgmusssvanggttumstpaa
1397 1410 1518 1459 versus
1543 1386 1770 1478 Pelagianos,
1816 1397 1878 1490 qui
1908 1400 2086 1479 finxerunt
2119 1406 2282 1488 homines
2308 1422 2387 1493 siue

346 1502 468 1559 movet
492 1499 651 1570 ruentes,
681 1500 722 1557 ut
744 1489 999 1575 assentiantur,
1034 1503 1069 1562 et
1094 1495 1344 1582 cogitationem
1395 1487 1536 1580 Spiritu
1560 1506 1699 1575 saneto,
1738 1495 1845 1565 bonis
1865 1504 2031 1593 operibus
2054 1518 2184 1585 mereri
2207 1522 2387 1599 remissio·

353 1591 457 1679 reg-'q’
482 1605 520 1662 a
534 1589 700 1673 adiuvat,
733 1592 952 1673 magma,
987 1594 1048 1663 ,gd
1065 1611 1343 1669 ammaum..
1395 1614 1477 1659 nem
1503 1607 1743 1682 peccatorum,
1777 1612 1810 1670 et
1833 1600 1943 1691 legero
1967 1608 2037 1677 Dei
2059 1614 2173 1688 faeere
2196 1644 2316 1712 posse,
2351 1640 2387 1699 et

356 1696 436 1766 fiam
458 1691 651 1781 Evangelii
674 1692 822 1772 videat„
849 1707 884 1763 ,g
912 1696 951 1763 5„
973 1694 1156 1767 voluntate
1183 1698 1344 1769 flammas
1394 1686 1451 1761 his
1466 1694 1633 1783 operibus
1649 1721 1765 1769 coram
1770 1700 1861 1793 ,Deo
1879 1704 1989 1779 iustos
2004 1735 2088 1786 esse.
2141 1717 2237 1795 Haec
2261 1728 2385 1818 opinio

353 1796 516 1867 omnium
534 1796 706 1865 virtutum
723 1796 907 1880 exuscitet,
934 1792 999 1867 hac
1013 1798 1092 1867 luce
1113 1812 1148 1869 ot
1170 1795 1342 1871 hisssam-
1394 1794 1509 1864 allinis
1529 1810 1579 1867 est
1602 1792 1866 1892 philosophiae,
1899 1832 1938 1877 ac
1954 1808 2226 1895 Pharisaeorum
2252 1830 2386 1900 doetri-

350 1902 414 1969 πή,
435 1920 605 1980 mma,
643 1898 729 1965 fide,
752 1920 828 1967 non
850 1898 988 1971 ,ben-31
1011 1898 1145 1984 aneo,
1176 1905 1238 1971 aad
1261 1929 1342 1974 vara
1391 1920 1479 1982 nae,
1505 1899 1939 1979 etmultiMouachieam
1961 1918 2113 2005 amplexi
2134 1926 2301 2017 fuerunt,
2326 1933 2384 2001 ni-

346 2004 512 2084 infflm,‚
546 2014 582 2070 e,
597 1999 699 2070 affe„
722 1999 824 2069 iniq,
845 2001 938 2071 ,5230
957 2015 1138 2092 aeternas,
1170 2005 1260 2075 aiant
1283 2008 1339 2075 in.
1393 2000 1506 2069 mium
1523 2002 1774 2091 amplificantes
1790 2007 1941 2080 liberum
1957 2018 2163 2111 arbitrium,
2179 2042 2213 2099 et
2227 2033 2383 2105 obruen-

345 2106 424 2200 qnit
436 2099 623 2173 Christus:
647 2099 744 2171 Haec
758 2115 809 2171 est
825 2104 894 2172 vita
908 2119 1071 2187 aeterna,
1095 2118 1136 2176 ut
1149 2122 1342 2196 agnoscant
1393 2114 1444 2171 tes
1459 2098 1647 2193 Evangelii
1664 2108 1862 2179 doctrinam
1877 2116 1921 2183 de
1935 2118 2114 2195 beneficiis
2129 2124 2274 2206 Christi.

343 2226 378 2281 te
396 2230 524 2277 mum
533 2203 663 2291 Deum,
681 2216 716 2273 ,g
729 2228 833 2299 quem
850 2206 979 2278 „;„„;
995 2230 1118 2276 mum
1133 2230 1209 2278 „aa
1225 2206 1340 2281 latum
1495 2200 1694 2277 Execrandi
1709 2226 1792 2282 sunt
1807 2227 1923 2285 autem
1941 2214 1980 2289 hi
1996 2223 2152 2311 sorores,
2184 2256 2224 2305 ac
2240 2254 2382 2312 econtra

346 2308 543 2385 Christum.
557 2291 717 2378 'Retinet
733 2306 928 2399 etSpiritus
944 2326 1086 2380 sanctus
1100 2312 1282 2387 veritatem
1300 2314 1338 2381 in
1391 2308 1543 2376 tenenda
1567 2310 1729 2381 doctriua
1752 2314 1795 2382 de
1820 2319 1950 2405 gratia,
1988 2330 2084 2417 quod
2110 2350 2254 2427 propter
2275 2338 2384 2413 Chri·

351 2412 567 2488 ministerio,
603 2432 649 2478 ue
674 2410 814 2498 penitus
834 2411 997 2481 doctrina
1023 2412 1266 2501 extinguatur,
1300 2430 1340 2486 ut
1390 2410 1682 2482 stumdonentur
1702 2416 1806 2484 nobis
1828 2422 1987 2494 remissio
2009 2448 2232 2519 peecatorum
2256 2458 2290 2513 et
2314 2445 2385 2514 im-'
2430 2480 2440 2505 ·

357 2520 400 2587 ad
412 2510 537 2607 Ephes.
556 2510 593 2585 4.
612 2513 762 2581 dicitur:
785 2508 833 2583 Et
846 2516 1005 2585 accendit
1020 2538 1098 2583 eam
1119 2516 1157 2583 iu
1179 2516 1340 2606 singulu-
1390 2512 1528 2603 putatio
1550 2513 1718 2589 iusticias.
1781 2514 1830 2589 Et
1850 2547 2054 2619 quanquam
2075 2537 2298 2630 disciplinam
2321 2570 2382 2615 ex-

354 2644 430 2689 rum
450 2639 532 2685 rere
553 2614 774 2685 credentium
797 2615 976 2690 serdibus.
1028 2616 1106 2686 lloc
1130 2620 1337 2689 heneficium
1390 2627 1527 2683 ternam
1543 2610 1824 2691 bossesiflfflffl-ei
1846 2624 2005 2699 civilium
2028 2660 2177 2725 operum
2200 2658 2381 2740 utcunque

349 2721 448 2817 quate
461 2732 497 2789 et
513 2732 687 2811 quantum
703 2717 766 2800 sit,
800 2718 922 2810 aliquo
946 2722 1055 2789 modo
1077 2719 1234 2791 iudicare
1256 2744 1339 2813 pos-
1392 2730 1567 2806 praestare
1583 2719 1774 2809 possimus,
1801 2738 1918 2797 samen
1933 2732 2116 2807 sciendum
2136 2758 2185 2813 est
2209 2769 2274 2817 nos
2297 2774 2382 2840 pro·

346 2822 515 2914 tempii,
541 2816 758 2889 tedtoilntio
778 2832 960 2914 utcunque
984 2824 1149 2896 declarat.
1201 2823 1339 2914 Quanti
1390 2820 1449 2887 cot
1466 2820 1618 2889 abesses
1637 2824 1850 2931 perfectione
1863 2828 1970 2920 legis,
2004 2852 2038 2909 et
2059 2864 2124 2913 nec
2146 2870 2246 2936 posse
2260 2828 2382 2923 luctus

341 2930 480 2999 furores
496 2920 810 3011 suntimpiurum,
844 2946 934 3015 quos
957 2925 1124 2995 diabolus
1146 2926 1273 3017 agitat,
1299 2939 1340 2997 ut
1391 2921 1578 2992 interiores
1594 2922 1663 3013 legi
1678 2922 1746 2995 Dei
1761 2933 2028 3025 convenientes,
2057 2944 2239 3035 timorem,
2264 2954 2382 3040 fidem,

343 3043 401 3101 am
430 3025 693 3117 amplectamur
713 3025 893 3114 epicum,
918 3022 1172 3116 b1339h2m53,‚
1217 3042 1253 3099 01
1278 3052 1338 3122 cy.
1373 3022 1617 3131 ‚dilectionem
1636 3020 1765 3096 habere
1780 3030 1855 3101 sine
1870 3031 2006 3125 Spiritu
2019 3061 2153 3132 sancto,
2170 3053 2381 3130 sicutl.Co-

343 3132 522 3225 alopieum
552 3136 769 3197 contemtum
791 3124 876 3211 Dei,
918 3143 981 3199 aut
1003 3130 1146 3217 fingant·
1161 3132 1229 3201 sibi
1251 3131 1340 3221 ipsis
1390 3118 1553 3197 rioth-2.
1577 3126 1725 3199 dicitur:
1759 3128 1879 3203 Homo
1901 3139 2076 3231 ψυχικὸς,
2109 3150 2240 3235 idest,
2276 3171 2381 3228 natu-

342 3240 426 3305 ,taos
444 3246 482 3303 at
505 3230 603 3299 idola
628 3251 694 3299 suo
720 3230 881 3303 arbitrio.
939 3230 1077 3301 Deinde
1108 3234 1339 3303 modestiores
1390 3226 1458 3295 rali
1473 3226 1543 3295 vita
1557 3228 1701 3315 vivens,
1727 3256 1801 3303 non
1825 3242 1973 3331 percipit
1996 3268 2035 3314 ea
2058 3272 2148 3341 quae
2167 3256 2381 3350 suutSpiri-

342 3327 554 3424 Philosophi
572 3334 610 3399 in
625 3331 770 3424 quantis
784 3332 942 3401 tenebris
955 3346 1057 3416 suut,
1084 3335 1147 3425 qui
1167 3348 1338 3423 perpetuo
1392 3340 1446 3397 tus
1465 3323 1551 3412 Dei,
1576 3333 1869 3426 etsupracap.5.
1891 3344 2114 3422 dictumest:
2148 3354 2261 3429 Nemo
2283 3364 2382 3432 veuit

341 3440 527 3520 dubitant,
570 3458 616 3504 sn
639 3434 692 3504 sit·
711 3434 948 3524 providentia.
1008 3433 1132 3506 Tertio
1156 3432 1338 3508 Pharisaei
1389 3432 1434 3500 ad
1452 3452 1525 3517 me,
1546 3432 1616 3504 nisi
1635 3458 1738 3528 quem
1754 3450 1855 3528 pater
1870 3450 2028 3522 traxerit.
2067 3452 2148 3525 Non
2167 3461 2381 3534 simusadeo

341 3539 501 3636 oppressi
533 3536 621 3625 ΙΨ,
651 3537 903 3628 opinionibus,
943 3551 977 3608 ,g
1007 3541 1239 3610 concedam„
1264 3563 1337 3609 assa
1390 3534 1579 3628 cyclopici,
1612 3552 1652 3607 ut
1674 3539 1888 3613 arbitremur
1910 3542 2001 3622 hanc
2021 3555 2184 3628 miseram
2211 3565 2321 3635 vitam
2342 3567 2382 3636 in

341 3639 623 3738 providentiam,
654 3641 1114 3733 eppunpfideqqnqugmeh
1148 3656 1266 3712 13an
1282 3643 1337 3710 vi.
1389 3639 1497 3708 tentis
1513 3639 1669 3708 tenebris
1683 3655 1717 3712 et
1731 3655 1826 3714 tauta
1841 3647 2080 3727 irnlsecillitate
2096 3663 2226 3734 virium
2243 3680 2383 3738 nostra-

341 3761 427 3816 „unt
442 3747 524 3815 aina
539 3739 635 3826 Deo,
658 3763 734 3810 non
750 3745 883 3813 audent
899 3743 1083 3828 invocare,
1115 3767 1180 3814 nec
1202 3758 1337 3815 norunt
1389 3763 1469 3809 rum
1491 3741 1565 3829 regi
1588 3744 1791 3832 possesine
1813 3745 1949 3837 Spiritu
1974 3772 2106 3831 sancto.
2163 3765 2244 3835 Nou
2267 3791 2382 3858 gesse-

343 3849 526 3942 quomodo
546 3845 783 3914 accedendum
808 3843 856 3916 sit
877 3846 921 3915 sd
945 3842 1081 3929 Deum,
1113 3847 1173 3914 sed
1196 3847 1337 3936 lugiunt
1389 3855 1473 3912 runt
1487 3866 1543 3911 res
1556 3854 1690 3929 tantas,
1711 3860 1832 3916 ettam
1848 3854 2016 3926 salutares
2033 3861 2071 3929 in
2094 3866 2165 3934 suis
2187 3870 2382 3941 functioni-

340 3950 471 4022 Daum,
524 3941 664 4015 Omnes
679 3938 720 4016 hi
739 3946 1035 4026 tetraimendaeia
1058 3961 1092 4016 et
1120 3949 1338 4038 perniciosus
1389 3942 1564 4028 busNoe,
1590 3943 1793 4029 Abraham,
1821 3950 1964 4045 loseph,
1989 3959 2124 4048 hloses,
2161 3967 2281 4056 losue,
2315 3974 2383 4044 sa·

340 4075 479 4124 errores
513 4046 656 4118 de'Deo
682 4069 801 4117 secum
823 4051 1097 4131 circumierunt,
1131 4053 1192 4119 sed
1215 4051 1336 4139 a'gnito
1388 4045 1505 4126 muel,
1550 4044 1688 4133 David,
1721 4046 1844 4121 Esaias
1869 4057 2003 4144 etalii,
2036 4080 2184 4139 nattrrae
2205 4068 2383 4146 humanae

339 4153 539 4244 mugeti„
572 4152 719 4239 ,pitiana
754 4156 1012 4237 retardatur,
1063 4155 1244 4241 corrigens
1275 4153 1336 4222 iila
1389 4147 1526 4218 viribus
1544 4150 1619 4218 siue
1634 4151 1772 4242 Spiritu
1785 4173 1917 4228 sancto.
1971 4162 2041 4234 Sed
2064 4191 2294 4258 agnoscamus
2316 4201 2382 4245 no·
2456 4237 2461 4244 .

336 4260 535 4342 mendacia,
549 4267 584 4325 ep
598 4253 794 4322 accendens
810 4278 928 4324 mam
943 4254 1070 4336 lucem,
1085 4254 1176 4326 ,ῑωῑ
1189 4251 1337 4326 etloan·
1388 4264 1495 4319 stram
1511 4253 1806 4340 imbecillitatem,
1836 4272 1870 4328 ct
1893 4265 2078 4338 audiamus
2100 4277 2258 4356 promitti
2279 4280 2381 4348 auxi-

337 4383 400 4429 „aa
414 4361 455 4428 in
471 4357 632 4453 Epistola
650 4355 714 4424 ait:
748 4353 1073 4428 Unctiorosdocet
1093 4361 1138 4426 de
1158 4358 1336 4442 omuibus,
1388 4353 1498 4436 lium,
1533 4355 1618 4424 etid
1635 4370 1812 4445 petamus,
1842 4375 1876 4432 et
1901 4358 1966 4434 hac
1989 4373 2230 4446 consolatione
2254 4403 2318 4448 uos
2341 4382 2381 4450 in

337 4477 561 4546 ‘ueram‘
594 4473 629 4528 e,
650 4478 725 4526 non
746 4469 799 4528 ,a
824 4460 1068 4551 menmium,
1102 4472 1137 4530 eg
1158 4460 1250 4532 ,itur
1269 4460 1335 4530 do.
1387 4455 1555 4533 omnibus
1572 4457 1737 4546 periculis
1752 4473 2007 4554 sustentemus,
2041 4477 2136 4564 quod
2160 4480 2251 4548 adsit
2275 4483 2380 4551 nobis

335 4565 410 4636 mil
427 4587 510 4650 vos,
535 4575 676 4633 manete
691 4560 730 4628 qn
746 4583 796 4629 g„
1386 4557 1541 4648 Spiritus
1557 4572 1699 4629 sanctus
1711 4561 1927 4650 guberuator
1941 4582 1974 4636 et
1990 4574 2150 4659 adiutor,
2173 4577 2380 4652 sicutChri-

760 4654 765 4662 ’
1106 4731 1114 4748 ο
1385 4661 1609 4730 stusetalibi
1628 4663 1819 4751 promittit:
1854 4665 1998 4754 Quanto
2015 4678 2124 4763 magis
2144 4693 2241 4767 pater
2265 4697 2379 4754 vester

463 4731 583 4834 Qutm
609 4727 771 4806 mundus
792 4756 867 4804 ΜΒ
891 4742 1009 4832 P⁰¹isl
1033 4756 1205 4830 aialim·
1384 4763 1544 4834 coelestis
1562 4765 1660 4833 dabit
1681 4763 1854 4854 Spiritum
1870 4785 2030 4841 sanctum
2048 4775 2259 4866 petentibus.
2298 4783 2378 4857 Ob-

439 4871 623 4942 Muudum
637 4883 739 4941 vocat
757 4892 881 4938 omnes
905 4865 1068 4939 homines
1090 4865 1177 4938 uon'
1190 4882 1332 4938 renatus
1383 4889 1483 4934 serva
1501 4880 1617 4936 nutem
1635 4867 1764 4937 diserte
1778 4868 1868 4960 dici,
1896 4877 2115 4965 petentibus,
2142 4907 2214 4954 non
2234 4886 2375 4974 dicitur,

332 4971 477 5065 Spiritu
498 4987 640 5059 saneto,
674 4973 735 5042 sed
760 4973 804 5066 dc
825 4969 903 5042 Deo
925 4973 1132 5056 sentientes,
1163 4985 1204 5043 ut
1225 4972 1332 5042 sentit
1381 4963 1567 5058 Epicureis
1584 4973 1958 5045 contemnentibusaut
1974 4971 2165 5071 hypocritis
2175 5011 2377 5078 repugnan-

332 5069 421 5146 hm
438 5090 606 5169 corrupta
621 5089 767 5155 natura,
802 5075 890 5145 etin
914 5075 985 5145 sita
1006 5091 1191 5167 sequentes
1213 5087 1331 5144 motus
1381 5071 1478 5139 tibus
1492 5071 1716 5158 Evangelio,t
1741 5075 1799 5142 sed
1818 5076 2102 5166 confugientibus
2124 5091 2167 5155 ad
2192 5086 2376 5160 Christum

332 5171 445 5249 buius
460 5190 823 5268 corruptaenaturae.
856 5175 975 5261 Tales,
992 5177 1132 5270 inquit,
1155 5201 1230 5246 non
1248 5197 1330 5267 pus·
1380 5195 1446 5262 per
1460 5173 1733 5265 poenitentiam,
1760 5187 1794 5245 et
1807 5177 1900 5247 serio
1917 5185 2116 5269 petentibus
2131 5189 2375 5262 remissionem

329 5295 417 5352 anm
433 5305 573 5351 sumana
589 5281 763 5372 Spiritum
780 5291 961 5364 sanctum,
991 5301 1056 5348 nec
1077 5293 1213 5350 norunt
1232 5301 1328 5358 eum,
1380 5288 1603 5365 peecatorum
1619 5289 1653 5346 et
1668 5275 1842 5368 Spiritum
1857 5296 2031 5357 sanctum.

327 5381 365 5452 id
401 5399 476 5468 est,
510 5385 625 5452 donee
656 5394 882 5473 perseverant
902 5383 942 5450 in
965 5380 1197 5472 opinionibus
1220 5395 1255 5452 et
1275 5379 1329 5448 ai·
1481 5375 1646 5448 ieremias
1660 5380 1778 5472 iuquit
1795 5405 1869 5473 cap.
1892 5383 1970 5454 10.:
2004 5387 2374 5490 Seiodomine,quod

325 5487 484 5558 lectibus
500 5497 687 5577 corruptae
708 5498 874 5567 naturae,
904 5507 980 5552 non
1001 5483 1195 5554 admittunt
1211 5481 1329 5573 Spiri-
1380 5494 1520 5550 nonest
1536 5475 1691 5551 hominis
1709 5483 1764 5552 via
1788 5483 1879 5569 etus,
1913 5486 2043 5574 idest,
2081 5491 2118 5562 5¹¹
2138 5507 2234 5567 ²³¹¹st
2259 5500 2373 5568 imbe-

325 5602 407 5658 mm
428 5601 603 5672 ‘andum’
622 5590 682 5656 ,ed
699 5599 898 5678 repugnant
912 5587 956 5668 ni,
971 5579 1184 5676 utCaipbas,
1203 5588 1328 5654 etiam·
1380 5581 1524 5652 eillitate
1541 5597 1687 5653 naturae
1703 5579 1909 5666 homiuum,
1937 5601 1970 5660 et
1986 5594 2095 5663 tantis
2119 5599 2284 5690 perieulis
2305 5623 2373 5669 no-

325 5693 356 5760 53
373 5691 482 5762 audit
495 5685 697 5774 christum,
718 5703 836 5758 tamen
852 5688 935 5780 quia
949 5689 1080 5756 retinet
1098 5710 1179 5758 suas
1203 5685 1328 5772 imagi.
1379 5683 1481 5768 stris,
1513 5685 1551 5752 iu
1568 5699 1664 5755 tanta
1681 5687 1888 5760 difficultate
1907 5715 2025 5762 rerum
2049 5702 2300 5787 gerendarum,
2333 5703 2373 5770 in

325 5795 517 5877 nationes,
540 5791 656 5863 &um
671 5791 829 5879 recipere
850 5785 1013 5858 homines
1034 5803 1180 5878 propter
1201 5789 1327 5878 legem,
1379 5787 1487 5856 tantis
1519 5785 1661 5858 insidiis
1689 5789 1841 5872 diaboli,
1879 5787 2055 5868 humanae
2077 5801 2169 5869 vires
2192 5825 2265 5870 non
2290 5823 2372 5892 pos-

327 5911 362 5968 et
376 5898 467 5996 quia
482 5917 589 5966 nemo
606 5893 688 5981 seit,
714 5893 859 5988 quando
876 5891 959 5962 satis
978 5892 1156 5965 honorum
1178 5913 1333 5984 operum
1379 5901 1463 5962 sunt
1475 5889 1551 5960 sine
1567 5887 1704 5982 Spiritu
1725 5905 1845 5961 sancto
1871 5913 1997 6068 reqqrq
2013 5903 2215 5973 vocationes
2235 5917 2273 5974 et
2293 5921 2371 5972 mo·

1398 6037 1419 6072 l
