5825 6950
529 695 574 770 n
882 792 886 803 .
949 753 953 760 ,
1023 755 1028 764 ,
1122 680 1252 766 natta.
1279 674 1634 756 ntae-sontem
1661 679 1964 758 exacueret.

534 866 706 958 petieritis
735 875 870 953 patrem
900 858 941 928 in
969 855 1118 927 contine
1146 879 1248 939 meo,
1274 853 1390 924 dabit
1420 851 1534 926 vobis.

533 953 794 1060 complectitur
811 987 894 1052 ergo
908 960 1089 1034 invocatio
1104 959 1325 1046 agnitionem
1343 955 1441 1026 verbi
1456 953 1536 1039 Dei,

534 1089 572 1142 et
589 1070 694 1144 fidem
719 1071 758 1140 in
777 1063 974 1140 Christum.
1025 1060 1141 1144 Haec,
1166 1073 1376 1143 utconstat,
1401 1058 1536 1128 discer-

535 1190 628 1246 ιιιιιιι
643 1170 840 1248 Ecclesiam
863 1165 1076 1254 agentibus.
1130 1162 1206 1234 Nec
1229 1187 1313 1232 vero
1338 1156 1538 1253 potestEc-

536 1280 641 1351 clesia
659 1276 699 1346 in
714 1271 783 1344 bac
799 1271 868 1342 vita
893 1268 1060 1352 existere,
1093 1267 1170 1334 sine
1194 1279 1340 1338 externo
1361 1265 1440 1336 loco
1468 1262 1537 1332 mi-

538 1381 688 1454 nisterii.
743 1375 841 1465 Ergo
856 1387 893 1443 et
908 1374 953 1440 de
972 1372 1051 1440 loco
1077 1370 1164 1441 dicit
1179 1364 1360 1440 Christus:
1397 1365 1537 1436 Domus

539 1511 639 1569 anea,
679 1484 806 1550 domus
834 1475 1009 1546 orationis
1039 1485 1101 1544 est.
1168 1470 1238 1540 Hic
1268 1494 1391 1540 rursus
1422 1469 1537 1539 oratio

540 1585 789 1676 complectitur
811 1593 925 1650 totum
951 1575 1214 1658 ministerium,
1237 1571 1538 1666 praedicationem

540 1687 752 1776 Evangelii,
781 1698 815 1754 et
833 1681 1065 1752 sacramente.
1116 1675 1213 1746 Haec
1227 1676 1349 1745 omnia
1363 1675 1538 1744 destinata

542 1807 625 1862 scint
653 1795 700 1860 ad
733 1783 830 1858 branc
861 1784 988 1867 tinem,
1028 1781 1164 1850 scilieet
1188 1781 1233 1848 ad
1265 1777 1540 1860 invocationem,

541 1917 635 1984 quiae
651 1906 703 1963 est
716 1911 876 1962 summus
897 1886 1025 1959 cultus.
1076 1880 1168 1952 Cum
1185 1896 1303 1952 autem
1322 1876 1485 1952 Christus
1500 1902 1540 1948 ex

545 1999 624 2068 loco
646 1993 771 2086 templi
796 2011 975 2082 caupones
1000 1985 1114 2065 eiicit,
1165 1984 1407 2072 intelligamus
1437 2001 1541 2051 eosa

545 2097 744 2170 ministerio
773 2093 930 2164 detrudi.
993 2087 1094 2162 Sicut
1117 2088 1271 2156 subinde
1294 2085 1392 2156 Deus
1415 2107 1542 2174 repur-

545 2224 633 2288 garns
646 2198 862 2279 Ecclesiam,
889 2192 992 2285 punit
1014 2191 1144 2280 impios
1166 2192 1349 2272 doctores,
1374 2202 1416 2258 ut
1433 2186 1543 2256 Levi-

547 2306 635 2374 ticos
655 2301 843 2374 Pontifices
867 2310 903 2367 et
926 2307 1044 2386 postea
1066 2288 1261 2363 haereticos
1281 2291 1424 2361 delevit.
1483 2287 1543 2362 Sic

548 2405 681 2478 delebit
708 2425 773 2474 suo
797 2417 958 2490 tempore
980 2397 1086 2464 etiarn
1111 2394 1319 2479 Pontifices,
1359 2393 1423 2486 qui
1447 2415 1544 2462 nunc

549 2522 694 2602 propter
707 2530 813 2598 opes,
834 2516 896 2574 aut
910 2501 1101 2592 dignitates
1124 2497 1280 2568 retinent
1297 2495 1545 2566 idolomanias.

599 2671 873 2848 Quodrzginta
896 2680 927 2742 el
939 2693 1007 2742 sex
1022 2665 1137 2738 annis
1150 2661 1387 2761 aedificatum
1405 2671 1456 2735 est
1477 2659 1547 2736 hoc

652 2790 747 2878 temp
766 2803 839 2852 um.

653 2917 745 2988 Cum
760 2917 978 3006 flagitassent
1001 2909 1238 2987 miraculum,
1271 2901 1436 2976 Christus
1459 2919 1547 2976 tecte

551 3027 597 3096 de
611 3021 785 3092 miraculo
801 3017 1009 3108 praecipuo,
1036 3026 1071 3082 et
1084 3012 1231 3103 proprio
1248 3032 1420 3101 personae
1437 3007 1547 3099 ipsius

523 3125 805 3201 ‘concionatum
839 3119 970 3188 scilicet
992 3119 1038 3187 de
1059 3141 1121 3184 sua
1146 3112 1424 3194 resurrectione,
1456 3111 1548 3181 sicut

552 3233 639 3302 alias
657 3249 779 3318 saepe,
803 3224 865 3292 sed
882 3217 1076 3290 adversarii
1093 3218 1251 3286 furentes
1267 3214 1351 3282 odio
1367 3226 1401 3282 et
1419 3213 1547 3302 impie-

553 3349 642 3415 tate,
669 3331 815 3418 figurate
830 3325 965 3393 dictum
989 3344 1063 3390 non
1089 3318 1314 3406 intelligunt,
1337 3328 1372 3385 et
1387 3315 1432 3385 de
1447 3315 1548 3385 aedi-

551 3438 631 3507 ficio
648 3429 774 3520 templi
789 3425 998 3498 memoriam
1021 3422 1191 3493 iniiciunt
1214 3420 1366 3489 alienam
1381 3441 1401 3487 a
1416 3442 1549 3510 propo·

555 3544 646 3620 sito,
674 3536 865 3621 allegantes
881 3552 978 3612 rem,
1013 3541 1055 3596 ut
1074 3525 1159 3615 ipsis
1181 3524 1389 3604 videbatur,
1416 3522 1550 3608 impos-

555 3641 708 3721 sibilem,
736 3658 818 3705 eum
836 3630 1047 3701 resurrectio
1065 3650 1106 3695 ex
1122 3625 1274 3694 mortuis
1289 3623 1402 3713 magis
1418 3623 1466 3693 sit
1482 3624 1551 3691 im-

555 3740 745 3836 possibilis.
798 3732 869 3805 Sed
894 3756 957 3801 cur
972 3732 1098 3801 dicunt
1114 3723 1182 3795 boc
1201 3725 1373 3815 templum
1388 3725 1551 3794 aedifica-

555 3864 633 3917 tum
649 3866 723 3913 esse
737 3837 843 3909 annis
857 3832 935 3905 46?
983 3831 1103 3902 Multa
1120 3830 1288 3900 admonet
1302 3823 1388 3898 haec
1404 3823 1552 3898 historia

556 3953 600 4017 de
628 3941 788 4015 mirabili
824 3938 943 4008 reditu
975 3960 1017 4005 ex
1045 3931 1250 4025 Babylone,
1296 3930 1359 4023 qui
1393 3931 1553 4001 continet

556 4047 756 4137 exemplum
778 4062 995 4133 poenarum,
1034 4034 1293 4116 calamitatum,
1318 4033 1553 4117 liberationis,

556 4166 591 4221 et
606 4149 801 4219 multarum
817 4165 937 4212 rerum
961 4142 1001 4211 iu
1017 4135 1188 4208 Ecclesia.
1239 4132 1369 4205 Daniel
1383 4135 1554 4226 impetra-

560 4265 658 4322 verat
674 4273 694 4319 a
710 4245 806 4340 Cyre
823 4244 957 4323 edicta,
980 4256 1021 4313 ut
1034 4238 1174 4311 ludaeis
1188 4240 1441 4311 concederetur
1456 4238 1554 4307 redi-

559 4372 618 4425 tus
641 4348 870 4442 inpertiam,
896 4359 932 4417 et
949 4343 1121 4433 'templum
1144 4340 1438 4413 reaedificaretur.
1492 4338 1554 4409 luc

560 4467 660 4525 eoata
689 4463 743 4521 est
768 4449 878 4540 igitur
902 4444 1100 4518 aedificatio
1122 4442 1245 4533 templi
1275 4466 1371 4514 anno
1397 4446 1553 4513 seeundo

559 4556 666 4651 Cyri,
698 4567 732 4626 et
755 4554 850 4624 bona
872 4574 952 4641 spes
974 4559 1066 4629 erat,
1098 4546 1169 4614 iam
1194 4558 1365 4636 regnante
1376 4545 1437 4637 pio
1452 4544 1554 4637 prin·

2528 683 2577 758 le

1588 869 1651 926 tuo
1677 879 1772 926 nova
1796 856 1891 926 bella
1919 855 2063 948 inipso
2100 878 2211 946 regne
2240 853 2462 950 Babylonico
2504 871 2580 928 orta

1588 971 1684 1030 snut.
1736 957 1868 1029 Darius
1891 959 2018 1050 Magos
2041 959 2234 1044 interiecit,
2267 959 2491 1051 recuperarit
2511 956 2580 1030 Ba·

1588 1063 1769 1156 bylouem.
1820 1056 2014 1152 Occupatis
2037 1061 2146 1152 igitur
2168 1085 2230 1132 rex
2246 1062 2448 1134 domesticis
2465 1061 2579 1151 bellis,

1589 1164 1714 1234 audire
1731 1164 2003 1254 provinciarum.
2020 1187 2142 1235 causas
2161 1185 2238 1234 non
2256 1165 2388 1260 potuit.
2442 1161 2497 1234 Ita
2512 1164 2581 1234 dif-

1589 1269 1704 1336 fertur
1717 1266 1932 1351 aedifiratio‚
1958 1290 2072 1338 annos
2086 1268 2159 1336 fere
2175 1264 2237 1341 42.
2277 1265 2372 1338 Nam
2392 1278 2468 1340 toto
2491 1277 2581 1336 tem-

1591 1393 1676 1461 pere
1689 1367 1875 1462 Cambysis
1888 1382 1924 1440 et
1941 1365 2042 1438 Darii
2059 1369 2315 1460 impeditam,
2340 1364 2380 1438 hi
2396 1381 2480 1439 suut
2497 1367 2582 1438 anni
2612 1451 2617 1466 .

1590 1471 1655 1542 ⁴10.
1695 1471 1874 1542 Successit
1897 1485 2016 1563 postea
2029 1469 2276 1562 Longimauus
2298 1471 2421 1542 mitior
2441 1471 2582 1561 regibus

1592 1573 1791 1666 prioribus,
1818 1587 1852 1644 et
1871 1574 2074 1665 intelligens
2088 1597 2213 1644 verum
2227 1575 2362 1644 cultum
2378 1574 2456 1644 Dei.
2492 1571 2580 1644 Nam

1592 1673 1652 1746 bic
1679 1675 1846 1746 audiebat
1871 1672 2023 1746 Esdram
2054 1691 2090 1747 et
2114 1674 2339 1758 Neaemiam,
2378 1688 2413 1748 et
2438 1689 2582 1768 putatur

1591 1779 1700 1848 fuisse
1716 1779 1810 1848 lilius
1824 1773 1965 1852 Esther.
2000 1776 2119 1850 Huius
2132 1779 2242 1869 igitur
2256 1776 2476 1868 Lougimaui
2490 1801 2582 1848 armo

1593 1884 1748 1953 secundo
1782 1903 1906 1951 rursus
1943 1903 2147 1952 concessum
2181 1894 2250 1963 est,
2296 1894 2339 1952 ut
2375 1881 2583 1980 bepeficium

1593 1981 1678 2078 Cyri
1711 1997 1970 2080 renovaretur,
2022 1997 2057 2054 et
2095 1983 2291 2054 aedificatio
2332 1984 2581 2058 absolveretur.

1595 2083 1690 2176 Ergo
1705 2087 1936 2181 sequentibus
1962 2087 2068 2156 anuis
2085 2083 2109 2156 4
2130 2086 2255 2178 templi
2271 2085 2469 2158 aedificatio
2485 2087 2582 2158 abso-

1595 2191 1670 2259 luta
1688 2204 1738 2260 est
1759 2185 1799 2260 5.
1816 2213 1912 2260 anno
1932 2187 2169 2279 Longimani,
2203 2202 2243 2259 ut
2267 2201 2416 2262 testatur
2437 2183 2580 2260 historia

1595 2292 1635 2361 in
1650 2292 1744 2362 libro
1759 2289 1905 2362 Esdrae.
1957 2289 2065 2379 Quod
2084 2313 2169 2381 ergo
2190 2293 2230 2361 in
2255 2303 2353 2362 textu
2371 2289 2514 2362 loannis
2528 2292 2580 2362 di·

1597 2395 1701 2478 citur,
1716 2393 1914 2465 aedificatio
1933 2395 2078 2464 durasse
2093 2417 2204 2464 annos
2220 2416 2278 2465 sex
2290 2407 2327 2466 et
2343 2395 2579 2486 quadraginta,

1597 2498 1731 2566 nonde
1749 2497 1918 2568 contiuua
1935 2495 2178 2567 aedificatione
2191 2495 2432 2586 intelligatur,
2456 2498 2512 2566 sed
2524 2497 2577 2564 iu-

1596 2614 1776 2690 terruptae
1801 2613 1885 2670 sunt
1907 2613 1942 2668 et
1964 2599 2155 2690 impeditae
2177 2623 2324 2690 operae,
2355 2599 2427 2668 lere
2444 2599 2527 2668 duos
2541 2593 2576 2666 et'

1597 2705 1829 2796 quadraginta
1846 2723 1970 2775 annos.
2023 2699 2106 2772 ideo
2124 2701 2300 2791 praedixit
2314 2697 2440 2773 Daniel
2452 2723 2522 2791 cap.
2536 2697 2571 2768 9.

1596 2806 1778 2888 futurum,
1813 2818 1854 2874 ut
1877 2795 2123 2874 aedificaretur
2145 2801 2336 2896 ierusalem
2359 2803 2397 2870 in
2417 2800 2579 2892 angustia,

1598 2907 1723 2990 idest,
1749 2920 1790 2978 ut
1812 2905 1922 2974 variis
1947 2905 2217 2978 difficultatibus
2233 2920 2268 2978 et
2280 2905 2460 2976 aerumnis
2474 2906 2581 2994 impe·

1599 3010 1736 3079 diretur
1751 3007 1958 3076 aedificatio.

1700 3125 1798 3197 Haec
1819 3121 1989 3197 historica
2009 3127 2196 3213 recensui,
2235 3150 2309 3198 non
2332 3127 2449 3198 solum
2473 3127 2578 3196 deela-

1599 3232 1705 3302 randi
1722 3243 1835 3299 textus
1848 3251 1971 3307 eausa,
1999 3231 2060 3299 sed
2083 3231 2189 3300 etiam
2204 3230 2422 3300 admonendi
2439 3229 2578 3312 lectoris,

1600 3337 1645 3403 de
1679 3331 1942 3402 calamitatibus
1972 3326 2169 3402 Ecclesiae:
2207 3329 2276 3402 Hic
2302 3333 2399 3402 euim
2428 3331 2582 3402 videmus

1602 3458 1677 3507 earu
1694 3433 1849 3505 mirabili
1866 3433 2016 3503 consilio
2027 3433 2093 3506 Dei
2107 3435 2147 3505 iu
2163 3435 2322 3529 imperiis
2336 3435 2480 3507 duriter
2489 3457 2585 3529 quas·

1601 3539 1683 3623 sari,
1706 3552 1741 3608 et
1756 3550 1875 3608 tamen
1891 3536 2025 3607 servari
2041 3536 2228 3624 divinitus,
2249 3541 2310 3610 sed
2325 3562 2401 3609 uon
2414 3562 2456 3609 eo
2475 3540 2586 3621 modo,

1603 3664 1707 3734 quem
1726 3639 1882 3730 cogitant
1899 3654 2034 3710 mentes
2050 3634 2239 3713 humanae.
2291 3638 2340 3712 Et
2363 3638 2451 3711 baec
2471 3640 2588 3711 adme-

1603 3743 1695 3813 nitio
1711 3742 1955 3831 gravissimam
1970 3754 2007 3813 et
2020 3742 2245 3813 utilissimam
2262 3742 2463 3817 doctrinam
2483 3742 2589 3815 cunti·

1604 3861 1684 3931 uet,
1710 3844 1895 3937 videlicet,
1926 3856 1967 3916 ut
1990 3868 2057 3915 nor
2079 3846 2117 3914 in
2140 3842 2299 3918 Ecclesia
2323 3861 2468 3917 nostrae
2493 3868 2590 3917 roca

1605 3948 1696 4019 tioni
1722 3946 1874 4017 fideliter
1896 3950 2098 4037 pareamus,
2141 3970 2207 4018 nec
2234 3951 2479 4019 deterreamur
2500 3961 2590 4018 metu

1606 4048 1889 4141 impendentium
1920 4049 2180 4141 periculorum,
2222 4076 2289 4123 nec
2313 4050 2533 4144 pendeamus
2556 4074 2593 4121 er

1605 4147 1772 4222 humanis
1797 4152 1998 4242 praesidiis,
2036 4155 2097 4224 sed
2120 4151 2236 4224 aDeo
2257 4154 2327 4225 fide
2348 4166 2531 4246 petamus,
2562 4166 2594 4223 et

1606 4268 1829 4346 expectemus
1864 4255 2157 4347 gubernationem
2188 4257 2369 4327 actionum
2401 4268 2435 4327 et
2473 4280 2593 4327 seeun-

1606 4359 1672 4428 dos
1704 4373 1861 4430 eventus.
1924 4356 2023 4429 Sicut
2049 4354 2142 4430 Psal.
2165 4358 2227 4432 36.
2256 4359 2322 4430 ait:
2364 4355 2503 4431 Revela
2533 4360 2594 4427 do-

1607 4461 1707 4529 mino
1731 4458 1824 4527 viam
1857 4471 1973 4540 tuam,
2023 4473 2058 4530 et
2088 4461 2163 4553 ipse
2191 4460 2306 4532 faciet.
2371 4458 2594 4532 Gubernatio

1607 4561 1812 4653 praesertim
1846 4558 2031 4631 Ecclesiae·
2051 4563 2196 4655 proprie
2221 4560 2290 4633 Dei
2317 4577 2389 4643 est,
2435 4578 2476 4634 et
2504 4565 2596 4633 filius

561 4662 639 4749 cipe
662 4654 776 4750 Cyro,
806 4655 988 4737 fututum,
1020 4662 1064 4721 ¹¹2
1081 4646 1152 4718 ⁰3¹⁰
1173 4647 1443 4719 ¹⁸⁸¹il⁰⁰¹²¹¹i⁰¹
1465 4660 1555 4767 ifffl·
1606 4661 1676 4736 Dei
1691 4662 1922 4755 belligeratur
1934 4688 2015 4734 cum
2035 4665 2200 4756 diabolo,
2228 4688 2292 4737 uec
2309 4679 2422 4757 potest
2439 4660 2596 4735 hnmana

562 4761 662 4853 plum
686 4773 720 4826 et
742 4756 884 4841 civitas,
920 4767 956 4824 et
974 4750 1129 4845 populus
1148 4750 1327 4822 frueretur
1353 4750 1555 4844 tranquilli·
1607 4768 1779 4859 ,apicum
1810 4767 2010 4858 prospioeoe
2036 4768 2253 4839 mutatione,
2272 4792 2411 4849 rerum,
2446 4764 2596 4865 'politia

561 4878 653 4935 lule·-
696 4859 768 4930 Sed
792 4880 888 4943 ΕΜ,
910 4870 948 4927 ¹¹¹
972 4856 1030 4939 fil,
1048 4853 1249 4965 ‚intervenit
1266 4853 1556 4971 {Mdffiffllffll-
1607 4896 1706 4955 rum,
1732 4869 1955 4961 principum,
1989 4884 2023 4941 et
2045 4870 2188 4941 munire
2206 4868 2403 4943 Ecclesiam
2431 4866 2598 4941 humanis

522 5030 526 5035 .
563 4980 629 5038 tas.
680 4958 796 5055 Cyr¹1⁸
814 4958 940 5048 procul
963 4978 1129 5046 exresstw
1147 4956 1317 5040 dimili,
1342 4956 1477 5049 bellum
1496 4979 1556 5047 80·
1608 4972 1804 5065 praesidiis.
1864 4970 1948 5043 ldeo
1980 4974 2066 5042 fides
2088 4971 2203 5043 Deum
2236 4974 2432 5058 intucatur,
2468 4990 2507 5045 et
2534 4996 2598 5043 uos

565 5087 744 5137 renerum
761 5055 924 5154 scythi&
945 5060 1109 5154 0²P³1¹¹0
1126 5072 1205 5149 {¹⁰⁸²
1229 5055 1461 5145 interfitilurl
1489 5060 1556 5129 ⁶⁰·
1608 5091 1770 5147 nostrum
1786 5076 1943 5145 officium
1965 5088 2058 5145 recte
2080 5076 2268 5161 faciamus,
2294 5077 2330 5147 id
2354 5087 2426 5159 est,
2451 5102 2546 5167 pure
2566 5092 2599 5147 et

518 5256 524 5264 ,
565 5160 1249 5280 11ιὶΒῙῑῦθὓὸῐῐξῧιδθῦῑῐῐῖβῖὓῆῑθῧῦὓῐῦ
1272 5162 1466 5279 Βΰῧξῐῦδῑι
1492 5162 1556 5256 qul
1607 5178 1760 5247 fideliter
1796 5177 2004 5263 doceamus,
2052 5178 2165 5262 caitus
2194 5174 2272 5248 Deo
2298 5183 2599 5263 commendemus,

568 5272 697 5341 iterum
719 5257 889 5357 prohibet
919 5263 1198 5333 atdtfictuoneffl
1226 5276 1261 5333 ⁰⁸
1287 5265 1464 5350 refilium,
1496 5289 1557 5335 ⁰⁰·
1608 5281 1698 5351 sieut
1716 5275 1881 5351 Christus
1906 5280 2042 5375 inquit:
2082 5279 2244 5351 Primum
2267 5281 2424 5375 quaerite
2448 5304 2598 5371 regnum

565 5384 700 5441 nautor
726 5388 768 5436 er
793 5365 904 5437 armis
928 5365 1064 5435 vicinae
1098 5380 1219 5455 gentes
1253 5365 1427 5461 impedire
1460 5367 1558 5439 aedi·
1608 5381 1693 5470 Det,
1719 5396 1786 5458 ete,

566 5472 779 5543 ficationem.
855 5464 926 5535 Hic
965 5481 1139 5561 quantum
1178 5468 1311 5541 vulnus
1347 5484 1558 5561 acceperuut

566 5572 701 5647 Daniel
734 5583 771 5641 et
802 5568 865 5641 alii
900 5568 952 5659 pii
988 5570 1117 5641 amisso
1157 5572 1218 5661 pio
1258 5594 1358 5661 rege,
1401 5585 1437 5643 et
1470 5575 1563 5645 abo-.

567 5680 632 5747 lito
663 5674 779 5743 edicto
803 5667 916 5765 Cyri?
965 5668 1018 5743 lta
1042 5670 1218 5744 Ecclesiae
1251 5674 1462 5746 instauratio
1497 5698 1559 5744 va-

568 5778 633 5849 riis
672 5774 788 5845 modis
823 5772 1033 5864 impeditur,
1080 5788 1114 5844 et
1146 5776 1290 5847 divinae
1331 5777 1559 5849 liberationes
1609 5781 1652 5849 de
1670 5778 1907 5849 inconstantia
1923 5774 2162 5849 humanarum
2180 5776 2420 5863 voluntatum,
2439 5802 2504 5853 seu
2522 5805 2601 5875 per-

567 5902 644 5951 noe
659 5876 858 5969 procedunt
873 5870 1039 5947 humanis
1055 5877 1224 5949 consiliis.
1276 5874 1448 5975 Cambyse
1463 5903 1559 5950 mor·
1608 5880 1690 5951 fidia
1706 5874 1885 5955 humana·
1929 5878 2028 5953 lesus
2050 5904 2128 5951 noo
2151 5880 2315 5953 credebat
2338 5880 2450 5957 seda
2504 5882 2601 5957 Scie-

1679 5532 1766 5635 Ipse
1792 5534 1888 5607 enim
1913 5532 2051 5607 sciebat
2078 5531 2174 5635 quid
2196 5544 2284 5607 esset
2311 5534 2350 5604 in
2377 5525 2541 5611 domine.

1713 5672 1753 5745 ln
1777 5675 1847 5746 line
1870 5670 1978 5745 huius
2001 5676 2127 5766 capitis
2157 5676 2369 5767 proponitur
2398 5678 2600 5751 admonitio
