5825 6950
305 702 388 785 sva
690 712 773 793 ιιι.
822 692 1124 787 enannarro
1158 706 1208 781 ut
1239 672 1664 785 attumulatus.
1715 704 1820 785 car.
1847 712 1967 787 xvu.
2260 721 2336 799 aaa

308 888 396 955 dum
419 867 671 969 divinitatem,
696 878 757 953 se'd
778 858 971 954 meandum
995 854 1214 973 praesentem
1236 901 1299 946 vo-
1631 890 1720 990 Ego
1740 918 1808 993 pro
1833 897 1924 995 ipsis
1947 924 2047 997 rogo.

308 988 489 1057 rationem
502 1008 564 1055 seu
578 984 784 1081 missionem
795 980 938 1059 Christi.
992 982 1044 1053 Ita
1061 977 1120 1051 hic
1133 980 1300 1050 recitatur

308 1082 649 1157 discrimenChristl
666 1081 874 1171 humilitati,
900 1085 1114 1163 mediatoris,
1141 1080 1298 1152 servien-

308 1191 353 1261 tis
369 1190 411 1256 iu
429 1182 500 1257 hac
513 1188 701 1273 missione,
724 1202 760 1260 et
775 1188 885 1260 totius
898 1186 1097 1258 divinitatis
1119 1182 1299 1275 regnantis

307 1292 344 1361 in
359 1312 497 1363 areana
511 1289 706 1362 maiestate.
817 1320 823 1331 ·
1098 1304 1102 1311 ’

1367 1078 1371 1086 ·
1452 1044 1587 1120 Attexit
1610 1073 1692 1121 mor
1726 1052 1964 1142 precationem
2000 1080 2064 1147 pro
2096 1054 2277 1147 Apostolis
2302 1078 2336 1135 et

1349 1173 1416 1241 pro
1431 1164 1506 1224 tota
1521 1148 1697 1235 Ecclesia,
1710 1176 1828 1245 quam
1844 1157 2081 1245 precationem
2100 1176 2218 1251 postea
2233 1188 2337 1257 repe·
2356 1190 2359 1195 ·

1349 1266 1400 1322 tet
1414 1266 1449 1323 et
1467 1254 1619 1342 augebit.
1650 1252 1754 1323 Nunc
1772 1253 2008 1329 breviter'hoc
2025 1260 2124 1333 triste
2144 1264 2337 1335 discrimen

612 1429 617 1437 Α
1339 1354 1620 1425 consideratum·
1644 1355 1726 1425 Non
1744 1380 1808 1446 pro
1831 1360 1968 1433 mundo
1988 1384 2072 1448 oro,
2105 1379 2208 1437 vocat
2229 1390 2337 1437 mun·

408 1456 556 1529 Similis
568 1456 717 1530 omnino
735 1457 847 1529 forma
864 1472 928 1538 est,
953 1450 1084 1533 Matth.
1096 1454 1172 1527 19.=
1199 1452 1298 1544 Quid
1339 1458 1437 1527 -dom
1451 1478 1586 1539 omues,
1613 1457 1675 1550 qui
1691 1460 1917 1548 pertinaciter
1933 1457 2127 1555 Evangelio
2143 1468 2337 1539 adversan-

310 1585 367 1635 mc
382 1582 492 1631 vocas
507 1559 657 1640 bouum,
682 1582 788 1629 uerno
803 1560 986 1632 bonusest
1001 1559 1070 1629 nisi
1087 1557 1301 1629 namneus
1349 1563 1440 1644 tur,
1461 1560 1505 1629 de
1530 1553 1585 1626 his
1607 1572 1642 1629 et
1664 1560 1701 1628 in
1724 1558 1864 1631 Psalmo
1884 1563 2021 1657 inquit:
2056 1565 2137 1637 Non
2159 1590 2337 1640 assumam

313 1660 385 1733 ttic
396 1684 544 1755 quoque
560 1661 752 1733 discrimen
775 1659 989 1755 proponitur
1010 1660 1104 1733 inter
1116 1654 1299 1733 Christum
1351 1660 1497 1730 nomina
1514 1682 1637 1731 eorum
1653 1684 1759 1753 super
1775 1664 1868 1733 labia
1883 1688 1974 1735 mea.
2026 1664 2127 1757 Quae
2142 1672 2256 1741 maior
2269 1672 2338 1741 mi-

315 1764 539 1848 ministrum,
563 1776 599 1833 et
614 1762 835 1838 invisibilem
849 1764 1077 1837 maiestatem.
1104 1760 1202 1833 llaec
1216 1772 1301 1833 suut
1350 1762 1441 1832 scria
1465 1762 1531 1831 ulli
1554 1777 1737 1834 creaturae
1758 1765 1916 1837 accidere
1938 1782 2070 1858 potest,
2096 1794 2202 1863 qoam
2217 1774 2338 1843 exclu-

313 1863 590 1958 simplicissima:
630 1867 691 1935 sed
714 1864 797 1959 quia
824 1862 953 1935 Ariani
973 1859 1042 1937 hoc
1064 1862 1199 1934 dictum
1221 1881 1301 1933 cor·
1351 1887 1424 1934 sam
1451 1886 1523 1933 csse
1554 1886 1574 1933 e
1602 1865 1849 1954 deprecatione
1878 1863 2033 1956 Christi,
2073 1873 2338 1944 maledictama

308 1968 545 2059 rumpebant,
569 1967 664 2037 etad
684 1988 768 2037 suos
789 1968 929 2040 lurores
953 1965 1216 2037 confirmandos
1233 1965 1299 2035 do-
1349 1963 1448 2049 Deo,
1475 1978 1509 2035 et
1525 1978 1686 2035 aeternae
1704 1966 1776 2039 irae
1790 1965 1856 2039 Dei
1879 1972 2071 2042 subiectam
2092 1974 2191 2044 esse?
2240 1972 2338 2047 Haec

307 2069 547 2162 torquebant,
571 2065 643 2137 alis
658 2066 816 2163 syntaxis
831 2069 880 2139 ab
901 2066 966 2154 iis,
989 2066 1051 2161 qui
1068 2064 1224 2137 Arianos
1240 2089 1299 2137 ro-
1350 2090 1490 2137 summa
1506 2068 1600 2136 mala
1617 2069 1861 2159 significantur
1877 2068 1944 2142 hac
1962 2074 2173 2146 exclusione.

305 2172 494 2256 submi,
531 2169 660 2252 staffili
685 2182 753 2241 ²⁸1²
791 2167 1300 2253 11³0⁶²⁸lvll⁸⁸⁰l²1⁰22¹11
1451 2181 1591 2257 Deinde
1613 2186 1757 2257 additur
1780 2189 1937 2262 laudatio
1952 2188 2149 2280 Ecclesiae,
2176 2217 2266 2289 quae
2286 2209 2339 2267 est

306 2284 505 2365 ⁸gn⁰⁸t⁸¹¹l
526 2283 579 2356 les
619 2284 653 2341 ‘l
673 2294 779 2364 (tuem
810 2271 937 2341 ml⁸l³ll
965 2267 1082 2342 lem
1102 2264 1298 2352 Christum·
1350 2288 1553 2357 dulcissima
1577 2290 1771 2359 consolatio
1793 2292 1955 2361 omnium
1991 2294 2278 2386 amplectentium
2302 2312 2339 2369 et

311 2397 383 2445 esse
397 2374 519 2443 solum
541 2394 663 2441 verum
677 2368 808 2447 Deum.
859 2370 930 2443 Hic
947 2384 1066 2444 tamen
1081 2370 1242 2465 quaestio
1254 2372 1301 2439 de
1351 2388 1594 2480 profitentium
1610 2389 1866 2482 Evangelium,
1890 2394 1940 2463 sic
1952 2395 2048 2464 euim
2065 2398 2134 2469 ait:
2166 2396 2243 2489 Ego
2260 2400 2337 2489 glo-

317 2476 450 2569 8ρῇῑο
462 2487 588 2545 ”mm
601 2473 738 2569 “liqut
752 2488 817 2560 ‘⁸¹2
840 2473 924 2547 5³²⁰
939 2468 1032 2545 ΒΜ
1044 2472 1211 2569 ⁸yssl⁸¹l¹¹
1224 2494 1300 2543 ⁰⁰¹¹
1351 2492 1506 2561 rilicatus
1521 2514 1598 2560 sum
1619 2494 1656 2562 iu
1674 2494 1743 2579 cis,
1769 2494 1890 2578 idest,
1916 2495 1976 2590 qui
2004 2521 2121 2568 meum
2139 2522 2337 2571 sermonem

319 2577 419 2646 valde
441 2596 653 2669 propugno,
707 2579 809 2668 quasi
839 2576 920 2669 quis
952 2575 1149 2675 voletouli,
1182 2587 1301 2647 1⁸1⁰&ss
1350 2592 1612 2683 amplectuntur
1628 2608 1662 2665 ct
1679 2596 1932 2668 circumierunt
1955 2602 2050 2691 apud
2071 2624 2195 2673 omnes
2219 2598 2338 2673 horni-

311 2677 488 2771 Spt'fl'ltlm
501 2690 665 2747 ”fitium
681 2675 993 2794 elltmft’ffll’loell
1005 2675 1194 2769 ⁰P⁰¹lebl¹⁴
1215 2776 1224 2795 ·
1244 2674 1300 2747 Ac
1351 2718 1425 2764 nes.
1469 2690 1544 2765 Hos
1561 2696 1629 2765 mei
1644 2698 1818 2770 sermonis
1834 2702 1996 2773 custodes
2012 2724 2033 2771 a
2050 2716 2082 2775 te
2097 2704 2230 2775 servari
2245 2718 2339 2797 peto,

312 2804 391 2850 mox
407 2792 611 2875 sequuntur
624 2778 826 2851 testimonla
846 2779 893 2851 de
915 2779 982 2849 filil
1003 2778 1191 2852 divinitate
1213 2778 1301 2850 ¹11⁰·
1353 2792 1419 2867 hos
1433 2819 1507 2868 esse
1521 2810 1601 2869 tuos
1614 2798 1763 2871 affirmo.
1813 2798 1891 2872 Hac
1907 2824 1945 2873 se
1961 2805 2203 2875 consolatione
2213 2800 2338 2877 Eccle-

314 2882 409 2958 tiria-
1350 2899 1443 2991 siae,
1470 2912 1503 2969 ct
1519 2901 1680 2972 doctores
1697 2902 1746 2995 pii
1761 2904 1981 2991 confirment,
2006 2918 2041 2975 et
2055 2922 2197 2999 sperent
2213 2908 2338 2977 delen-

1352 3001 1487 3073 sionem
1500 2999 1621 3087 aDeo,
1646 3004 1782 3074 etiamsi
1799 3006 1942 3100 tyranni
1958 3007 2087 3100 passim
2104 3008 2143 3078 in
2158 3021 2233 3081 toto
2250 3010 2338 3081 orbe

1351 3116 1529 3175 terrarum
1552 3105 1669 3177 delere
1689 3100 1924 3197 Evangelium
1954 3124 2147 3197 conantur,
2186 3111 2338 3181 sciamus

1352 3226 1416 3274 nos
1433 3228 1507 3275 non
1522 3228 1543 3275 a
1560 3206 1675 3293 nobis,
1701 3231 1776 3278 non
1792 3232 1811 3278 a
1825 3209 1967 3299 regibus
1982 3211 2122 3298 mundi,
2147 3213 2208 3282 sed
2225 3236 2244 3281 a
2259 3210 2336 3282 Deo

382 3318 533 3413 Repetit
547 3320 744 3395 {mmmm
756 3322 1017 3414 mentionem,
1042 3318 1212 3393 Glorflfica
1230 3344 1300 3406 m,
1350 3304 1509 3379 delendi.
1561 3306 1634 3379 Tui
1649 3322 1752 3392 suut,
1778 3309 1896 3405 inquit
1911 3306 2097 3397 Christus,
2124 3312 2178 3382 illi
2192 3312 2337 3397 scilicet,

312 3424 493 3514 etallegat
513 3446 671 3511 cauum,
704 3424 856 3507 scilicet,
889 3425 1005 3514 ipsum
1027 3422 1216 3511 consilium
1232 3422 1299 3497 llei
1350 3408 1389 3477 5¹¹
1413 3407 1543 3501 llUlb¹¹³
1571 3408 1785 3498 8¹⁰rlfi⁰⁸l⁰³
1808 3436 1909 3498 *Μὴ
1946 3412 1983 3484 fd
2014 3427 2085 3501 ²⁸¹2
2124 3414 2187 3510 qui
2217 3438 2336 3485 meum

311 3551 371 3598 seo
385 3526 653 3597 ordinationem
666 3527 840 3602 divinam.
861 3613 866 3621 ,
891 3526 952 3598 Sic
964 3527 1138 3596 ordinasti
1157 3521 1221 3596 has
1242 3549 1298 3596 res
1348 3507 1581 3600 Eldnssflllum
1595 3515 1872 3603 ³¹¹¹P¹0⁰¹⁰¹¹l¹¹¹¹2
1897 3528 1931 3586 ⁰²
1944 3517 2095 3585 fideliter
2109 3532 2279 3608 ‘pirgum
2297 3519 2336 3586 5¹¹

311 3649 491 3708 menas,
515 3641 550 3700 et
572 3629 736 3700 omniurn
749 3628 940 3714 maximas,
973 3627 1119 3700 voluisti
1142 3640 1176 3698 te
1199 3641 1297 3719 pate.
1349 3614 1510 3705 populos.
1550 3609 1647 3684 Haec
1662 3627 1837 3704 postrema
1853 3616 2023 3706 particula
2038 3617 2228 3708 diligenter
2241 3617 2336 3710 aspi·

314 3727 427 3800 lacem
446 3729 557 3799 mirso
583 3730 678 3817 titio,
716 3729 863 3803 voluisti
887 3730 1015 3801 redimi
1035 3751 1146 3821 genua
1169 3725 1298 3800 huma.
1348 3717 1478 3800 cietur,
1502 3727 1543 3787 ut
1559 3715 1730 3803 sciamus,
1752 3718 1797 3786 de
1811 3718 1941 3810 quibus
1956 3719 2124 3810 loquatur
2138 3721 2335 3810 promissio.

315 3855 418 3916 num,
457 3829 604 3902 2011,ssst
635 3855 692 3903 me
711 3833 789 3903 fieri
812 3832 994 3904 „terimam
1014 3845 1049 3902 ει
1072 3833 1297 3922 plangorem,
1348 3813 1422 3886 Nec
1436 3816 1642 3889 inserantur
1656 3813 1726 3887 huc
1740 3819 1997 3907 disputationes
2007 3823 2051 3888 dc
2066 3819 2248 3903 electione,
2272 3823 2334 3890 sed

309 3931 401 4004 &aa
428 3933 592 4021 audivi,
633 3946 672 4004 ar
697 3935 850 4020 obedio,
888 3955 986 4004 nune
1014 3933 1168 4004 pietatm
1200 3933 1298 4005 ime,
1348 3919 1499 3990 sciamus
1522 3919 1653 3989 diserte
1673 3918 1745 3990 dici
1769 3922 1813 3989 de
1833 3920 2116 4008 glorificantibus
2138 3918 2335 4008 Christum,

310 4051 409 4106 {mm
423 4035 689 4106 ordinationem
706 4060 763 4105 me
776 4035 991 4127 glorificam,
1015 4035 1144 4105 adiuva
1159 4059 1227 4119 me,
1250 4059 1297 4106 ne
1346 4019 1384 4090 ld
1400 4033 1463 4104 tbi,
1487 4021 1532 4091 di
1550 4017 1719 4094 Etclfflllss
1734 4021 2048 4116 amplectentibus,
2073 4037 2107 4094 el
2124 4024 2334 4096 Sondssllblld

307 4137 540 4208 succumbam
564 4138 604 4205 in
626 4133 694 4208 hoc
718 4160 849 4228 agone,
881 4152 918 4210 ct
939 4137 1086 4212 restitue
1107 4131 1197 4207 mihi
1218 4139 1296 4227 glo·
1345 4115 1594 4212 Evanbellum·

306 4241 403 4308 riam
419 4250 623 4327 aeternam,
647 4263 754 4332 quam
777 4242 872 4331 apud
892 4254 928 4312 te
952 4235 1081 4321 habui,
1105 4253 1295 4333 antequam
1447 4237 1611 4313 Pericula
1635 4243 1739 4318 etiem
1761 4269 1884 4320 eornm
1905 4245 2010 4320 unica
2041 4245 2246 4318 brevissima
2269 4270 2332 4338 ap·

304 4340 470 4410 mundus
481 4342 706 4416 conderetur.
753 4339 833 4413 Hoc
848 4342 983 4414 dictum
997 4364 1158 4434 expresse
1172 4342 1217 4412 de
1230 4341 1297 4411 lilii
1346 4341 1538 4434 pellatione
1552 4343 1743 4434 significat,
1765 4373 1845 4419 cum
1862 4350 1928 4420 ait:
1955 4349 2014 4420 Illi
2032 4349 2069 4418 in
2087 4351 2222 4419 mundo
2237 4361 2332 4432 suut,

301 4437 376 4512 Ilei
408 4441 596 4513 divinitate
609 4443 880 4532 concionatur,
927 4467 1011 4514 nam
1046 4443 1078 4516 si
1113 4444 1182 4514 luit
1213 4458 1297 4514 ante
1346 4445 1482 4534 idest,
1516 4445 1637 4520 vivent
1657 4448 1695 4517 in
1716 4444 1782 4519 hac
1813 4451 2022 4522 confusione
2051 4445 2258 4533 hominum,
2292 4448 2332 4516 in
2403 4497 2406 4502 -

302 4543 436 4612 mundi
452 4544 714 4626 conditionem,
741 4559 879 4616 nonest
894 4558 1068 4619 creatura.
1119 4544 1297 4616 Memiue-
1347 4570 1416 4640 qua
1440 4545 1588 4637 plurimi
1611 4563 1695 4621 sunt
1718 4549 1821 4644 impii
1846 4566 1878 4623 ct
1901 4551 2079 4634 crudeles,
2113 4564 2153 4621 ut
2176 4549 2331 4642 tyranni,

305 4645 386 4716 rint
402 4645 513 4734 igitur
526 4647 674 4718 studiosi
689 4642 757 4718 hoc
775 4649 928 4733 dictum,
963 4661 999 4720 et
1020 4647 1114 4718 inter
1136 4649 1295 4718 testimo·
1348 4647 1454 4718 multi
1472 4647 1643 4732 lunatici,
1675 4647 1861 4733 haeretici,
1895 4652 1999 4722 multi
2023 4649 2135 4735 leves,
2168 4663 2202 4720 et
2225 4651 2329 4742 pcrti-

303 4747 367 4816 nia
383 4750 430 4817 de
455 4747 641 4820 divinitate
662 4747 727 4818 lilii
751 4761 964 4820 manant.
1022 4747 1142 4838 Pergit
1163 4749 1295 4820 deinde
1343 4750 1455 4828 diosi,
1480 4749 1543 4843 qui
1559 4767 1778 4824 omnessunt
1795 4777 1924 4844 organa
1944 4750 2076 4822 diaboli
2101 4745 2262 4834 incitata,
2288 4766 2330 4822 ut

304 4849 500 4940 explicare,
524 4850 654 4945 quibus
669 4853 775 4922 rebus
790 4850 1039 4941 glorificaverit
1055 4868 1200 4942 patrem,
1225 4852 1295 4920 sci·
1343 4851 1511 4921 noticiam
1544 4849 1615 4922 Dei
1644 4855 1828 4939 deleant,·
1854 4867 1890 4924 et
1918 4849 2111 4924 Ecclesiam
2145 4847 2328 4944 dissipent.

304 4949 410 5032 licet,
436 4947 768 5046 quiaEvangelium
785 4977 828 5022 er
843 4975 972 5023 amano
987 4953 1069 5022 sinu
1087 4952 1194 5043 patris
1210 4977 1294 5042 pro-
1341 4949 1482 5022 Deinde
1502 4952 1543 5021 in
1565 4951 1641 5046 ipsa
1662 4955 1815 5028 Ecclesia
1838 4977 2002 5047 magnae,
2034 4967 2068 5024 et
2089 4953 2328 5047 deplorandae

305 5053 421 5122 latum
456 5053 644 5126 tradiderit
670 5051 871 5147 Apostolis,
910 5054 1103 5125 instituerit
1132 5054 1295 5126 ministe-
1342 5052 1566 5124 infirmitates
1597 5070 1699 5144 sunt,
1733 5059 1893 5152 undique
1923 5057 2032 5146 igitur
2060 5056 2215 5147 pericula
2244 5070 2328 5128 sunt

303 5153 403 5224 rium
419 5149 627 5244 Evangelii,
652 5171 689 5228 et
701 5155 881 5227 addiderit
901 5154 1102 5228 testimonia
1118 5155 1294 5242 miranda,
1343 5156 1411 5249 piis
1425 5157 1733 5246 gubernatoribus,
1759 5183 1849 5254 quae
1864 5159 1938 5248 regi
1954 5181 2027 5228 non
2045 5169 2191 5248 possunt
2205 5156 2326 5226 omnia

304 5255 596 5328 resuscitationes
610 5268 850 5343 mortuorum,
881 5270 916 5328 et
936 5257 1006 5326 alia
1027 5281 1117 5352 quae
1141 5257 1290 5328 convin-
1341 5257 1513 5348 sapientia
1531 5253 1698 5345 humana,
1722 5261 1813 5332 sicut
1827 5261 1914 5332 dicit
1928 5253 2123 5349 Propheta:
2150 5255 2233 5328 Scio
2250 5255 2327 5329 Do·

302 5373 395 5430 cont
424 5381 550 5429 omnes
573 5372 770 5445 creeturm,
815 5373 856 5430 ut
875 5359 979 5438 lateri
999 5372 1171 5449 cogantur
1198 5354 1293 5431 hauc
1340 5359 1450 5451 mine,
1477 5373 1618 5432 nonest
1632 5356 1790 5433 hominis
1805 5362 1861 5429 via
1878 5360 1975 5440 eius,
2002 5381 2066 5428 nec
2082 5353 2150 5427 viri
2166 5372 2216 5428 est
2232 5357 2327 5429 diri·

301 5459 510 5532 doctriusrn
522 5459 569 5530 ab
584 5455 654 5530 hoc
667 5459 917 5531 concionatore
933 5457 1013 5530 lesu
1024 5460 1203 5543 traditam,
1230 5483 1293 5528 ve-
1340 5482 1422 5546 gere
1434 5480 1573 5546 gressus
1588 5480 1681 5534 suos.
1738 5459 1822 5530 ldeo
1839 5455 1948 5531 ethic
1964 5455 2125 5532 Christus
2140 5474 2205 5550 pro
2220 5457 2324 5531 nobis

300 5585 382 5634 ram
412 5582 500 5634 esso
564 5557 663 5631 Haec
689 5561 799 5651 igitur
821 5561 928 5631 verba
958 5557 1026 5631 hoc
1056 5561 1135 5631 loco
1166 5557 1293 5652 posita,
1340 5571 1521 5650 precatur,
1552 5571 1593 5628 ut
1612 5557 1651 5629 in
1675 5556 1742 5630 hac
1765 5573 1864 5632 tauta
1885 5560 2053 5632 varietate
2083 5559 2322 5652 periculorum

298 5667 505 5734 oflendunt
530 5661 740 5754 dignitatem
763 5659 954 5733 ministerii
974 5659 1178 5752 Evangelii,
1209 5683 1292 5733 cum
1339 5681 1540 5743 servemur,
1564 5674 1599 5732 et
1612 5679 1714 5753 saepe
1727 5659 1814 5732 alias
1829 5661 2049 5753 promittitur
2066 5657 2258 5743 auxilium,
2282 5671 2322 5730 ut

296 5766 351 5836 eit
365 5759 547 5851 Christus,
568 5763 759 5856 glorificari
771 5763 887 5837 Deum
900 5757 1291 5856 praedicationeEvau-
1338 5755 1465 5833 Esaiae
1482 5757 1559 5834 tu:
1592 5759 1668 5853 Ego
1690 5776 1927 5835 senescentem
1949 5755 2141 5832 Ecclesiam
2166 5762 2321 5854 gestabo,

296 5867 401 5960 getii.
1338 5885 1403 5955 rgo
1419 5861 1486 5935 leci
1495 5915 1507 5951 ,
1533 5881 1597 5968 ego
1611 5865 1780 5958 portabo,
1803 5859 1995 5940 etsalvabo
2011 5887 2098 5936 eam.

354 3060 451 3161 Ego
490 3060 705 3161 glorificari
735 3081 771 3139 te
796 3087 912 3165 super
941 3038 1097 3156 terram,
1142 3074 1175 3137 ct
1205 3086 1302 3137 nunc

408 3161 586 3263 glorifica
609 3190 676 3241 mc.
1316 3193 1319 3202 ’
