5825 6950
354 679 430 758 ert
635 679 738 761 Xlll.
781 680 824 756 d.
849 676 1151 762 ENARMTlO
1166 677 1334 760 EPlST.
1360 680 1510 762 ruunt
1536 677 1605 764 At)
1630 685 1892 768 ROMANOS.
1950 691 2052 770 CAP.
2076 697 2106 776 l.
2313 711 2399 784 tm

354 853 480 947 priori.
531 852 647 928 Nasus
670 864 724 933 αι’
742 855 882 931 semine
900 853 1019 930 Devid
1046 857 1241 929 secundnm
1272 879 1350 930 ear·
1401 853 1517 934 lesum
1543 853 1750 942 Christum,
1789 875 1825 936 et
1852 861 2028 956 Spiritum
2051 886 2395 970 sanctumffpmee.

285 1002 289 1025 .
355 981 460 1048 nem,
489 956 527 1029 id
544 971 618 1049 est,
644 951 842 1033 secundum
863 973 1028 1032 naturam
1043 954 1260 1044 humanam,
1280 959 1347 1030 ob-
1399 961 1542 1037 dentem
1565 963 1611 1032 ab
1633 979 1777 1034 aeterno
1803 978 1902 1056 patre
1925 971 2061 1044 etlilio.
2114 971 2163 1046 Et
2187 978 2224 1048 in
2247 981 2392 1060 iuvoca-

354 1060 500 1132 noxiam
515 1059 646 1141 morti,
678 1060 758 1132 sine
779 1074 1009 1150 peccatone.
1059 1059 1214 1154 Reliqua
1232 1085 1346 1150 oppo·
1399 1061 1498 1132 riona
1521 1065 1772 1155 patefactiones
1796 1057 2005 1156 cogitandae
2028 1089 2133 1164 sunt,
2159 1080 2280 1174 qualis
2300 1085 2390 1156 laeta

351 1177 494 1234 suuntur
507 1162 647 1235 deliciis
664 1157 894 1247 ludaeorum,
924 1163 986 1255 qui
1002 1165 1235 1254 expectabant
1249 1162 1346 1234 Mer·
1397 1178 1452 1241 est
1479 1165 1521 1236 in
1546 1167 1723 1259 baptismo
1759 1163 1912 1246 Christi.

286 1286 292 1343 r
351 1261 444 1332 siam
467 1276 649 1355 potentem
672 1265 798 1349 armis,
829 1265 1009 1350 victoriis,
1040 1265 1246 1358 operientis,
1276 1265 1345 1336 irn-

350 1363 464 1457 periis
487 1365 626 1442 mnndi.
678 1363 729 1438 At
749 1364 883 1438 Paulos
908 1362 1045 1460 inquit,
1070 1380 1250 1459 potentem
1269 1390 1345 1440 esse

348 1468 550 1542 secundum
572 1466 749 1560 Spiritum
771 1469 1069 1555 sanctificantem,
1094 1470 1226 1555 idest,
1257 1470 1343 1564 quie
1497 1460 1700 1562 Antequam
1733 1467 1888 1544 institnit
1918 1475 2214 1568 disputationem,
2255 1472 2382 1560 usitato

347 1571 409 1642 det
423 1567 800 1662 Spirilumssnrtum,
815 1583 851 1640 et
864 1572 984 1642 sulert
996 1586 1176 1661 umatum
1193 1585 1343 1643 etms·
1394 1591 1494 1648 more
1517 1569 1555 1640 in
1578 1571 1820 1654 orationibus,
1851 1579 2035 1650 exordium
2054 1586 2257 1676 praeponit,
2284 1593 2384 1663 euius

347 1683 446 1761 tem,
495 1685 531 1750 et
563 1672 682 1757 reddit
724 1671 901 1746 iusticiam
938 1686 976 1747 et
1007 1673 1119 1746 vitam
1150 1686 1342 1750 marran.
1393 1671 1509 1762 prima
1533 1673 1730 1766 propositio
1753 1689 1805 1746 est
1828 1673 2051 1768 Gratulatio,
2078 1683 2169 1755 sicut
2191 1689 2383 1773 usitatissi-

342 1770 447 1842 llaee
458 1786 582 1848 susem
594 1775 718 1847 omnia
737 1775 1342 1865 propriasnutdivineeporemise.
1393 1774 1492 1844 mum
1524 1787 1594 1859 est,
1640 1797 1661 1843 a
1684 1777 1983 1866 gratulationibus
2014 1798 2047 1854 et
2072 1809 2090 1854 a
2116 1791 2381 1878 precationibus

342 1871 409 1946 Est
434 1875 547 1966 igitur
568 1875 664 1947 lelius
686 1890 812 1950 ustura
839 1875 1078 1967 omnipotens.
1128 1875 1259 1951 Sicait
1281 1902 1342 1948 co·
1392 1873 1518 1946 ordiri.
1585 1873 1631 1950 Et
1667 1879 1938 1968 gratulationem
1971 1885 2131 1978 sequitur
2164 1889 2233 1960 alia
2263 1884 2380 1971 vicina'

268 2016 270 2024 ·
342 1977 491 2068 gnitum
520 1999 596 2050 esse
626 2001 690 2069 per
720 1977 835 2068 ipsius
864 1979 1181 2066 resurrectionem,
1219 1993 1256 2052 et
1278 2003 1342 2070 per
1392 1977 1612 2070 propositio,
1645 1979 1829 2052 videlicet:
1871 1977 1920 2054 Et
1943 1987 2015 2076 ipse
2038 1991 2083 2058 acl
2115 2015 2177 2059 vos
2205 1993 2379 2084 proficisci

343 2079 470 2150 emnia
490 2079 679 2165 miracula,
705 2101 767 2170 per
783 2080 1086 2153 resuscitationem
1103 2094 1340 2164 mortuorum,
1391 2101 1495 2170 saepe
1517 2079 1705 2166 constitui,
1729 2095 1769 2154 ut
1791 2107 1854 2152 vos
1879 2085 2040 2158 docerem
2066 2104 2099 2161 et
2121 2083 2378 2179 confirmarem,

343 2181 488 2268 etalia,
511 2195 549 2252 et
563 2181 871 2272 perdonationem
886 2180 1042 2273 Spiritus
1057 2182 1190 2271 sancti,
1213 2183 1278 2279 qni
1294 2186 1339 2254 dc
1390 2179 1530 2262 Deinde
1552 2179 1714 2276 seqnitur
1744 2185 1988 2262 adversativa:
2030 2189 2099 2264 Sed
2123 2217 2202 2265 cum
2225 2199 2377 2290 impedi.

271 2298 276 2318 ⁸
345 2305 387 2354 ee
409 2282 614 2358 illustribus
635 2284 818 2357 miraculis
839 2284 1044 2358 testificatus
1063 2299 1130 2363 esu
1331 2332 1335 2341 ·
1390 2297 1447 2354 tus
1471 2298 1532 2359 etc.
1587 2283 1727 2373 Quarto
1756 2289 1916 2380 sequitur
1939 2287 2163 2393 αἰτιολογία,
2194 2311 2310 2372 sumta
2335 2331 2375 2378 ex

1390 2387 1537 2481 proprio
1569 2385 1699 2463 officio.
1752 2385 1845 2477 Quia
1881 2392 2021 2462 delritor
2052 2418 2130 2466 sum
2157 2397 2376 2494 sapientibus

1388 2487 1699 2581 etiusipientibus.
1739 2487 1895 2579 Quinto,
1921 2488 2138 2587 Occupatio,
2165 2525 2233 2596 qna
2251 2529 2375 2577 occur.

447 2591 577 2665 Gratia
592 2591 720 2664 usitate
737 2593 913 2683 significat
927 2592 1074 2664 relative
1091 2591 1338 2664 remissionem
1387 2591 1436 2662 rit
1460 2605 1571 2670 tectae
1594 2590 1802 2663 obiectioni:
1841 2591 1989 2668 Etiamsi
2014 2600 2086 2669 scio
2119 2593 2374 2693 professionem

347 2707 573 2786 peccatorum
605 2695 814 2785 gratuitam,
855 2708 891 2768 et
915 2695 1243 2768 reconciliationem
1274 2718 1338 2768 seu
1387 2685 1574 2785 Evangelii
1589 2706 1623 2765 et
1637 2693 1833 2784 despectam
1853 2710 1883 2767 et
1902 2695 2051 2770 invisam
2067 2727 2139 2773 esse
2154 2704 2375 2798 sapientibus

347 2797 624 2888 acceptationem
639 2796 831 2886 grae-rusam
846 2811 992 2888 propter
1007 2798 1121 2869 lilium
1139 2794 1228 2883 Del,
1253 2822 1337 2870 cum
1386 2798 1534 2881 mundi,
1584 2809 1702 2865 tamen
1725 2817 1879 2868 menon
1906 2801 2014 2892 pudet
2045 2793 2152 2876 liuius
2181 2795 2375 2896 doetrinae,¹

347 2899 621 2991 qnaconiuncts
638 2897 898 2972 estvivilicatio
921 2900 1139 2993 perfiliun,
1163 2912 1199 2972 et
1221 2901 1337 2972 dnos·
1387 2897 1442 2970 lbi
1485 2897 1586 2969 addit
1626 2897 1921 2970 asseverationem
1972 2908 2184 2978 contrariam
2228 2910 2372 2988 indiciis

347 3001 398 3072 tio
414 2998 574 3091 Spiritus
592 3001 716 3075 sancti.
884 3047 894 3062 ·
1384 3001 1531 3087 mundi,
1545 3013 1579 3075 et
1593 2997 1762 3082 affirmat,
1776 3001 1825 3071 sic
1842 3002 1962 3094 colligi
1980 3019 2156 3081 aeternam
2176 3007 2373 3092 Ecclesiam

448 3099 523 3174 Pax
549 3097 704 3177 Ebraico
728 3125 827 3174 more
851 3125 996 3194 prorsus
1024 3116 1217 3196 usurpatur
1243 3102 1336 3176 sicut
1382 3101 1460 3173 Deo
1483 3126 1547 3194 per
1565 3100 1803 3172 ministerium
1825 3101 2031 3194 Evangelii,
2059 3126 2093 3183 et
2116 3114 2213 3184 addit
2238 3141 2373 3208 propo».

347 3206 441 3294 apud
461 3203 647 3279 nossalus.
697 3204 1015 3294 Significatautem
1031 3204 1145 3296 ipsam
1167 3204 1335 3277 donatio·
1381 3205 1550 3277 sirionem
1575 3201 1809 3298 principalem
1836 3201 2036 3302 Epistulae:
2073 3208 2190 3286 lustus
2214 3217 2282 3288 fide
2307 3230 2374 3294 sua

349 3329 431 3376 nem
449 3304 608 3398 Spiritus
628 3307 761 3393 sancti,
785 3320 822 3378 et
843 3305 986 3378 ellectus
1009 3307 1163 3391 multos,
1194 3307 1333 3380 scilicet
1382 3307 1488 3381 vivet·

266 3460 272 3474 0
351 3431 469 3499 pacem
484 3406 743 3500 seruientia,
768 3409 895 3494 iidem,
912 3431 1030 3499 spem,
1056 3407 1333 3493 invocationem,
1424 3416 1428 3427 '

266 3564 268 3569 -
351 3510 520 3581 auxilium
544 3509 709 3583 divinum
731 3511 770 3581 in
793 3510 1070 3600 gubernatione,
1099 3524 1136 3581 et
1155 3534 1334 3587 successus

353 3611 605 3699 invocatione,
630 3627 668 3685 et
682 3613 721 3684 iu
735 3613 904 3685 omuibus
920 3612 1012 3685 vitae
1035 3614 1208 3707 partibus.
1482 3604 1661 3679 Discernit
1678 3608 1793 3681 cultus
1810 3606 1988 3682 Leviticos
2005 3614 2051 3683 ab
2068 3613 2236 3686 interiore
2258 3623 2367 3705 cultu,

1382 3724 1417 3784 et
1433 3734 1452 3778 a
1470 3710 1732 3799 praedicatione
1744 3708 1930 3802 Evangelii
1956 3728 1989 3785 et
2012 3718 2251 3801 confessione,
2277 3726 2372 3797 sicut'

1382 3828 1416 3885 et
1431 3810 1596 3884 Christus
1616 3812 1735 3904 inquit
1754 3810 1850 3885 loan.
1870 3812 1924 3887 da
1953 3814 2037 3887 Veri
2060 3809 2366 3895 adoratores‘ado-

446 3916 584 3991 Uritate
609 3920 793 4008 coniungit
810 3934 967 4012 patrem,
991 3932 1025 3991 et
1047 3916 1243 3991 Dominum
1266 3940 1334 3987 no-
1382 3918 1512 3988 rabunt
1533 3929 1667 4006 patrem
1685 3913 1722 3981 in
1740 3910 1878 4005 Spiritu
1895 3932 1929 3991 et
1943 3918 2165 4009 Veritate,·id
2183 3935 2247 4007 est,
2264 3942 2365 4001 motu

354 4034 458 4093 strom
494 4020 610 4092 lesum
644 4016 838 4095 Christum.
890 4020 1076 4107 Primum,
1109 4031 1150 4091 ut
1170 4034 1334 4106 moneat,
1382 4017 1499 4089 cordis
1523 4038 1669 4086 accenso
1691 4012 1943 4107 perspiritum
1966 4038 2144 4109 sanetum,
2170 4026 2367 4125 etinveri·

277 4178 283 4187 .
355 4122 458 4196 ilium
481 4148 624 4217 qnoque
646 4137 772 4193 natura
792 4118 907 4194 Deum
932 4146 1024 4209 esse,
1055 4145 1164 4217 aquo
1181 4122 1332 4215 petenda
1380 4134 1473 4206 tate,
1506 4118 1543 4188 ld
1566 4131 1636 4202 ²⁸1,
1667 4140 1751 4187 vm
1772 4116 1953 4209 ”gulllsssse
1974 4119 2047 4193 Del·
2067 4138 2102 4203 tl
2130 4124 2257 4198 fidutia
2286 4131 2364 4221 filii,

354 4225 602 4317 ctaccipiencla
624 4226 696 4297 sint
717 4220 805 4296 hace
826 4228 933 4300 bona.
981 4222 1166 4316 Secundo,
1193 4237 1233 4295 ut
1254 4249 1331 4293 mo·
1381 4223 1477 4293 iuxta
1504 4221 1653 4291 verbnm
1674 4242 1693 4289 a
1715 4216 1790 4290 Deo
1810 4222 2002 4305 traditum,
2029 4226 2118 4297 sicut
2139 4239 2171 4297 et
2195 4230 2283 4301 alibi
2309 4230 2364 4302 di-

353 4341 447 4411 neat,
472 4327 551 4396 dari
571 4323 655 4397 lracc
674 4328 770 4398 bona
792 4342 935 4420 propter
951 4325 1083 4411 filium,
1109 4326 1206 4396 iuxta
1225 4325 1332 4395 illud:
1381 4324 1491 4394 citur:
1517 4319 1624 4393 Pater
1639 4320 1817 4391 sanctillea
1834 4345 1895 4394 eos
1912 4325 1950 4395 in
1965 4326 2132 4412 veritate,
2150 4352 2268 4401 sermo
2282 4345 2365 4408 tuus

351 4424 533 4525 Quidquffi
557 4428 728 4521 pegam,
750 4444 883 4522 mmm
909 4428 947 4498 ὴ,
972 4430 1118 4497 min,
1145 4452 1242 4513 meo,
1276 4427 1332 4496 fg.
1382 4440 1433 4497 est
1450 4426 1591 4499 veritas.
1642 4420 1826 4513 Significat
1846 4425 1959 4511 enim,
1986 4451 2148 4499 noncsse
2170 4434 2365 4507 sanctitica-

350 4534 454 4605 ciam.
504 4528 650 4619 Tertio,
673 4543 715 4601 ut
740 4545 899 4617 moneat,
930 4533 981 4599 ric
1001 4544 1167 4621 oportere
1189 4528 1333 4619 agnosci
1381 4528 1515 4599 tionem
1532 4525 1572 4595 in
1595 4524 1674 4593 aliis
1691 4523 1804 4595 Sectis
1819 4524 1855 4598 et'
1868 4526 2113 4617 opinionibus,
2125 4532 2184 4601 sed
2201 4550 2365 4625 oportere

352 4628 492 4719 llcnm,
537 4647 578 4704 ut
609 4632 655 4703 sit
685 4632 819 4705 directa
846 4654 949 4701 mens
971 4646 1006 4702 et
1030 4629 1256 4723 compellatio
1286 4630 1332 4700 ad
1381 4628 1523 4721 agnosci
1537 4623 1792 4715 Evangelium,
1818 4640 1851 4697 et
1866 4628 1976 4698 teneri
1992 4626 2248 4722 incorruptum.
2289 4634 2365 4710 No-

353 4730 442 4807 lmnc
462 4758 587 4804 verum
608 4732 746 4833 Deum,
786 4733 848 4830 qui
873 4757 910 4804 se
933 4733 1094 4826 patefecit
1118 4731 1224 4803 mis'so
1248 4732 1334 4816 filio,
1381 4732 1496 4802 minat
1521 4726 1630 4819 igilur
1651 4741 1685 4799 el
1709 4721 1769 4798 hic
1790 4728 1924 4799 tullum
1947 4722 2035 4817 Del,
2061 4734 2205 4817 dmm,
2231 4736 2367 4814 (llum

353 4836 443 4907 iuxta
461 4836 570 4907 illud:
597 4829 710 4905 Nemo
734 4849 847 4928 potest
871 4835 993 4904 venire
1016 4835 1058 4904 ad
1076 4846 1231 4926 patrem,
1261 4834 1332 4904 nisi
1381 4845 1417 4904 et
1435 4828 1595 4902 confiteri
1609 4824 1864 4917 Evangelium,
1897 4830 1989 4903 sieut
2011 4832 2100 4903 inlra
2118 4834 2255 4931 inquit:
2297 4840 2365 4917 Ss-

353 4962 411 5029 per
430 4940 558 5009 lilium.
610 4938 813 5027 Cogitemus
834 4950 952 5007 autem
974 4936 1249 5007 inenarrabilem
1267 4936 1334 5004 bo·
1381 4933 1501 5004 crilico
1524 4926 1769 5020 Evangelium.
1820 4926 1917 5003 Haec
1939 4933 2031 5005 dicta
2054 4936 2253 5029 affirmant,
2283 4938 2364 5018 Deo

353 5043 495 5113 ritatem
513 5040 602 5125 Dei,
626 5040 691 5131 qui
710 5061 790 5111 cum
806 5038 955 5111 essentia
977 5036 1044 5109 Dei
1067 5039 1114 5109 sit
1130 5036 1334 5123 invisibilis,
1382 5036 1523 5130 placere
1544 5032 1703 5103 laborem
1725 5032 1875 5103 docendi
1897 5047 1931 5106 et
1953 5035 2125 5107 discendi.
2174 5035 2221 5113 Et
2247 5061 2364 5137 qnan-

352 5165 489 5237 rcmper
519 5142 663 5233 aliquod
693 5141 936 5211 testimonium
965 5163 1031 5210 suo
1053 5141 1162 5211 verbo
1184 5139 1335 5223 addidit,
1382 5160 1490 5229 quarn
1514 5156 1640 5225 magna
1666 5146 1751 5203 sunt
1773 5132 1930 5226 pericula
1952 5138 2154 5210 docentium
2177 5154 2211 5213 et
2226 5144 2366 5219 discen·

352 5268 419 5339 φο
436 5244 699 5315 discerneretur
718 5266 822 5333 verus
844 5242 941 5315 lleus
956 5264 977 5309 a
992 5240 1243 5311 commentitiis
1265 5262 1334 5307 nn·
1383 5240 1494 5322 tium,
1516 5250 1635 5307 tamen
1659 5257 1734 5303 non
1755 5236 1962 5307 abiiciamus
1985 5232 2073 5311 hsce
2098 5245 2233 5333 studia,
2263 5246 2365 5321 lractl

354 5348 522 5419 minibus.
560 5344 631 5418 Sed
648 5343 874 5437 praecipuum
891 5342 1135 5415 testimonium
1151 5355 1221 5423 est,
1236 5343 1335 5434 quod
1384 5338 1582 5411 terroribus
1589 5387 1601 5423 ,
1628 5336 1690 5407 scd
1713 5348 1929 5423 statuamus,
1956 5337 2070 5411 Deum
2095 5344 2201 5417 nobis
2222 5345 2367 5427 adiutuss

355 5450 463 5521 fllium
499 5446 623 5531 misit,
663 5470 769 5540 quem
802 5460 956 5519 assumta
995 5440 1152 5515 humana
1190 5455 1336 5527 natura,
1385 5463 1467 5511 rum
1492 5462 1585 5531 esse,
1627 5459 1692 5507 nec
1714 5436 1853 5511 labores
1879 5454 2019 5513 nostros
2040 5442 2159 5515 irritos
2191 5448 2293 5539 lore,
2334 5457 2369 5524 el

355 5564 471 5621 urente
485 5547 617 5619 intueri
632 5570 700 5617 nos
711 5560 868 5639 oportet,
895 5560 929 5615 et
946 5546 1015 5615 lide
1029 5558 1199 5625 statuere,
1215 5566 1334 5613 veram
1386 5540 1743 5615 Deumservaturnm
1767 5560 1841 5609 esse
1857 5540 1995 5636 sliquos
2011 5558 2147 5633 coetus,
2174 5548 2290 5637 ipsum
2312 5552 2370 5625 io-

356 5650 542 5723 man„
555 5648 717 5719 divim
731 5648 962 5722 conditricem
978 5646 1068 5716 coeli
1083 5660 1118 5717 et
1134 5661 1269 5730 terrae,
1287 5658 1338 5747 ⁴ut
1386 5655 1572 5728 vocantes,
1597 5640 1661 5735 qui
1676 5639 1747 5711 siut
1763 5643 1925 5715 custodes
1943 5645 2139 5724 doctrinae.
2187 5648 2269 5723 Huc
2289 5676 2372 5747 per·

356 5748 540 5825 hominurn
563 5750 768 5823 stellarum
792 5762 1056 5833 creaturarum,
1098 5770 1174 5821 esse
1201 5760 1337 5837 patrem
1387 5746 1511 5815 tinent
1529 5742 1640 5814 mults
1661 5742 1874 5815 testimonis.
1931 5742 2138 5824 Psslm.1.:
2170 5746 2272 5826 Polis
2294 5757 2373 5831 cius

359 5850 463 5929 laiss
475 5850 624 5927 Domini
637 5851 751 5927 nostri
768 5848 848 5925 lesu
863 5844 1018 5933 Christi,
1052 5861 1087 5921 et
1102 5842 1200 5919 hunc
1222 5848 1338 5921 filium
1387 5868 1463 5919 non
1476 5842 1646 5921 defluent,
1675 5838 1890 6019 (clivom
1908 5843 1981 5919 ld:
2016 5845 2058 5920 ln
2075 5844 2375 5945 bsegtorifm,

1772 1331 2027 1405 Exordium.

688 2447 726 2527 G
728 2421 829 2528 ralia
844 2461 877 2526 el
889 2479 984 2553 pax.

1610 3465 1687 3547 Cui
1698 3470 1816 3545 servio
1833 3471 1874 3545 in
1890 3469 2037 3575 Spiritu
2055 3502 2145 3553 meu.

374 3784 411 3859 A
420 3776 507 3853 Deo
517 3790 624 3881 patre
640 3791 785 3872 nostro,
808 3792 840 3853 et
855 3777 1025 3853 Domino
1037 3778 1125 3853 Iesu
1139 3771 1306 3858 Christo.
