5825 6950
593 660 694 745 raas
955 682 964 696 ·
1182 639 1466 730 urrunnu.
1503 652 1715 733 scatere
1748 644 2051 740 exacuatur.
2245 704 2249 712 ·
2332 708 2339 721 .
2521 684 2591 765 aa

594 858 599 865 ·
692 836 817 907 Altera
842 829 1040 903 admonitio
1063 823 1124 899 hio
1145 822 1400 920 comprehensa
1424 817 1591 911 braeost,
1644 846 1720 905 tato
1743 837 1856 910 dicto:
1895 834 2046 911 Faciens
2074 852 2109 913 et
2139 842 2364 918 consentiens
2389 830 2533 929 similiter
2549 886 2593 954 pu.

589 942 698 1033 Quod
712 940 789 1010 vult
804 933 1177 1025 lieri-explorationem
1185 932 1372 1001 doctrinae
1387 943 1421 1003 et
1438 954 1594 1017 morum,
1644 938 1801 1009 uieudns
1819 950 1882 1012 est·
2638 1034 2639 1037 Ἴ

590 1041 811 1114 rtecadmittl
828 1040 873 1107 ad
896 1036 1136 1106 ml³l⁵lefl⁰m
1159 1035 1418 1127 lffil’lmlffls
1444 1036 1536 1107 ⁸5⁰⁰!
1558 1048 1595 1105 ⁰²
1752 1056 1891 1131 Deinde
1910 1062 2070 1153 congerit
2092 1062 2161 1135 alia
2179 1084 2382 1161 praecepta,
2406 1074 2447 1143 de
2467 1078 2597 1164 castitate,
2638 1102 2639 1155 t

590 1150 682 1217 iutra
715 1142 887 1238 praecipit
908 1144 945 1213 2.
970 1133 1131 1213 Timolh·
1146 1143 1203 1211 2ιὲ
1217 1182 1222 1189 ·
1237 1135 1459 1208 C0m¹⁰⁰¹¹d²
1481 1138 1594 1208 mini·
1646 1160 1730 1233 item
1747 1165 1940 1235 detuenda
1960 1165 2184 1259 valetudiue,
2211 1186 2246 1241 et
2261 1172 2343 1245 alia.
2638 1164 2639 1255 l

590 1252 736 1322 sterium
753 1243 963 1315 boffllssll)us
987 1240 1174 1314 fldellbffl·
1206 1239 1270 1333 ‘lui
1293 1253 1377 1311 ⁸⁰⁰¹
1399 1242 1521 1312 5⁶⁰⁰&
1549 1242 1594 1311 “d
1750 1258 1864 1377 Saepe
1888 1284 2008 1355 autem
2032 1288 2206 1377 repetitur
2228 1291 2390 1365 doctrina
2413 1294 2453 1364 de
2469 1300 2598 1385 castitate,

572 1353 804 1421 docendum·
857 1342 946 1416 Vull
971 1366 1054 1434 0¹8⁰
1077 1344 1206 1435 i¹¹³P¹⁰¹
1227 1345 1429 1413 d⁰⁰¹⁹¹¹¹²ffl
1452 1356 1497 1412 εἴ·
1516 1366 1594 1413 “¹⁰⁸
1646 1408 1752 1477 qrram
1772 1384 2008 1457 certissimum
2035 1404 2085 1459 est
2111 1389 2279 1463 virtutem
2304 1418 2378 1465 esse
2399 1404 2598 1485 necessariam,

590 1468 668 1539 res,
699 1467 732 1523 et
755 1449 875 1519 nullos
897 1446 1036 1565 admitti
1047 1449 1103 1565 ‘ad
1132 1445 1394 1531 ministerium,
1425 1445 1488 1553 qui
1520 1470 1595 1515 non
1646 1486 1749 1559 ium·
1759 1488 1895 1559 dicum
1915 1492 1949 1564 ¹·
1966 1484 2142 1567 Codmhp
2151 1492 2204 1566 a:
2239 1494 2455 1569 scortatores
2478 1516 2507 1572 et
2527 1508 2600 1575 adul-

592 1572 676 1628 sunt
693 1550 921 1623 mediocriter
935 1550 1070 1619 rdoner.
1422 1588 1427 1595 ·

1520 1622 1524 1629 ·
1647 1588 1713 1659 teri
1736 1614 1810 1658 non
1835 1591 2069 1683 possidebunt
2100 1618 2249 1687 regnum
2284 1600 2366 1669 Dei.
2426 1598 2525 1689 Item,
2550 1605 2601 1675 lle·

695 1686 766 1759 Hic
780 1698 926 1783 quaeret
941 1654 1092 1778 alionis:
1126 1681 1218 1773 Quis
1243 1683 1374 1773 gradus
1396 1678 1618 1751 observon·'
1646 1693 1836 1766 brae.13.:
1863 1691 2086 1765 scortatores
2106 1710 2138 1769 et
2157 1700 2338 1773 adulteros
2352 1704 2512 1777 iudicabit
2525 1706 2601 1785 Dens.

593 1798 662 1867 clus
679 1792 756 1862 est?
786 1788 1019 1882 Responden:
1047 1783 1207 1878 Utraque
1225 1784 1422 1878 propositio
1439 1788 1595 1854 tenenda

989 1890 997 1907 .
1163 1886 1203 1905 ..
1435 1886 1445 1903 .
1512 1887 1521 1903 .
1750 1827 1803 1901 lle
1830 1832 1959 1901 tuenda
1978 1831 2197 1915 valetudine,
2247 1836 2406 1912 Pertinet
2430 1836 2507 1913 baec
2529 1846 2603 1917 insti.
2638 1880 2639 1935 ;

595 1912 657 1970 est.
715 1891 858 1971 Prima,
899 1890 1042 1962 Nullius
1070 1892 1331 1971 eruditionem,
1371 1900 1596 2006 sapientiam,
1649 1929 1701 2003 cia
1721 1933 1765 2001 ad
1791 1931 2033 2027 mmmm:
2066 1932 2318 2013 Nonooeides·
2369 1943 2604 2039 sempmmem

597 1996 869 2088 etdiligentiam
889 2016 1008 2086 parem
1026 2015 1100 2062 esse
1125 2005 1225 2061 tantu
1248 1989 1471 2075 ministerio,
1505 2003 1597 2059 sicut
1648 2034 1752 2105 valde
1769 2035 1875 2103 mum
1901 2030 2064 2107 homine,
2085 2060 2122 2131 ge
2148 2038 2425 2128 imerfmmm,
2455 2062 2487 2119 ,p
2504 2050 2605 2120 interp,

596 2104 632 2174 2.
648 2094 813 2172 Corinth.
828 2098 865 2172 8.
883 2118 1042 2203 expresse
1067 2093 1215 2212 dicitur:
1250 2090 1334 2163 Non
1358 2114 1481 2211 sumus
1497 2091 1597 2211 sulii·
1649 2116 1747 2215 ‘cium
1760 2137 2049 2230 intemperantia,
2070 2141 2182 2235 aliqui
2195 2145 2302 2217 etiam
2320 2148 2538 2223 immoderata
2550 2156 2605 2223 ab&
2638 2164 2639 2167 ,

598 2208 741 2283 cientes,
793 2199 1028 2291 Agnoscenda
1045 2210 1097 2267 est
1121 2212 1230 2286 rgrtur
1253 2208 1376 2265 nostra
1399 2194 1598 2279 rnfirmrtas,

958 2299 966 2315 .
1190 2298 1198 2315 .
1469 2297 1478 2313 .
1545 2298 1554 2314 .
1648 2240 1797 2315 tinentia
1823 2239 1999 2311 laeserunt
2021 2266 2182 2335 corpora.
2237 2246 2605 2325 Paulusadcolosuns,

596 2325 631 2381 et
654 2305 826 2377 lrenanda
843 2307 1008 2385 audacsa,
1030 2323 1077 2369 ne
1094 2298 1221 2368 fiduoa
1239 2313 1382 2369 nostrae
1403 2309 1597 2389 saptentiae
1647 2342 1761 2434 capite
1790 2344 2003 2415 duodecimo
2027 2344 2159 2437 insigni
2183 2351 2293 2421 verbo
2323 2376 2410 2425 usus
2431 2370 2509 2441 '²⁸¹⁵‘
2538 2359 2605 2427 iubet

598 2410 798 2481 doctrinam
827 2418 921 2475 recte
959 2402 1126 2475 traditam
1166 2400 1371 2485 turbemus,
1409 2422 1483 2469 nec·
1503 2422 1599 2469 nova
1648 2440 1820 2517 honorem
1836 2440 2130 2539 habericorpori·
2168 2448 2604 2549 cumenimfflhospfflum

599 2510 783 2601 dogmata,
808 2531 874 2577 nec
890 2528 1004 2577 novos
1020 2504 1135 2574 cultus
1152 2503 1338 2593 fingamus.
1375 2499 1497 2573 Altera
1514 2519 1599 2593 pro-

600 2614 731 2708 positio
746 2612 908 2681 addenda
924 2622 992 2690 est,
1018 2606 1167 2677 Necesse
1188 2621 1242 2677 est
1257 2603 1404 2673 obedire
1420 2607 1601 2724 maudpto,
1649 2546 2606 2757 {zozrgndonffilusg'{Ligu-5332&,ffliqlluszdvdeznlrffi

601 2718 699 2811 quod
716 2716 815 2785 iubet
831 2713 964 2782 servire
980 2706 1160 2828 Ecclesiae
1183 2707 1424 2826 vocatos,·ibi
1446 2706 1600 2801 requiri·
1650 2776 1723 2822 rem
1741 2766 1802 2821 aut
1819 2775 1941 2842 pecus,
1969 2754 2028 2822 sed
2046 2756 2150 2824 eliam
2168 2757 2216 2828 im
2241 2765 2551 2853 magnifaciendum
2569 2780 2606 2847 ‘sp

601 2831 661 2891 tur
676 2832 716 2888 ut
732 2815 852 2885 fidele-⁰·
868 2814 998 2892 timus,
1027 2826 1065 2883 ⁸st
1081 2813 1213 2881 dmm*
1230 2812 1262 2883 1·
1278 2805 1440 2880 cmm·
1456 2806 1495 2911 4·
1649 2867 1690 2924 ut
1705 2854 1846 2925 accedat
1860 2852 2003 2947 opinio,
2030 2859 2128 2949 quud
2152 2882 2280 2955 corpus
2304 2866 2349 2937 sit
2369 2868 2572 2938 domicilium
2588 2882 2603 2937 a
2638 2920 2639 2967 p

674 3012 679 3019 ·
704 2965 876 3039 Fidelitas
894 2976 1011 3033 autem
1025 2961 1227 3055 opponitur
1240 2960 1380 3030 duobus
1395 2958 1503 3045 vitiis,
1528 2958 1600 3031 At·
1649 2978 1823 3045 organum
1842 2956 2021 3028 actionum
2038 2958 2242 3032 divinarum
2260 2967 2299 3035 in
2314 2968 2415 3039 omni
2432 2973 2605 3043 aeternitate.

602 3076 748 3147 sectatae
765 3065 1006 3156 ignorantiae,
1040 3077 1073 3134 et
1096 3062 1278 3133 affectatae
1300 3062 1536 3153 negligentiae
1560 3063 1599 3157 in
1650 3052 1698 3129 Et
1718 3072 1863 3150 propter
1879 3052 1966 3133 haec
1986 3061 2080 3131 bona
2104 3087 2148 3133 ne
2169 3062 2265 3137 Deus
2288 3068 2517 3163 impediatur,
2539 3097 2607 3143 reve.

603 3177 668 3255 iis,
694 3197 783 3266 quae
797 3168 993 3240 necessario
1010 3165 1171 3236 iacienda
1189 3177 1303 3239 erant.
1353 3161 1601 3258 Comprehen-
1651 3173 1770 3230 renter
1787 3162 1980 3232 tenendum
1998 3176 2069 3249 est,
2096 3182 2130 3237 et
2144 3189 2201 3236 ars
2218 3170 2293 3261 ipsa
2311 3174 2547 3250 lubricationis
2559 3200 2608 3243 na

603 3281 657 3350 dit
673 3277 780 3364 igitur
794 3271 946 3341 fidelitas
963 3267 1179 3339 mediocrem
1197 3266 1449 3357 cruditionem,
1476 3280 1511 3338 et
1525 3291 1600 3337 me·
1623 3278 1626 3335 t
1651 3264 1704 3355 gis
1720 3262 1927 3335 admiranda
1945 3277 2013 3351 est,
2040 3291 2146 3360 quam
2165 3269 2203 3341 in
2220 3270 2300 3344 aliis
2315 3278 2532 3370 corporibus,
2552 3277 2608 3371 quia

603 3382 762 3451 diocrem
778 3374 999 3465 diligentiam
1022 3370 1061 3438 in
1082 3370 1262 3459 faciendis,
1276 3370 1340 3455 iis,
1364 3394 1455 3462 quae
1481 3393 1601 3439 neces·
1623 3346 1627 3478 l
1651 3364 1766 3447 multo
1799 3366 1900 3457 plura
1933 3368 2135 3441 testimonia
2167 3374 2212 3443 de
2241 3368 2318 3446 Deo
2341 3382 2451 3451 nobis
2480 3380 2608 3471 impressa

606 3484 698 3555 mia
715 3493 810 3552 sung,
861 3472 1062 3545 ch'atllem
1081 3474 1271 3543 mediocris
1285 3472 1441 3544 eruditio
1467 3497 1507 3543 eg
1528 3472 1601 3544 gxi.
1651 3472 1756 3552 sunl,
1792 3468 1955 3541 vltlellcel
1984 3472 2077 3540 radll
2107 3477 2299 3568 sapientiae
2324 3484 2487 3569 dlvlntte,
2512 3483 2608 3554 nolltlt

605 3565 770 3658 stiructur
790 3603 886 3663 esse,·
915 3601 1005 3672 quae
1027 3588 1145 3647 tamen
1168 3575 1440 3646 fundamentum
1467 3576 1602 3666 integre
1624 3599 1628 3705 p
1652 3595 1883 3641 numerorum
1901 3586 1935 3642 et
1950 3575 2108 3662 ordinis,
2137 3579 2331 3653 discrimen
2354 3581 2569 3658 honestorum
2588 3597 2608 3652 et

606 3669 873 3776 complectitur,
906 3683 1037 3763 idest,
1077 3701 1202 3747 omnes
1232 3677 1402 3760 articulos
1438 3678 1627 3774 symboli„
1652 3673 1824 3766 turpium.
1883 3671 1980 3744 llaec
2004 3700 2086 3747 casu
2108 3703 2245 3772 semper
2267 3687 2350 3758 talia
2381 3713 2455 3762 esse
2484 3687 2609 3802 impossi-

605 3775 844 3877 Decalogum,
876 3781 1065 3852 discrimen
1088 3773 1233 3874 Legis
1260 3785 1292 3849 et
1319 3775 1604 3874 Evangelii,
1625 3761 1627 3790 ¹
1652 3775 1724 3846 bile
1741 3789 1806 3844 est.
1857 3773 1928 3846 Sed
1949 3777 2134 3851 fatendum
2151 3797 2203 3854 est
2221 3802 2376 3861 mentem
2393 3787 2609 3863 architectatu-

609 3873 831 3963 intellectnm
867 3885 1051 3956 doctrinae
1081 3885 1125 3952 de
1157 3882 1424 3967 iustificatione,
1461 3887 1505 3952 de
1536 3907 1604 3954 usu
1625 3873 1628 3893 ⁸
1653 3901 1727 3948 cem
1752 3899 1835 3946 esse·
1886 3875 2069 3954 Postremo
2091 3882 2172 3954 ideo
2194 3911 2338 3984 quoque
2361 3889 2610 3966 d'ebeturbonos

610 4003 931 4072 sacramentorum,
953 3989 997 4056 de
1011 3984 1106 4055 veris
1120 3985 1275 4057 cultibus
1293 3998 1327 4054 et
1341 3984 1492 4056 ficticiis.
1652 3981 1815 4070 corpori,
1843 3980 2236 4080 qniaDeusp'raecipit,
2258 4017 2303 4064 ne
2326 3995 2498 4080 laedatur.
2546 3994 2639 4064 Hau

1653 4081 1889 4154 consideratio
1905 4107 1971 4154 nos
1987 4088 2032 4155 ad
2050 4089 2272 4186 diligentiam
2297 4097 2431 4173 invitet
2453 4101 2490 4170 in
2511 4101 2602 4171 tuem

712 4138 791 4213 Etsi
815 4121 933 4210 autem
956 4117 1063 4206 tremo
1087 4136 1171 4207 satis
1203 4119 1370 4225 intelligit
1391 4130 1486 4206 hanc
1509 4135 1603 4205 divi·
1653 4197 1685 4254 et
1703 4187 1857 4273 regendo
1874 4209 2032 4280 corpore·

609 4271 695 4323 nam
711 4244 941 4336 sapientiam,
967 4253 1086 4311 tamen
1108 4241 1152 4308 de
1174 4233 1232 4306 bis
1254 4237 1410 4326 materiis
1435 4237 1604 4308 omnibus

611 4365 794 4440 utcunque
822 4355 963 4436 oportet
993 4339 1189 4435 quemlibet
1214 4337 1396 4410 Pastorem
1417 4341 1508 4410 scire
1529 4341 1605 4410 inr-

610 4474 710 4530 mam
732 4447 903 4526 docendi,
939 4467 1030 4538 quae
1054 4443 1092 4512 in
1108 4439 1277 4512 Ecclesiis
1297 4442 1485 4514 emendate
1501 4456 1605 4528 extat,
1837 4523 1838 4526 ,
1954 4528 1962 4545 ,
2092 4529 2097 4541 ‚

611 4546 865 4647 comprehensa
882 4548 921 4618 in
939 4533 1181 4620 Catechis'mis.
1518 4555 1522 4558 ·
1754 4522 1835 4595 Non
1865 4526 2025 4622 loquitur
2047 4533 2090 4604 de
2114 4549 2267 4612 extremo
2290 4543 2448 4634 iudicio,
2485 4549 2537 4620 sed
2555 4565 2609 4615 cun

1652 4641 1755 4698 autea
1778 4628 1905 4702 dixerit
1920 4633 1975 4718 ,de
2003 4633 2175 4710 electione
2198 4645 2298 4718 etde
2320 4672 2471 4721 censura
2493 4671 2608 4730 momn,

1653 4753 1750 4801 nunc
1766 4731 1886 4800 eadem
1903 4735 1947 4804 de
1962 4759 2011 4818 re,
2024 4739 2303 4817 admonitionem
2326 4752 2447 4836 addit,
2474 4768 2506 4826 et
2525 4747 2610 4844 toqui·

1653 4846 1713 4904 tur
1727 4834 1771 4901 de
1786 4831 2091 4910 iudiciolrumano
2116 4843 2153 4915 in
2176 4847 2457 4941 gubernatione,
2485 4879 2547 4926 non
2566 4852 2608 4922 dit
2638 4901 2639 4904 =

1654 4935 1764 5006 latent
1785 4935 1905 5031 inquit
1928 4963 2062 5028 mores,
2087 4969 2147 5014 seu
2172 4949 2257 5019 boni
2282 4976 2344 5026 seu
2369 4959 2477 5045 mali,
2500 4960 2608 5026 sedant

1654 5037 1724 5108 cito
1748 5034 2064 5130 deprehenduntur
2085 5061 2167 5118 ante
2189 5043 2503 5145 gubernationem,
2527 5071 2574 5128 aut
2588 5053 2607 5121 si

1655 5161 1724 5235 qua
1746 5139 1814 5212 luit
1837 5143 2037 5232 simulatio,
2070 5161 2188 5222 tamen
2220 5155 2259 5226 in
2285 5161 2538 5248 gubernatione
2558 5177 2607 5230 not

1656 5254 1769 5335 potest
1790 5267 1863 5315 esse
1883 5247 2072 5330 diuturna,
2105 5253 2196 5326 sicut
2218 5258 2367 5333 dicitur:
2407 5262 2502 5362 ἀρχή
2519 5257 2606 5350 ἄνδρα

1656 5337 1832 5418 δείκνυσι.
1883 5346 1980 5419 llaec
2001 5353 2120 5441 regula
2142 5358 2371 5452 observetur,
2404 5373 2486 5462 qnia
2509 5369 2540 5438 in
2559 5364 2602 5430 n'ta
2638 5441 2639 5476 ,

1657 5467 1795 5517 necesse
1810 5463 1861 5520 est
1876 5474 2014 5538 cavere,
2039 5477 2085 5524 ne
2106 5455 2266 5552 implices
2284 5479 2318 5536 te
2331 5470 2504 5542 malorum
2523 5463 2600 5537 boni·

1659 5571 1746 5616 num
1762 5550 2080 5642 familiaritatibus,
2113 5575 2153 5633 ut
2167 5561 2302 5658 Syracb
2323 5573 2441 5663 capite
2457 5569 2604 5644 undecimo

1011 5737 1022 5756 .
1661 5649 1799 5769 inpuits
1824 5651 1905 5723 Non
1921 5659 2115 5749 quemlibet
2133 5663 2281 5742 inducas
2304 5673 2344 5742 in
2364 5678 2508 5746 domum
2524 5687 2601 5742 uam.

702 5740 968 5814 ·Additautem
983 5731 1192 5810 brcPaulos
1212 5736 1388 5828 regulam:
1416 5733 1497 5828 Nun
1513 5759 1610 5809 corn·
1661 5775 1744 5846 qma
1766 5756 1895 5826 multae
1917 5774 2002 5832 sunt
2023 5761 2173 5837 insidiae
2195 5771 2347 5847 dolosae.
2408 5777 2512 5869 Signa
2527 5774 2601 5862 igitur

584 5847 780 5933 ,munires
794 5842 921 5914 alienis
937 5840 1100 5936 peccatis.
1138 5837 1242 5930 Quae
1259 5839 1423 5930 congruit
1439 5863 1520 5913 eum
1536 5839 1611 5912 usi·
1659 5854 1884 5932 voluntatum
1907 5874 1942 5932 et
1962 5883 2101 5936 morum
2132 5871 2386 5951 consideranda
2413 5893 2509 5967 sunt,
2540 5889 2601 5970 qut?

1678 4364 1927 4467 Quorundam
1942 4385 2092 4470 peccata
2113 4380 2338 4496 praecedunt
2364 4387 2594 4467 iudicinmetc.

611 4727 619 4734 ·
716 4684 1090 4759 Nam-distinctionem
1113 4682 1158 4750 de
1179 4678 1428 4752 insufficientia
1443 4693 1477 4752 et
1492 4680 1605 4752 fidelis

613 4806 703 4876 tate,
728 4792 767 4860 in
783 4787 944 4883 qrsalibet
958 4785 1142 4866 vocatione
1157 4806 1262 4854 nosse
1287 4783 1522 4854 necessarium
1544 4798 1606 4870 est,

615 4909 658 4964 ut
672 4893 824 4965 adamus
838 4913 902 4961 cur
916 4910 1057 4958 neeesse
1069 4889 1115 4957 sit
1135 4885 1267 4955 servire
1274 4935 1287 4970 ,
1316 4899 1352 4956 et
1366 4909 1454 4979 quas
1470 4910 1527 4956 res
1540 4911 1606 4958 nos

616 4995 744 5066 afferre
760 5005 942 5087 oporteat,
974 5004 1010 5062 ct
1030 4992 1127 5060 unde
1152 4991 1343 5079 petendum
1368 5003 1403 5060 et
1423 5006 1606 5081 expectan-

617 5101 706 5168 dum
722 5098 768 5168 sit
784 5095 975 5166 auxilium:
999 5106 1038 5163 et
1056 5105 1096 5162 ut
1117 5090 1235 5180 agnita
1259 5089 1464 5162 infirmitate
1487 5106 1606 5163 nostra

616 5197 713 5270 nibil
747 5212 846 5269 extra
883 5194 1105 5268 vocationem
1143 5206 1338 5278 tentemus,
1382 5193 1474 5266 sicut
1503 5195 1608 5266 multi

619 5301 750 5374 summi
766 5300 835 5370 viri
856 5299 947 5391 lapsi
970 5309 1054 5366 sunt
1073 5296 1202 5366 fiducia
1223 5318 1309 5365 suae
1331 5297 1530 5387 potentine,
1551 5298 1608 5368 rel

618 5404 802 5483 institiae,
828 5402 885 5470 vel
900 5399 1118 5492 sapientiae,
1150 5397 1206 5466 vel
1230 5397 1452 5483 autoritatis,
1477 5413 1518 5472 ut
1534 5397 1609 5499 Ge-

615 5510 733 5589 deon,
760 5505 1061 5596 Nabogdouosor,
1085 5498 1276 5592 Pompeius
1301 5511 1337 5572 et
1358 5501 1428 5576 alii¹
1442 5500 1610 5576 innume-
1640 5545 1643 5550 ,

607 5611 761 5680 ubiles·
