5825 6950
337 703 373 777 ιι
743 695 823 774 xu.
884 690 1187 772 unaunarro
1215 692 1478 770 travano.
1506 691 1745 772 loannis„
1780 691 1886 772 cnr.
1915 697 1942 770 t.
2317 665 2376 782 aa

339 875 399 966 prie
419 873 586 944 dicuntur
607 867 667 957 bi,
698 871 830 964 quibus
846 865 945 940 Deus
965 867 1145 962 propicius
1168 883 1243 953 est,
1276 883 1312 942 et
1362 871 1563 942 doctrinam
1595 871 1701 942 nobis
1736 871 1898 954 tradunt,
1942 895 2048 966 quam
2073 875 2259 970 aliquanto
2282 898 2362 974 post

340 977 481 1072 quisunt
506 975 621 1046 renati
643 987 678 1044 et
701 969 871 1044 haeredes
891 974 984 1043 vitae
1004 985 1179 1042 aeternae.
1231 969 1311 1042 Hoc
1362 975 1541 1066 copiosius
1562 997 1796 1067 exponemus,
1826 1000 1906 1045 cum
1930 972 2016 1046 baec
2039 977 2115 1069 ipsa
2131 982 2176 1051 de
2190 982 2258 1053 fide
2275 1010 2360 1077 pro-

338 1079 507 1150 ditcrimen
535 1077 785 1168 appellationis
812 1079 936 1168 populi
966 1089 1000 1144 et
1022 1074 1177 1144 liliorum
1206 1098 1309 1166 saepe
1361 1077 1697 1170 positiolrepetenda
1716 1078 1795 1152 erit.

339 1183 487 1260 occurrit,
512 1195 554 1250 ut
573 1184 690 1252 Oscae
707 1182 759 1252 1.:
785 1175 834 1250 Et
855 1180 923 1251 erit
944 1178 983 1247 in
999 1179 1100 1263 loco,
1125 1177 1189 1248 ubi
1213 1181 1311 1248 dice·
1462 1177 1517 1249 De
1534 1193 1658 1274 quarta
1677 1179 1864 1270 particula,
1892 1181 1978 1275 quid
1998 1181 2058 1256 liat
2076 1184 2114 1254 iu
2130 1187 2253 1259 nobis:
2280 1183 2357 1276 Ait,

340 1303 388 1356 tur
397 1287 459 1368 eis,
481 1307 554 1355 nou
578 1283 732 1374 populus
753 1305 853 1352 meus
876 1306 956 1367 vos,
989 1281 1129 1350 dicetur
1150 1280 1218 1363 eis,
1243 1280 1309 1349 filii
1359 1281 1451 1353 lilios
1468 1281 1534 1352 Dei
1552 1307 1592 1352 ex
1607 1281 1682 1353 Deo
1700 1284 1807 1352 nasci.

340 1387 394 1460 Dei
406 1388 563 1457 viventis.
623 1377 799 1457 Recensui
822 1387 917 1478 quod
940 1382 1150 1452 beneficium
1174 1383 1309 1469 afferat,
1721 1451 1728 1469 ,
1763 1453 1770 1469 ,

344 1493 417 1584 quod
438 1489 592 1560 sribinde
617 1489 780 1579 pluribus
796 1488 914 1559 verbis
929 1487 967 1554 iu
982 1487 1058 1576 ipso
1074 1497 1172 1554 textu
1188 1488 1307 1555 decla·
1395 1447 1487 1526 ΝΜ
1515 1477 1561 1524 ‘x
1585 1451 1856 1548 Sand'ffl'l‘b‘ssa
1882 1477 1944 1524 '¹⁶⁶
1970 1478 2017 1526 Μ’
2045 1455 2232 1532 ⁹⁰i¹¹ssi⁰i⁶
2258 1472 2319 1538 ⁶¹⁶·

262 1624 263 1635 ι
348 1595 469 1675 rabitur,
501 1592 584 1660 ideo
606 1591 660 1662 fui
685 1591 839 1666 brevior.
906 1588 1021 1658 Venio
1042 1589 1087 1657 ad
1112 1590 1303 1658 secundam
1417 1661 1420 1669 ,
1460 1590 1612 1664 Erudite
1629 1591 1798 1666 describit
1820 1593 2104 1674 iustificatiouem
2121 1612 2354 1691 etregeuera-

344 1695 534 1788 particulam.
587 1691 729 1783 Quibus
745 1689 917 1764 exhibeat.
1358 1695 1506 1766 tionem.
1557 1693 1706 1765 Necesse
1730 1709 1780 1764 est
1805 1697 1948 1786 agnosci
1965 1697 2076 1768 filium
2094 1697 2178 1792 Dei,
2206 1704 2267 1796 qui
2285 1728 2352 1774 no-

419 1797 615 1889 Diligenter
629 1798 850 1866 observanda
867 1811 918 1866 est
942 1793 1138 1884 propositio
1159 1792 1305 1860 univcr-
1356 1795 1411 1866 bis
1430 1800 1583 1868 donatus
1600 1813 1650 1867 est
1667 1811 1705 1868 ut
1722 1799 1821 1870 lieret
1836 1801 1978 1869 victima
2003 1824 2067 1890 pro
2091 1805 2218 1890 uobis,
2244 1821 2277 1877 et
2295 1832 2350 1876 re·

340 1903 421 1986 salis,
443 1915 600 1993 etsupra
617 1900 750 1991 posita,
774 1915 810 1969 et
829 1919 932 1988 saepe
955 1897 1121 1986 repetita,
1146 1909 1305 1984 quaete-
1356 1901 1528 1990 surrexit,
1570 1915 1609 1970 ut
1642 1914 1762 1988 regnet
1786 1915 1820 1971 et
1843 1901 2034 1974 sanctificet
2056 1899 2250 1976 Ecclesiam
2267 1910 2349 1980 Dei.

340 2003 552 2076 ttatucDeum
568 2001 738 2072 omnibus
754 2002 882 2069 ollerre
896 2000 1056 2078 salutem,
1083 1998 1177 2066 iuxta
1196 1997 1304 2066 illud:
1355 1999 1474 2071 Huius
1503 2005 1688 2072 salvatoris
1731 2003 1859 2073 fiducia
1890 2004 2102 2095 recipimur,
2142 2027 2350 2101 reputamur

343 2107 444 2178 l'enite
465 2110 582 2176 adme
598 2105 799 2198 omnesqui
818 2101 996 2172 laboratis.
1031 2095 1304 2170 Etbicdictum
1355 2105 1457 2189 iusti,
1486 2120 1520 2176 et
1541 2107 1713 2176 efficimur
1728 2105 1805 2174 lilii.
1858 2101 2160 2196 Etboccumfit,
2187 2115 2351 2186 utsimus

341 2224 393 2294 est,
411 2226 446 2281 ut
458 2233 582 2281 omues
595 2210 790 2280 crederent.
840 2205 944 2289 ltem,
966 2204 1147 2274 illuminat
1159 2224 1304 2270 omnem
1354 2207 1418 2276 filii
1436 2205 1523 2292 Dei,
1548 2210 1653 2278 etiarn
1670 2207 1781 2292 aIDeo
1798 2231 1861 2296 per
1877 2208 2050 2299 Spiritum
2066 2228 2225 2284 sanctum
2249 2238 2348 2304 rege-

343 2311 512 2398 bomiuem,
541 2313 580 2381 id
609 2327 681 2394 est,
714 2311 842 2379 missus
872 2321 924 2378 est
952 2306 1096 2399 quidem
1119 2317 1161 2374 ut
1180 2328 1303 2375 onmes
1354 2335 1538 2392 necamur,
1564 2325 1603 2380 ut
1620 2311 1752 2404 ubique
1768 2309 2123 2400 docetEvangelium,
2150 2315 2348 2388 affiatu:
2417 2293 2420 2302 Ι

347 2417 497 2489 illuminet.
551 2412 607 2486 Ac
630 2436 841 2504 magrropere
856 2412 1001 2511 prodest
1017 2409 1145 2478 animis
1159 2406 1304 2496 infigere
1354 2411 1404 2484 Ut
1429 2414 1698 2506 promissionem
1721 2413 1866 2506 spiritus
1890 2415 2105 2505 accipiamus
2134 2442 2195 2508 per
2228 2422 2350 2494 fidem.

261 2552 262 2569 r
355 2513 638 2598 baucdoctrinam,
665 2521 758 2608 quud
782 2529 931 2608 utraque
955 2513 1127 2582 sententia
1150 2510 1196 2580 sit
1221 2511 1305 2580 uui·
1354 2512 1609 2589 AdRom.8.:
1653 2514 1727 2604 Qui
1753 2516 1882 2612 spiritu
1907 2513 1974 2586 Dei
2000 2534 2171 2608 aguntur,
2202 2517 2346 2596 bisunt

348 2621 456 2690 versatis
488 2620 680 2712 promissio
712 2618 929 2708 evangelica,
975 2631 1010 2685 et
1032 2617 1238 2686 mandatum
1262 2625 1304 2683 ut
1352 2618 1417 2687 filii
1436 2619 1521 2689 Dei.
1570 2619 1617 2689 Et
1635 2617 1730 2686 loun.
1746 2617 1799 2689 7.:
1826 2615 1898 2706 Qui
1917 2620 2079 2690 creditiu
2098 2647 2171 2707 me,
2198 2625 2345 2694 flumina

340 2727 493 2794 credamus
512 2725 589 2793 lilio
614 2723 695 2794 Dei.
755 2719 808 2789 De
830 2718 1063 2810 promissione
1087 2716 1196 2788 multa
1218 2730 1303 2785 sunt
1352 2722 1397 2789 de
1415 2737 1538 2792 ventre
1555 2722 1630 2792 eius
1651 2721 1763 2791 fluent
1780 2744 1891 2813 aquae
1907 2722 2021 2793 vivae.
2074 2721 2122 2794 Et
2145 2723 2252 2798 zach.
2274 2733 2345 2802 lb:

335 2827 485 2918 exempla,
511 2825 622 2898 Rom.
639 2809 694 2895 ds:
724 2821 865 2892 iusticia
881 2823 946 2892 Dei
967 2822 1006 2888 in
1022 2845 1164 2897 omues,
1191 2834 1226 2888 et
1240 2841 1302 2887 su-
1351 2819 1545 2894 Effundam
1562 2847 1669 2917 super
1682 2826 1829 2894 domurn
1843 2821 1959 2894 David
1982 2827 2145 2917 spiritum
2164 2832 2297 2918 gratiae
2312 2847 2346 2902 et

333 2953 521 3016 peromues.
576 2927 662 2999 ltem
688 2925 785 2997 loarr.
811 2927 863 3000 3.;
900 2924 946 2996 Ut
970 2924 1166 3018 omnisqui
1188 2922 1302 2992 credit
1352 2949 1506 3018 precum.
1559 2925 1671 2997 Vocat
1688 2926 1851 3017 spiritum
1865 2927 2016 3015 gratiae,
2040 2929 2121 3021 quia
2141 2955 2203 3021 per
2220 2928 2345 3004 Evan-

329 3038 462 3114 iocum,
494 3057 569 3102 non
596 3047 725 3123 pereat.
777 3028 857 3099 Huc
873 3045 907 3098 ct
919 3027 1054 3099 dictum
1069 3024 1173 3096 Pauli
1190 3025 1300 3118 perti·
1352 3031 1483 3119 gelium
1502 3045 1619 3100 movet
1645 3032 1772 3114 corda,
1799 3045 1838 3099 ut
1854 3045 2047 3119 agnoscant
2065 3032 2343 3106 inenarrabilem

326 3155 387 3209 net:
411 3135 509 3207 Deus
524 3136 604 3205 vult
617 3157 739 3204 omnes
756 3129 920 3202 homines
935 3130 1052 3200 salvos
1067 3129 1156 3202 beri.
1203 3127 1300 3217 Quia
1352 3133 1632 3202 misericordiam
1649 3129 1718 3200 Dei
1739 3156 1819 3220 erga
1835 3155 1921 3211 nos,
1947 3145 1981 3203 et
1995 3145 2151 3205 statuant
2165 3138 2270 3207 uobis
2288 3162 2344 3207 re-

324 3241 496 3332 promissio
524 3238 692 3308 omuibus
721 3235 827 3305 oilert
852 3236 1013 3303 salutern.
1085 3230 1298 3301 Mandatum
1352 3235 1446 3306 mitti
1464 3251 1622 3325 peccato,
1649 3259 1714 3303 nos
1732 3257 1805 3303 esse
1826 3235 1862 3302 in
1886 3235 2010 3322 gratia.
2061 3233 2200 3306 Deinde
2223 3235 2342 3329 agnit'a

323 3369 392 3414 cero
408 3345 452 3414 ad
470 3363 597 3411 omnes
618 3340 791 3436 pertinere
807 3350 961 3420 constat,
986 3333 1152 3404 videlicet
1176 3356 1297 3404 vocem
1351 3351 1449 3408 tanta
1467 3340 1623 3408 bonitate
1639 3331 1861 3421 invocemus,
1889 3350 1922 3405 et
1939 3357 2003 3404 nos
2018 3338 2343 3415 subiiciarnusDeo.

322 3449 402 3519 illam
418 3468 512 3541 quae
527 3446 573 3514 de
597 3442 696 3514 coelo
718 3441 853 3514 sonuit:
879 3438 985 3511 Hunc
1005 3437 1137 3510 audite.
1189 3435 1297 3508 item:
1350 3435 1408 3511 Aa
1434 3435 1521 3511 haec
1544 3435 1736 3510 Zachariae
1763 3439 1867 3509 verba
1890 3441 2059 3509 convenit
2082 3441 2263 3532 aptissime
2285 3446 2341 3513 di-

322 3550 472 3639 Quinon
494 3548 608 3617 credit
630 3544 723 3630 Deo,
747 3547 954 3614 mendacem
973 3542 1167 3613 iaciteum.
1219 3538 1297 3611 Hae
1350 3558 1445 3615 ctum
1463 3542 1563 3614 Pauli
1584 3542 1690 3618 Rom.
1708 3544 1759 3615 8.:
1786 3541 1981 3631 Accepistis
1997 3542 2161 3634 spiritum
2178 3549 2343 3636 adoptio·

322 3652 527 3724 unirersales
541 3650 714 3719 tenendae
729 3662 811 3717 sunt
820 3695 834 3737 ,
859 3650 920 3715 sed
943 3644 1139 3739 requiritur
1164 3645 1295 3715 volun·
1349 3648 1406 3717 uis
1429 3647 1601 3727 liliorum,
1634 3671 1705 3741 quo
1733 3646 1926 3715 clamamus
1942 3639 2045 3715 Abba
2069 3661 2178 3737 pater.
2241 3648 2339 3720 Idem

322 3774 362 3825 us
379 3754 595 3843 assentiens,
626 3773 700 3819 nou
724 3772 928 3843 repugnans
952 3747 1160 3837 Evangelio.
1211 3746 1296 3817 ldeo
1350 3751 1497 3841 spiritus
1527 3750 1736 3821 testificatur
1760 3748 1901 3839 spiritui
1925 3761 2067 3833 nostro,
2106 3751 2200 3843 quod
2231 3751 2343 3821 simus

323 3862 403 3931 dicit:
430 3856 623 3948 Quotquot
639 3870 755 3925 autem
772 3865 980 3945 receperunt
993 3874 1085 3919 eum.
1126 3846 1297 3921 Nambos
1349 3854 1413 3923 filii
1439 3855 1519 3925 Dei.
1581 3852 1651 3923 Hic
1676 3850 1925 3943 complectitur
1948 3850 2165 3939 agnitionem
2196 3854 2340 3941 gratiae,

322 3988 371 4053 per
392 3958 635 4049 Evangelium
665 3969 700 4026 et
721 3956 896 4047 Spiritum
925 3968 1085 4024 sanctum
1117 3953 1298 4023 illuminat
1350 3970 1384 4027 et
1400 3955 1683 4039 invocationem,
1707 3976 1787 4023 cum
1803 3976 1873 4046 qua
1889 3951 2071 4027 coniuncti
2087 3966 2169 4023 sunt
2185 3954 2245 4023 alii
2264 3980 2342 4025 mo·

320 4066 394 4137 llius
407 4062 504 4147 Dei,
528 4062 593 4155 qui
606 4082 681 4130 non
693 4073 913 4149 repugnant,
939 4058 1000 4125 sed
1015 4054 1295 4126 audiuntEvon·
1348 4073 1406 4129 tus
1418 4058 1637 4149 spirituales,
1671 4071 1704 4127 et
1720 4056 1875 4127 incoatio
1898 4077 2012 4123 novae
2028 4054 2187 4126 iusticias
2201 4072 2235 4128 et
2251 4058 2341 4129 vitae

321 4170 447 4255 getium,
468 4178 506 4235 et
521 4166 559 4233 in
574 4161 800 4233 invocatione
816 4186 852 4230 se
866 4172 1065 4229 sustentant
1081 4156 1295 4228 voceEvan-
1350 4161 1388 4230 iu
1402 4161 1585 4231 cordibus.
1644 4157 1741 4229 Haec
1762 4172 1814 4230 est
1836 4170 2005 4250 perpetua
2028 4153 2190 4229 doctrina
2210 4161 2254 4229 de
2278 4162 2341 4229 bc-

322 4274 399 4359 gelii,
422 4269 524 4339 sicut
539 4266 627 4337 alibi
649 4264 797 4334 dicitur:
821 4262 929 4332 Dabit
946 4261 1120 4352 Spiritum
1135 4276 1295 4331 sanctum
1347 4264 1481 4333 noticiis
1504 4260 1710 4353 Evangelii,
1744 4284 1850 4353 quam
1872 4257 2022 4330 loannes
2052 4260 2157 4330 initio
2187 4262 2342 4333 breviter

325 4373 532 4463 petentibus,
565 4392 639 4439 uon
664 4367 718 4435 vel
744 4366 1073 4444 contemnentibus,
1107 4367 1163 4432 vel
1187 4366 1295 4456 perti·
1348 4368 1573 4462 complexus,
1598 4378 1716 4457 postea
1735 4363 1831 4433 enim
1852 4374 1999 4452 repetet.

331 4480 521 4549 nciiurore
536 4470 738 4563 opprimere
754 4466 990 4558 Evangelium
1009 4468 1230 4537 conantibus.
1371 4488 1383 4498 ·
1449 4468 1564 4539 Addit
1590 4482 1706 4537 autem
1734 4465 1930 4554 negativas,
1964 4478 2004 4535 ut
2025 4463 2203 4535 discernat
2227 4454 2340 4558 popu·

397 4580 452 4651 De
474 4576 585 4647 tertia
606 4573 799 4665 particula,
827 4572 1009 4664 quomodo
1026 4581 1297 4661 consequamur,
1330 4574 1422 4641 .lum
1449 4571 1537 4661 legis
1560 4596 1579 4639 a
1604 4594 1688 4639 vero
1710 4568 1845 4637 semiue
1873 4562 2062 4651 Abrabae,
2095 4564 2341 4657 gloriabantur
2448 4641 2453 4651 ,

320 4683 370 4752 ait:
389 4680 508 4754 Dedit
527 4688 734 4771 potestatem
755 4674 849 4744 lilios
864 4670 930 4743 Dei
948 4670 1041 4754 beri,
1068 4672 1295 4743 credentibus
1350 4673 1533 4745 lsraiilitae
1551 4697 1587 4742 se
1602 4696 1675 4741 esse
1698 4671 1869 4762 populum
1886 4668 1975 4754 Dei,
2001 4682 2034 4739 et
2050 4670 2094 4739 ad
2111 4692 2147 4737 se.
2163 4671 2340 4770 pertipere

317 4784 504 4857 innomine
518 4782 607 4851 eius.
658 4776 850 4868 Expresso,
875 4774 1013 4874 inquit,
1039 4775 1108 4843 lide
1135 4770 1295 4845 iquri·
1348 4778 1621 4868 promissionem
1637 4776 1754 4845 datam
1770 4776 1815 4844 de
1832 4772 2098 4852 benedictione,
2124 4771 2280 4859 iusticia,
2306 4788 2341 4843 et

317 4887 489 4959 stonberi
511 4907 580 4953 nos
593 4882 686 4951 lilios
699 4880 775 4951 Dei.
827 4878 924 4949 Haec
939 4902 1007 4947 vox
1024 4876 1143 4967 ignota
1160 4872 1296 4967 cstbu·
1347 4904 1457 4971 reguo
1474 4893 1638 4960 artemo,
1665 4890 1699 4949 et
1720 4871 1813 4947 hanc
1834 4888 1945 4945 totam
1970 4876 2249 4965 praerogativam
2275 4877 2338 4947 tri·

315 4994 411 5063 manis
433 4987 604 5065 iudiciis,
636 4984 711 5052 lieri
737 4980 900 5052 homines
923 4981 1016 5050 tilios
1039 4981 1104 5051 Dei
1129 4975 1197 5049 boc
1217 5005 1295 5051 mo·
1348 4984 1506 5055 buebant
1535 4981 1668 5051 carnali
1700 4976 1939 5069 generationi,
1983 5000 2043 5048 seu
2077 4978 2180 5067 legali
2202 5002 2340 5049 succes·

315 5096 368 5169 du,
392 5093 550 5171 scilicet,
573 5088 660 5168 tide,
686 5087 723 5155 id
747 5099 816 5169 est,
841 5083 969 5154 fiducia
987 5079 1096 5154 buius
1110 5084 1295 5153 salvatoris
1347 5086 1459 5169 sioni,
1485 5085 1685 5155 sicutnunc
1699 5080 1867 5171 Episcopi
1890 5081 2112 5151 contendunt
2127 5102 2163 5147 sc
2179 5102 2253 5149 esse
2268 5078 2338 5149 Ec·

314 5198 401 5267 uobis
423 5194 554 5267 donati
575 5190 703 5280 gratis,
740 5212 815 5256 nou
839 5199 986 5279 propter
1008 5200 1166 5257 nostram
1191 5186 1295 5257 iusti·
1347 5188 1490 5258 clesiam
1516 5199 1660 5277 propter
1689 5182 1908 5253 ordinariam
1939 5182 2207 5253 successionem.
2268 5180 2338 5251 Hic

313 5300 400 5371 dam.
460 5292 513 5367 Et
536 5294 682 5388 quidem
709 5292 795 5381 ipsis
820 5290 1047 5359 credentibus
1076 5288 1221 5359 difficile
1243 5304 1295 5360 est
1348 5314 1448 5360 error
1470 5288 1664 5359 necessario
1689 5286 1902 5355 refellendus
1926 5297 1990 5355 est.
2050 5281 2145 5373 Quia
2164 5282 2260 5355 Deus
2282 5306 2337 5353 re·

312 5404 474 5487 retinere,
516 5397 614 5491 quod
650 5394 813 5487 placeant
832 5391 908 5464 Deo
937 5392 1064 5480 gratis,
1090 5414 1293 5485 quanquam
1347 5392 1503 5485 pudiatis
1535 5386 1609 5475 bis,
1655 5388 1717 5483 qui
1747 5388 2006 5457 insolescebant
2043 5398 2188 5476 propter
2223 5388 2338 5457 cornis

313 5504 432 5575 infirmi
449 5516 486 5574 et
500 5498 661 5588 indigni,
687 5498 746 5564 sed
767 5496 927 5585 placeant
944 5508 1063 5563 tamen
1076 5508 1184 5576 certo,
1212 5519 1294 5582 pro·
1347 5495 1626 5587 praerogativas,
1659 5515 1761 5583 saepe
1786 5490 1986 5559 illustribus
2008 5488 2176 5576 exemplis
2200 5490 2338 5557 vocavit

312 5608 508 5691 ptertilinm
523 5600 639 5672 lesum
658 5596 838 5671 Christum
856 5598 961 5667 uobis
976 5600 1160 5666 donatum.
1212 5595 1294 5665 Nou
1347 5601 1436 5668 alios
1468 5600 1511 5666 ad
1539 5596 1739 5665 societatem
1770 5592 1868 5682 regni
1901 5591 1978 5675 sui,
2020 5602 2059 5659 ut
2088 5591 2216 5661 reiecto
2242 5589 2338 5673 Cain,

313 5710 378 5777 sine
391 5704 587 5779 certamine
603 5704 756 5773 retinere
778 5696 872 5771 lianc
885 5696 1073 5789 Evangelii
1088 5723 1210 5768 vocem
1228 5694 1296 5768 bo·
1347 5698 1463 5783 Esau,
1503 5698 1765 5790 primogenitis,
1807 5694 1921 5765 vocati
1958 5706 2043 5761 suut
2071 5688 2182 5775 Abel,
2223 5687 2339 5761 Iacob.

312 5812 413 5881 mines
433 5822 606 5902 possum,
636 5808 699 5875 sed
724 5806 867 5897 prodest
886 5804 926 5872 iu
950 5814 1140 5893 conspectu
1164 5797 1296 5871 babere
1348 5800 1483 5895 Estque
1504 5797 1661 5872 Ecclesia
1684 5824 1758 5869 uon
1782 5818 1890 5888 penes
1915 5818 1974 5865 eos
1998 5794 2059 5885 qui
2083 5794 2151 5863 sibi
2173 5809 2347 5881 arroganti

312 5914 524 5995 testimonia,
549 5934 640 6005 quae
654 5922 736 5979 sunt
750 5908 925 5999 plurima,
952 5929 1041 5999 quae
1059 5901 1150 5977 hanc
1166 5908 1209 5977 de
1226 5904 1295 5975 fide
1348 5907 1517 5993 titulum,
1543 5918 1690 5999 propter
1712 5901 1871 5973 carnales
1889 5895 2149 5991 praerogativas
2168 5918 2229 5967 seu
2244 5897 2342 5965 ordi·
2378 5918 2381 5927 ·

1772 6000 1831 6078 Γ
