5825 6950
322 676 420 771 sess
553 670 655 749 xus
704 673 740 747 r.
765 666 1070 755 normano
1094 670 1250 753 error.
1273 665 1480 747 rnronrs
1512 664 1583 751 su
1608 664 1938 749 ttttoTltttUM.
1987 672 2093 758 car.
2120 678 2149 757 t.
2263 692 2362 772 ,314-

319 862 352 921 et
375 860 430 921 est
450 846 580 937 fidncia
600 845 828 944 acquiescens
849 847 888 919 in
910 849 1105 933 mediatore
1128 861 1164 923 et
1178 848 1218 920 in
1231 842 1310 919 Deo
1344 866 1482 939 presse
1495 858 1632 939 pugnat
1648 870 1729 921 eum
1750 842 1881 933 Paulo,
1907 849 1993 945 quia
2008 850 2150 929 dicunt:
2176 852 2257 930 Non
2272 863 2357 951 fide,

319 951 414 1021 iuxta
432 951 725 1041 promissionem,
749 967 783 1025 et
801 952 974 1039 clamans:
996 950 1101 1025 Abba
1123 951 1238 1025 Pater·
1362 952 1424 1022 sed
1444 964 1591 1045 propter
1612 948 1839 1024 dilectionem
1855 974 1979 1049 sumus
1995 954 2098 1038 iusti,
2124 982 2204 1031 cum
2220 961 2353 1039 Paulus

418 1049 462 1121 ln
488 1046 554 1123 hac
578 1053 741 1126 doctrina
764 1077 905 1125 necesse
927 1068 980 1125 est
996 1066 1031 1127 et
1046 1067 1140 1127 reete
1154 1052 1309 1143 intelligi
1360 1052 1453 1127 clare
1477 1054 1590 1135 dicat,
1623 1050 1751 1138 Roma.
1767 1052 1822 1141 8.,
1859 1050 2147 1144 Gaurana:
2183 1050 2352 1159 imponi.

317 1154 493 1225 vocabula
513 1153 637 1247 Legis,
658 1152 866 1248 Evangelii,
886 1154 1044 1242 Peccati,
1069 1154 1236 1239 Gratiae,
1263 1158 1308 1226 de
1360 1155 1433 1225 bile
1453 1170 1506 1230 est
1522 1156 1591 1248 legi
1607 1156 1808 1231 iustificare.
1859 1154 1938 1231 Etsi
1958 1174 2077 1235 sutem
2099 1163 2163 1235 a'lii
2185 1166 2275 1240 alios
2291 1173 2350 1244 t'u·

313 1257 451 1351 quibus
466 1256 553 1329 alibi
569 1260 703 1332 dictum
718 1273 790 1343 est,
807 1260 982 1333 enarratis
997 1260 1198 1352 vocabulis,
1223 1281 1306 1350 pro·
1356 1282 1418 1329 cos
1439 1258 1631 1331 verborum
1654 1258 1925 1353 quaesiverunt,
1965 1275 2084 1337 tameo
2114 1250 2248 1343 eodem*
2270 1288 2349 1347 ten-

310 1359 447 1449 positio
469 1360 507 1431 lit
529 1361 734 1454 perspicua:
774 1375 809 1435 et
832 1386 910 1432 eam
932 1364 1241 1435 accommodemus
1259 1363 1305 1432 ad
1358 1360 1449 1434 dum
1471 1384 1595 1434 omnes
1615 1362 1854 1455 corruptelaee
1886 1363 2026 1456 fingunt
2051 1391 2117 1441 nos
2137 1370 2251 1465 iustos
2273 1398 2349 1446 essa

309 1484 383 1532 nos
412 1463 592 1533 docendos
631 1475 667 1534 et
687 1466 925 1537 consolandos
948 1465 986 1534 in
1011 1466 1217 1550 doloribus,
1270 1478 1306 1535 et
1357 1478 1479 1537 nostra
1494 1465 1670 1549 novitate,
1695 1478 1732 1536 et
1748 1480 1932 1536 removent
1947 1462 2039 1541 hanc
2054 1454 2348 1566 consolationem,

312 1564 477 1656 quotidie
491 1566 530 1633 in
545 1566 790 1638 invocatione:
818 1590 891 1637 non
915 1582 1062 1660 propter
1079 1569 1153 1639 ulla
1178 1565 1304 1638 merita
1355 1590 1422 1636 nos
1446 1581 1590 1657 propter
1613 1565 1727 1637 filium
1759 1564 1826 1637 Dei
1851 1564 1974 1641 Gratis
1997 1565 2074 1641 Deo
2104 1572 2244 1667 placere
2268 1580 2345 1651 fide.

312 1680 458 1754 nostra,
482 1668 545 1739 sed
566 1682 715 1760 propter
734 1667 850 1743 filiurn
871 1666 939 1741 Dei
967 1666 1107 1757 Gratis,
1130 1683 1227 1742 certo
1245 1693 1304 1739 ar·
1354 1664 1520 1741 Relutari
1552 1668 1661 1761 igitur
1693 1692 1818 1741 omnes
1849 1672 2070 1763 corruptelae
2103 1694 2251 1766 possunt
2283 1706 2347 1775 per

308 1767 466 1861 cipimus
491 1770 735 1843 remissionem
761 1784 1002 1863 peccatorum,
1041 1786 1075 1843 et
1096 1787 1304 1863 reputamur
1355 1765 1443 1845 haec
1471 1772 1584 1854 dicta,
1619 1769 1762 1841 Psalmo
1789 1770 1890 1847 lib:
1927 1770 2009 1845 Non
2032 1774 2282 1853 iustificabitur
2304 1784 2344 1853 in

307 1868 417 1958 iusti,
450 1872 622 1963 imputata
642 1874 750 1947 nobis
773 1875 913 1946 iusticia
935 1876 1161 1960 mediatoris,
1186 1890 1220 1950 et
1236 1877 1302 1947 do·
1354 1888 1545 1967 conspectu
1562 1887 1624 1946 tuo
1640 1873 1758 1944 omnis
1777 1876 1911 1949 vivens.
1976 1874 2024 1947 Et
2041 1876 2180 1959 Daniel.
2196 1880 2233 1959 9.
2250 1908 2344 1977 rap:

306 1996 442 2043 namur
460 1973 599 2067 Spiritu
622 1990 760 2060 sancto,
792 1991 828 2050 et
851 1972 1303 2049 haereditatevitaeaetcr·
1353 1972 1438 2047 Non
1468 1978 1507 2045 in
1531 1976 1669 2050 iusticia
1695 1992 1835 2062 nostra,
1876 1980 1936 2049 sed
1970 2003 2034 2071 per
2062 1981 2343 2056 misericordiam

307 2098 401 2161 nae,
428 2074 535 2163 Fide,
560 2079 599 2149 id
616 2092 686 2163 est,
710 2079 837 2151 fiducia
860 2080 1079 2155 mediatoris.
1130 2078 1178 2153 Et
1199 2105 1302 2150 man·
1352 2088 1450 2148 tuam
1483 2095 1630 2173 propter
1659 2075 1856 2150 Dominum
1891 2082 2058 2169 exaudias¹
2103 2108 2180 2161 nos.
2241 2083 2345 2174 Item,

306 2179 436 2249 datum
458 2176 526 2249 Dei
549 2179 737 2257 immotum
758 2197 791 2255 et
814 2197 999 2255 aeternum
1021 2196 1093 2267 est,
1115 2196 1157 2256 ut
1177 2185 1300 2254 creda·
1354 2180 1387 2253 1.
1400 2176 1562 2253 Corinth.
1577 2183 1634 2256 4.:
1671 2176 1772 2253 Nihil
1794 2176 1886 2253 mihi
1908 2184 2071 2255 conscius
2094 2208 2190 2269 snm,
2217 2192 2279 2261 sed
2302 2191 2343 2261 in

308 2302 392 2351 snus
405 2304 487 2351 vere
502 2305 569 2355 nos
582 2284 634 2353 sic
654 2283 768 2376 recipi
788 2298 822 2355 at
846 2284 985 2377 placare
1008 2298 1153 2377 propter
1175 2285 1302 2366 filium,
1354 2277 1422 2355 hoc
1436 2308 1511 2355 non
1526 2285 1718 2357 iusificatus
1738 2306 1828 2359 sum.

307 2396 351 2453 ut
370 2376 762 2460 tonsuratione:
790 2386 852 2459 sie
865 2387 990 2459 dilexit
1003 2383 1101 2462 Deus
1114 2390 1303 2473 mundum,
1453 2382 1665 2478 Corruptela
1691 2387 1785 2475 apud
1809 2380 2005 2479 Origenern
2030 2386 2160 2463 similis
2188 2407 2239 2465 cst
2263 2417 2342 2465 cor·

304 2497 351 2556 ut
370 2484 613 2559 filium'suunt
633 2489 857 2580 unigenitum
878 2492 998 2575 daret,
1033 2504 1074 2571 ut
1094 2490 1213 2562 omnis
1237 2492 1301 2585 qni
1352 2488 1514 2582 ruptelae
1536 2491 1631 2583 apud
1654 2483 1857 2561 monachos.

306 2588 423 2687 credit
438 2588 477 2660 in
491 2613 588 2677 enm,
603 2614 678 2662 non
692 2607 827 2682 pereat,
843 2592 904 2664 sed
919 2588 1045 2671 habeat
1062 2592 1171 2663 vitam
1186 2609 1301 2670 aeter·
1453 2588 1592 2668 Recens
1614 2592 1820 2682 depravatio
1842 2606 1912 2673 est,
1945 2592 2015 2665 fide
2036 2594 2172 2670 scilicet
2190 2621 2340 2691 praepa·

307 2712 409 2765 nam.
459 2688 515 2763 Ac
540 2694 612 2763 sint
639 2694 678 2764 in
703 2708 893 2784 conspectu
922 2696 1123 2773 testimonia
1154 2713 1302 2783 caetera,
1352 2709 1454 2788 rante
1476 2692 1726 2777 iustificamur,
1754 2708 1794 2765 ut
1815 2694 1945 2767 deinde
1966 2697 2037 2772 alia
2058 2722 2097 2767 re
2118 2699 2228 2771 simus
2245 2701 2340 2785 iusti,

307 2788 439 2865 Roma.
462 2792 501 2865 d.
522 2807 557 2867 et
577 2793 614 2867 4.
639 2811 675 2867 et
695 2797 805 2881 alibi,
844 2821 918 2870 non
942 2798 1060 2875 solum
1084 2812 1124 2871 ut
1148 2800 1301 2872 refutare
1338 2804 1390 2873 ‘ut
1406 2798 1438 2869 si
1454 2796 1606 2884 dicatur,
1628 2796 1753 2871 Motus
1769 2796 1949 2887 calefacit,
1975 2811 2096 2890 postea
2112 2825 2198 2873 vero
2214 2826 2341 2895 corpus

307 2895 531 2968 adversarios
562 2898 759 2991 possimus,
800 2902 861 2969 sed
889 2901 1004 2975 multo
1029 2900 1141 2991 magis
1168 2916 1210 2975 ut
1235 2924 1300 2973 nos
1352 2924 1425 2971 non
1448 2899 1540 2973 calet
1562 2913 1680 2981 motu,
1706 2901 1768 2970 sed
1790 2900 1919 2979 calore.
1970 2900 2171 2977 Sicrolunt
2192 2906 2250 2977 isti
2275 2929 2340 2997 po-

311 2993 405 3087 ipsos
422 3001 649 3071 consolemur
662 3015 697 3074 ct
711 3002 973 3074 confirmemus.
1027 3001 1301 3075 Meminerimus
1351 3016 1422 3075 stea
1439 2996 1622 3087 hominem
1644 3025 1705 3073 sua
1724 3002 1879 3073 novitate
1897 3004 2028 3075 iustum
2045 3026 2129 3079 esse.
2181 3002 2340 3100 Oppono

309 3099 414 3183 ctiam
438 3102 546 3173 simul
569 3097 656 3175 haec
679 3120 833 3197 quatuor
855 3098 1131 3196 comprehendi,
1156 3104 1301 3179 Remis-
1346 3104 1475 3184 'rursus
1492 3105 1625 3177 dictum
1643 3104 1754 3190 illud,
1779 3102 1862 3175 Non
1876 3104 2124 3177 iustificabitur
2140 3107 2340 3201 inconspe-

306 3202 444 3273 sionem
465 3218 710 3297 peccatorum,
734 3206 1006 3299 imputationem
1026 3206 1207 3296 iustitiae,
1235 3213 1298 3281 do·
1351 3222 1409 3279 ctu
1425 3220 1489 3279 tuo
1506 3206 1624 3277 omnis
1638 3206 1773 3281 vivens.
1821 3203 1930 3293 Item,
1954 3205 2117 3282 Retineri
2134 3225 2340 3284 necesseest

305 3305 488 3377 nationem
513 3304 669 3399 Spiritus
691 3309 822 3395 sancti,
870 3322 904 3380 et
928 3304 1182 3383 haereditatem
1207 3311 1299 3383 vitae
1353 3304 1445 3381 hanc
1467 3310 1699 3389 sententiam,
1725 3310 1821 3401 quod
1844 3309 2082 3403 imputatione
2103 3325 2339 3403 propterme·

307 3424 483 3482 aeternae.
1351 3415 1524 3485 (tiatorem
1546 3413 1657 3484 simus
1683 3410 1777 3482 iusti.
1830 3408 1885 3484 Ac
1914 3412 2040 3483 tollere
2070 3414 2268 3490 doctrinam
2295 3420 2340 3484 de

407 3507 608 3584 Antithesis
629 3514 738 3586 etiarn
759 3514 1029 3599 consideretur,
1070 3514 1109 3582 in
1133 3538 1203 3608 qua
1225 3515 1298 3586 dno
1352 3515 1606 3607 imputatione,
1640 3530 1673 3586 et
1697 3539 1761 3605 pro
1787 3538 1825 3582 en
1853 3515 2027 3584 subiicere
2050 3510 2147 3586 hunc
2170 3540 2340 3600 errorem,

304 3627 391 3684 sunt
404 3615 591 3705 praecipua
607 3619 779 3691 membra.
831 3615 994 3688 Primum
1012 3613 1296 3688 monacbivoci-
1351 3621 1445 3711 quod
1465 3614 1573 3688 homo
1589 3640 1650 3690 sun
1668 3618 1825 3688 novitate
1841 3616 1910 3685 iam
1927 3618 1972 3689 sit
1993 3617 2123 3702 iustus,
2155 3621 2338 3691 manifesta

304 3719 487 3797 ferantur,
522 3712 687 3790 homines
711 3721 839 3791 mereri
866 3720 1131 3805 remissionem,
1166 3733 1201 3790 et
1224 3744 1299 3791 esse
1353 3721 1513 3807 impietas
1536 3733 1588 3793 est
1612 3743 1773 3812 pugnans
1797 3743 1876 3788 curn
1902 3713 1968 3790 hoc
1991 3721 2105 3802 dicto,
2131 3716 2261 3794 Gener.
2281 3719 2339 3796 15.

305 3821 418 3889 iustos
434 3833 468 3890 et
483 3822 608 3891 mereri
625 3821 732 3892 vitam
757 3836 936 3892 aeternam
954 3835 1100 3912 propter
1117 3823 1297 3914 propriam
1351 3837 1382 3893 et
1396 3821 1523 3895 Roma.
1536 3821 1590 3896 i:
1617 3820 1780 3894 Credidit
1796 3817 1979 3892 Abraham
2005 3818 2101 3907 Deo,
2127 3837 2162 3894 et
2184 3825 2339 3915 imputa-

306 3920 394 4009 tegis
431 3921 689 4020 impletionem.
753 3919 912 4003 Deinde,
952 3925 1036 4017 quia
1071 3947 1176 3994 nemo
1218 3925 1295 4006 scit,
1349 3943 1426 3997 turn
1449 3937 1503 3996 est
1526 3926 1559 3995 ei
1583 3927 1626 3994 ad
1649 3923 1837 3996 iusticiam.

306 4025 451 4117 quando
475 4025 558 4094 satis
583 4019 710 4094 habeat
732 4027 959 4107 meritorum,
985 4026 1112 4096 iubent
1131 4021 1297 4100 homines
1452 4025 1525 4098 Nec
1541 4025 1603 4097 illa
1620 4026 1827 4115 imaginatio
1845 4024 2009 4117 congruit
2029 4047 2111 4097 cnm
2132 4021 2342 4118 Evangelio,

305 4149 445 4216 semper
460 4147 605 4196 manere
622 4127 661 4198 in
677 4128 914 4200 dubitatione.
966 4125 1152 4200 Haeduae
1173 4128 1297 4216 imagi·
1349 4131 1446 4226 quod
1464 4123 1572 4198 homo
1587 4129 1635 4201 sit
1651 4131 1763 4199 iustus
1782 4141 1927 4219 propter
1948 4127 2236 4202 commixtionem
2259 4153 2339 4200 cor-

305 4229 468 4298 nationcs
490 4244 574 4300 sunt
601 4225 782 4309 ethnicae,
817 4244 916 4301 ortae
943 4254 984 4301 ex
1006 4224 1162 4299 hnmana
1187 4233 1295 4303 ratio·
1351 4233 1508 4325 poralem
1532 4227 1666 4302 Christi
1689 4255 1769 4302 cum
1798 4225 1917 4300 anima
1942 4231 1998 4300 vel
2021 4255 2170 4322 corpore
2205 4245 2339 4310 nostro,

303 4331 503 4414 cinctione,
527 4355 618 4424 qnae
638 4346 819 4425 utcunque
840 4333 955 4422 legem·
971 4331 1149 4418 intuetur,
1173 4347 1209 4405 et
1222 4358 1297 4404 non
1351 4337 1435 4430 quia
1461 4332 1604 4425 proprie
1624 4335 1670 4405 de
1684 4330 1823 4424 Spiritu
1842 4347 1964 4404 sancto
1986 4333 2120 4404 dictum
2145 4343 2214 4416 est,
2241 4341 2338 4425 quod

302 4433 404 4504 novit
434 4429 686 4523 Evangelium:
729 4434 821 4506 sicut
845 4433 1029 4519 Socrates,
1073 4431 1298 4526 Xenophon,
1351 4438 1557 4508 effundatur
1572 4434 1610 4506 in
1627 4438 1734 4507 corda
1751 4448 1891 4520 nostra,
1914 4449 1948 4506 et
1966 4435 2012 4505 sit
2033 4433 2237 4502 immediata
2260 4457 2340 4524 per·

304 4549 340 4606 et
372 4535 506 4606 similes
530 4538 576 4606 de
603 4537 786 4608 voluntate
817 4536 889 4609 Dei
922 4537 1141 4629 ambigentes
1173 4538 1298 4632 dispu-
1349 4563 1437 4610 sona
1468 4537 1709 4620 sanctificans,
1743 4551 1784 4608 ut
1812 4535 1852 4604 in
1876 4531 1976 4606 Actis
1997 4535 2111 4628 eapite
2133 4537 2168 4608 2.
2192 4537 2339 4606 dicitnr:
2369 4613 2376 4634 ι

304 4651 436 4710 tarunt.
862 4715 867 4730 .
1350 4639 1482 4713 Dextra
1517 4639 1590 4710 Dei
1630 4640 1820 4722 exaltatus,
1857 4637 2033 4728 accipiens
2066 4638 2339 4731 promissionem

404 4737 538 4810 Contra
554 4761 639 4810 vero
656 4750 884 4832 opponantur
898 4735 955 4811 his
971 4741 1129 4812 tenebris
1153 4743 1298 4814 concio·
1349 4743 1506 4834 Spiritus
1530 4742 1641 4812 sancti
1665 4753 1825 4831 spelte,
1858 4738 1986 4812 effudit
2007 4763 2088 4809 enm
2112 4739 2149 4828 in
2177 4763 2254 4808 nos.
2297 4737 2342 4810 Et

302 4865 368 4915 nes
389 4837 577 4933 Evangelii
598 4843 644 4912 de
667 4841 819 4930 gratuita
844 4843 1132 4914 reconciliatione
1154 4859 1298 4934 propter
1353 4846 1471 4920 Galat.
1491 4840 1548 4919 4.:
1576 4841 1681 4934 Misit
1702 4842 1798 4915 Deus
1820 4841 1987 4934 spiritum
2011 4840 2077 4910 filii
2094 4841 2151 4914 sui
2171 4843 2209 4910 in
2234 4844 2341 4911 corda

301 4946 441 5027 hlium,
479 4959 515 5015 et
545 4943 702 5028 deiide,
744 4955 780 5016 el
802 4943 955 5018 sciamus
988 4948 1194 5018 mandatum
1229 4943 1297 5018 Dei
1350 4962 1485 5020 nostra.

301 5071 402 5132 esse,
441 5058 484 5118 ut
505 5048 689 5116 credamus
711 5069 777 5118 nos
806 5044 858 5116 sic
879 5047 990 5139 recipi
1014 5061 1159 5139 propter
1183 5048 1296 5120 filium
1453 5047 1610 5120 Difficile
1634 5061 1685 5120 est
1709 5047 1867 5117 indicare
1894 5041 2137 5140 labyrinthos,
2178 5047 2240 5140 qni
2270 5061 2340 5118 tarn

302 5151 396 5234 lide,
434 5163 469 5220 et
488 5148 629 5220 assidue
650 5171 892 5241 repugnemus
915 5150 1147 5225 dubitationi.
1199 5149 1298 5224 Haec
1351 5152 1447 5223 varie
1474 5161 1665 5224 struuntur
1696 5162 1820 5221 contra
1846 5149 2053 5232 veritatem,
2099 5149 2160 5218 sed
2184 5147 2342 5218 iuniores

302 5247 492 5324 antithesis
525 5250 731 5323 iunioribus
768 5249 905 5344 aliquid
941 5253 1032 5324 lucis
1064 5254 1188 5326 adiert.
1247 5251 1297 5324 lli
1351 5269 1443 5326 recte
1460 5253 1596 5324 discant
1609 5253 1841 5325 fundamenta
1858 5263 2002 5342 propter
2018 5249 2167 5339 gloriam
2182 5246 2268 5340 Dei,
2307 5262 2343 5320 et

301 5354 561 5449 praemonendi
577 5367 660 5424 sunt
673 5354 780 5426 etiam
798 5353 845 5422 de
859 5354 1083 5444 cormptelis.
1351 5369 1497 5448 propter
1518 5355 1700 5448 propriam
1727 5355 1891 5428 salutem.
1949 5349 2060 5424 Recte
2086 5351 2236 5442 cognitis
2257 5352 2342 5422 lun-

408 5452 581 5531 Monachi
608 5455 659 5526 sic
684 5469 923 5548 corruperunt
955 5453 1048 5526 hanc
1081 5455 1298 5548 propositio-
1350 5457 1546 5538 dementis,
1594 5481 1675 5528 cum
1699 5458 1840 5528 accedet
1869 5469 1963 5526 aetas
1986 5469 2021 5525 et
2043 5477 2147 5538 usus,
2188 5453 2343 5524 refutare

303 5583 403 5644 nem,
419 5557 508 5628 Fide
523 5556 768 5643 iustificamur,
782 5557 916 5630 scilicet
931 5558 1297 5644 formatadilectione,
1351 5561 1547 5632 contrarias
1565 5559 1839 5649 imaginationes
1855 5570 2033 5647 poterunt,
2082 5552 2130 5626 lle
2145 5577 2234 5648 quae
2250 5554 2342 5622 dixi·

301 5687 344 5733 ac
372 5663 479 5730 iidem
503 5661 710 5748 intelligunt
737 5671 876 5730 tantum
908 5661 1099 5744 noticiam,
1139 5675 1176 5732 et
1202 5685 1297 5733 snm-
1351 5687 1432 5734 mrrs
1454 5674 1660 5752 congruunt
1687 5661 1730 5730 ad
1754 5659 1963 5732 doctrinam*
1980 5659 2025 5728 de
2046 5653 2341 5746 Regeneratiune.

302 5767 409 5834 nient
433 5755 617 5832 hominem
640 5761 772 5830 iustum
798 5783 872 5832 esse
889 5777 1036 5854 propter
1055 5763 1297 5846 dilectionem,
1351 5766 1445 5836 Cum
1469 5767 1564 5834 enim
1582 5763 1619 5832 in
1634 5765 1728 5834 veris
1743 5763 1934 5852 pavoribus
1955 5760 2061 5832 corda
2079 5783 2164 5828 voce
2178 5754 2342 5846 Evarrge·

303 5870 341 5936 id
368 5877 439 5948 est,
466 5863 554 5950 legis
576 5863 836 5954 impletionem.
887 5859 985 5936 llaec
1007 5866 1215 5958 depravatio
1237 5890 1297 5938 es·
1351 5869 1393 5938 lii
1409 5879 1672 5948 sustentantur,
1694 5863 1850 5958 Spiritus
1864 5873 2004 5932 sanctus
2016 5860 2123 5932 simul
2142 5875 2192 5933 est
2207 5859 2342 5938 efficax,

367 5972 550 6038 disseras.
575 5969 682 6038 Orsa.
721 5967 806 6034 vos.
829 5965 910 6040 XV.
1465 5967 1513 6038 8³
