5825 6950
332 684 410 756 sss
722 682 807 762 xrs.
832 677 1131 759 suessano
1162 680 1215 757 ln
1244 678 1433 759 straus.
1464 674 1686 758 loannis
1751 628 1983 760 canna.
2291 696 2367 769 see

332 870 383 925 est
400 852 554 927 deSS.
603 854 749 927 Publice
773 858 869 929 adest
895 856 1111 941 ministerio,
1137 880 1177 927 ac
1199 857 1329 930 retinet
1379 858 1623 946 praeceptum,
1656 855 1714 925 sed
1736 869 1787 926 est
1810 859 1996 947 promissio
2022 874 2057 932 et
2078 862 2291 949 consolatio,
2323 869 2370 937 ad

332 982 459 1027 seram
475 958 706 1037 sententiam,
741 973 775 1029 ιι
795 984 858 1050 per
879 960 995 1050 ipsum
1018 960 1254 1031 ministerium
1275 973 1329 1029 cst
1378 957 1538 1046 singulos
1572 971 1606 1027 et
1633 959 1678 1025 ad
1717 956 1917 1028 universam
1951 959 2144 1034 Ecclesiam
2176 967 2370 1054 pertinens.

332 1062 478 1143 elticax,
522 1074 564 1130 ιιι
587 1061 780 1132 clarissime
805 1075 978 1132 testantur
1003 1056 1089 1130 haec
1112 1063 1204 1131 dicta
1229 1063 1262 1132 1.
1281 1064 1326 1131 ad
1378 1056 1683 1149 Significatigitur
1699 1084 1765 1150 pas
1781 1054 1960 1147 hocloco,
1986 1080 2025 1135 ut
2041 1089 2142 1157 saepe
2157 1068 2254 1159 alias,
2270 1082 2369 1139 tran-

330 1160 417 1233 Cor.
437 1164 475 1232 1.
502 1158 829 1237 stanconam
850 1162 904 1233 3.:
927 1158 1162 1253 Evarrgelium
1187 1181 1237 1236 est
1258 1165 1328 1233 mi·
1377 1160 1592 1254 quillitatenr
1615 1176 1649 1231 ct
1672 1164 1840 1251 gaudium
1864 1167 2012 1249 mentis,
2049 1182 2166 1239 ortum
2190 1196 2210 1239 a
2231 1174 2369 1241 duabus

329 1262 527 1334 nisteriurn
552 1264 714 1357 spiritus,
747 1269 847 1337 etad
871 1262 1057 1337 Romanos
1084 1272 1132 1339 l.:
1164 1264 1326 1356 Evange.
1377 1263 1510 1343 causis,
1538 1262 1621 1357 quia
1639 1264 1800 1335 videlicet
1825 1290 1925 1336 rueris
1948 1268 2206 1361 intelligitDeo
2230 1271 2267 1341 iu
2297 1272 2369 1343 illis

329 1368 421 1436 lium
446 1381 503 1439 est
524 1368 682 1455 potentia
704 1364 773 1437 Ilei
796 1370 840 1437 ad
862 1369 1011 1438 salutem
1032 1369 1132 1437 omni
1157 1368 1326 1439 credenti.
1377 1364 1558 1435 aerumnis
1585 1366 1823 1436 obediendum
1851 1392 1940 1453 esse,
1973 1387 2005 1441 et
2030 1372 2200 1465 prospicit
2223 1375 2370 1460 exitum,

332 1467 481 1539 Retinet
512 1466 668 1562 Spiritus
689 1484 830 1540 sanctus
851 1471 890 1539 in
906 1467 1061 1541 Ecclesia
1085 1471 1199 1540 lucem
1222 1496 1326 1540 verae
1378 1468 1501 1550 idest,
1532 1468 1599 1537 scit
1613 1464 1730 1539 Deum
1750 1470 1852 1538 nobis
1877 1476 2015 1555 adesse,
2048 1474 2118 1542 iarn
2143 1500 2368 1569 nuncupem

338 1570 537 1654 doctrinae,
563 1570 702 1641 aliasin
717 1572 899 1663 pluribus,
924 1572 1011 1642 alias
1028 1573 1066 1641 in
1088 1572 1326 1662 paucioribus,
1376 1570 1486 1656 serre,
1520 1570 1680 1659 mitigare
1704 1572 1940 1662 calamitates,
1975 1589 2011 1646 ct
2035 1578 2174 1647 tandem
2200 1581 2367 1650 daturum

341 1688 375 1741 ιι
387 1672 540 1741 subinde
553 1696 676 1744 rursus
690 1675 868 1760 accendit,
892 1688 933 1744 ut
951 1676 996 1744 ad
1011 1669 1186 1765 Ephesios
1197 1690 1325 1770 quarto
1378 1669 1536 1763 placidos
1553 1673 1677 1745 exitus.

341 1775 481 1843 dicitnr:
506 1772 617 1847 Dedit
632 1777 726 1847 dona
742 1771 970 1861 hominihus,
986 1772 1199 1866 Prophetas,
1223 1778 1325 1870 Apo·
1478 1772 1574 1843 Haec
1588 1774 1719 1845 clarius
1736 1770 1978 1865 intelligentur
1994 1803 2035 1848 ex
2049 1780 2250 1851 collatione.
2294 1780 2368 1851 lle·

338 1876 461 1953 ssolos,
489 1873 673 1964 Pastor-oo,
699 1876 894 1963 Doctores,
926 1893 961 1950 ot
976 1880 1122 1951 additor
1145 1882 1197 1951 ihi
1220 1904 1323 1951 coum
1376 1869 1597 1962 mosthencs,
1624 1874 1749 1947 Cicero
1774 1892 1806 1947 et
1824 1880 1957 1949 similes
1972 1905 2097 1971 magna
2113 1882 2269 1973 pericula
2288 1908 2367 1955 sus-

334 1978 423 2047 taoti
445 1979 633 2064 beneficii,
675 2004 721 2049 ne
743 1982 918 2053 fluctuent
937 1976 1120 2067 homines,
1154 1996 1323 2077 tanquam
1377 1978 1492 2050 tinent
1519 1978 1558 2047 in
1586 2000 1648 2051 sua
1677 1982 1953 2070 gubernatione,
1986 1998 2126 2055 etcum
2151 1984 2273 2055 vident
2304 2010 2367 2057 sua

332 2080 448 2149 sentis
480 2103 645 2153 errorum
668 2084 808 2173 agitati,
842 2083 879 2152 id
901 2098 972 2168 est,
1004 2082 1161 2175 Spiritus
1182 2099 1324 2155 sanctus
1375 2080 1523 2150 consilia
1557 2104 1631 2151 esse
1666 2081 1844 2167 infelicia,
1879 2098 2043 2155 accusant
2063 2086 2239 2157 sociorum
2263 2090 2366 2179 perli-

330 2182 460 2252 retinet
475 2178 715 2273 Evangelium
738 2208 758 2255 a
780 2180 924 2257 Christo
946 2188 1115 2257 traditum
1142 2187 1180 2255 in
1197 2184 1323 2258 Eccle·
1375 2183 1489 2266 diam,
1523 2184 1646 2253 dolent
1668 2200 1751 2252 suos
1773 2183 1912 2259 labores
1935 2210 2008 2255 esse
2033 2188 2151 2259 irritos
2174 2203 2207 2257 et
2233 2188 2366 2275 inanes,

334 2286 401 2367 sia,
428 2300 463 2353 et
478 2286 582 2355 addit
597 2284 733 2357 donum
749 2288 1070 2379 interpretationis,
1095 2312 1157 2359 seu
1174 2290 1211 2358 in
1229 2290 1323 2360 mul·
1374 2298 1408 2353 et
1425 2282 1585 2354 iudicant
1600 2309 1636 2353 se
1651 2310 1669 2353 a
1684 2283 1760 2356 Deo
1778 2285 1927 2375 negligi,
1955 2287 2155 2360 irascuntur
2177 2314 2259 2381 ergo
2277 2290 2366 2370 Deo,

337 2388 399 2467 tis,
421 2410 483 2455 seu
500 2387 538 2455 in
555 2390 691 2478 paucis,
725 2401 873 2473 utone,
908 2414 1008 2470 vera,
1040 2406 1229 2482 perpetuo,
1265 2391 1322 2459 io.
1374 2401 1407 2456 et
1436 2385 1688 2479 opprimuntur
1718 2391 1961 2473 desperatione
1990 2404 2024 2458 et
2047 2392 2181 2465 dolore.
2242 2390 2283 2463 ln
2308 2388 2365 2463 lris

343 2502 496 2581 corrupta
526 2492 700 2561 sententia
727 2514 865 2581 semper
896 2506 1054 2577 maneat,
1095 2518 1141 2563 ne
1169 2494 1322 2565 extincta
1375 2512 1448 2557 ⁰0¹¹
1466 2502 1518 2559 est
1531 2512 1609 2580 pax,
1627 2492 1671 2559 de
1688 2513 1758 2581 qua
1766 2484 1930 2560 Christus
1946 2492 2115 2585 loquitur,
2134 2493 2170 2563 id
2190 2507 2250 2579 est,
2266 2510 2364 2565 tran-

344 2614 418 2657 sera
437 2591 619 2679 agnitione
639 2606 673 2663 et
693 2593 918 2663 invocatione
943 2590 1041 2678 Dei,
1073 2607 1188 2665 totum
1210 2617 1321 2686 genus
1374 2590 1533 2682 quillitas
1561 2614 1622 2660 seu
1642 2590 1809 2681 gaudium
1835 2595 1971 2672 cordis,
2004 2608 2038 2663 et
2061 2596 2254 2687 expectatio
2278 2596 2364 2667 lsorri
2397 2592 2402 2603 ’

339 2687 530 2762 humanum
547 2695 771 2786 opprimatur
785 2697 968 2766 furoribus
991 2693 1144 2768 ethnicis
1163 2712 1198 2768 et
1220 2699 1320 2768 simi·
1373 2693 1496 2763 esitus
1549 2692 1598 2762 At
1621 2706 1764 2763 econtra
1790 2693 1825 2761 in
1848 2691 1995 2763 Ieremia
2020 2711 2053 2765 et
2078 2694 2114 2765 in
2132 2694 2290 2789 Baptista
2313 2714 2364 2769 est

335 2792 435 2863 libus.
488 2792 587 2865 Haec
600 2798 645 2865 de
659 2798 803 2887 publico
821 2800 991 2869 beneficio
1013 2800 1203 2890 diligenter
1223 2801 1320 2887 cogi·
1373 2819 1457 2883 pax,
1491 2795 1629 2865 lamelsi
1659 2796 1764 2865 ambo
1788 2796 1963 2867 sustinent
1985 2796 2144 2886 ingentes
2166 2824 2363 2887 aerumnas»,

332 2900 433 2965 tanda
456 2913 562 2982 sont,
592 2911 627 2968 et
652 2902 843 2987 petendum
865 2914 935 2982 est,
960 2915 1000 2972 ut
1023 2903 1167 2998 doctore
1180 2900 1319 2991 spirim
1371 2894 1528 2987 ingentia
1544 2896 1711 2986 pericula,
1725 2918 1758 2967 ιι
1772 2902 1915 2967 tandem
1932 2926 1950 2969 a
1965 2901 2125 2993 tyrannis
2142 2900 2362 2971 interficiun-

332 3014 448 3069 ssncto
477 3022 617 3092 semper
648 3014 683 3071 et
710 3002 844 3095 ubique
872 3019 1014 3092 regatur
1038 3028 1107 3075 vox
1129 3004 1317 3075 ministerii
1371 3014 1441 3073 tur.
1491 2994 1599 3069 Unde
1617 3014 1735 3069 autern
1763 2995 1848 3067 heroe
1872 3026 1937 3091 pax
1962 3002 1999 3067 in
2023 3004 2129 3071 corde
2153 3004 2290 3073 oritur?
2325 3005 2363 3073 id

333 3101 486 3191 publici.
575 3106 584 3113 '
1370 3114 1438 3185 est,
1470 3122 1698 3193 quaecausae
1713 3102 1962 3181 coenolentus,
1998 3117 2032 3172 ιι
2056 3118 2255 3175 sustentant
2279 3106 2362 3177 cos?

428 3201 572 3273 Deinde
588 3204 764 3295 privatum
782 3206 992 3276 beneliciuus
1013 3221 1085 3292 est,
1112 3232 1193 3278 curo
1217 3232 1317 3278 mon.
1370 3200 1692 3272 Haecausaesunt.
1743 3200 1885 3273 Norunt
1902 3229 1942 3273 en
1958 3204 2118 3275 doctrina
2136 3206 2278 3275 coelesti
2298 3232 2362 3277 cur

332 3321 380 3378 tes
407 3305 565 3376 audiunt
595 3307 742 3379 verbum
766 3307 853 3389 Dei,
893 3307 1050 3399 Spiritus
1081 3322 1223 3381 sanctus
1252 3305 1319 3379 hac
1369 3300 1526 3373 Ecclesia
1555 3304 1601 3373 sit
1630 3302 1785 3375 subiecta
1818 3306 1934 3386 cruci,
1970 3322 2003 3377 ιι
2029 3308 2123 3397 quod
2150 3306 2246 3377 Deus
2270 3304 2360 3377 hanc

332 3410 403 3498 ipsa
436 3430 524 3478 voce
554 3408 670 3480 lucem
700 3409 740 3480 in
763 3411 932 3482 cordibus
952 3414 1129 3498 accendit,
1162 3426 1202 3484 ut
1226 3426 1318 3484 recte
1369 3405 1606 3476 obedientiam
1626 3405 1797 3497 postulet,
1821 3406 1893 3478 imo
1908 3408 2024 3479 sciunt
2046 3408 2157 3478 lilium
2176 3409 2263 3493 Dei,
2297 3410 2360 3504 qui
2425 3464 2428 3478 .

331 3511 532 3600 intelligant
553 3505 807 3602 Evangelium,
839 3513 1080 3585 etflectantur
1104 3537 1221 3607 inens,
1253 3540 1319 3584 vo·
1369 3522 1421 3580 ιιι
1442 3523 1548 3600 caput
1571 3503 1768 3592 Ecclesiae,
1803 3511 1962 3580 loturum
1989 3535 2062 3580 esse
2091 3511 2288 3592 victimam,
2325 3527 2361 3590 et

331 3615 447 3682 luntas
464 3628 499 3683 et
513 3637 575 3682 cor
588 3615 633 3683 ad
649 3617 887 3701 credendum,
923 3631 956 3686 et
980 3619 1177 3688 excitentur
1199 3635 1318 3689 motus
1369 3611 1600 3683 toleraturum
1623 3611 1866 3682 acerbissimos
1888 3613 2073 3686 cruciatus,
2134 3611 2281 3682 interim
2306 3627 2359 3684 ta·

333 3715 589 3786 consentientes
615 3715 685 3804 legi
713 3715 801 3802 Dei,
843 3733 878 3788 et
904 3721 1182 3804 consolationes,
1223 3743 1318 3814 qooo
1369 3739 1449 3783 men
1463 3715 1601 3798 sciunt,
1636 3739 1671 3782 se
1687 3729 1719 3783 et
1734 3707 1927 3782 Ecclesiam
1951 3713 2086 3798 iuvari,
2112 3728 2147 3785 ιι
2170 3715 2360 3784 sustentari

338 3831 414 3887 ιιιιιι
437 3818 595 3889 incoatio
619 3819 713 3890 vitae
733 3833 918 3904 aeternae,
950 3836 990 3891 ut
1011 3817 1176 3893 Christus
1198 3823 1318 3916 inquit
1367 3812 1497 3898 allen,
1529 3830 1563 3885 ιι
1585 3819 1726 3887 tandem
1751 3817 1863 3886 exitus
1886 3817 1960 3884 lore
1983 3817 2094 3886 laetos
2121 3829 2155 3885 et
2175 3815 2359 3906 gloriosos,

338 3917 428 3986 loen.
446 3917 524 3990 17.:
557 3917 655 3990 Haec
670 3933 722 3990 est
737 3921 808 3992 vita
825 3938 988 4002 aeterna,
1015 3940 1053 3995 ut
1068 3940 1259 4012 agnoscant
1283 3939 1317 3994 te
1368 3919 1590 3988 neclabores
1605 3939 1686 3988 suos
1703 3917 1825 3986 inrmes
1840 3931 1873 3986 et
1891 3915 2012 3987 irritos
2027 3939 2113 3989 csse.

334 4021 584 4092 solumserurn
608 4045 682 4092 esse
696 4021 832 4109 Derim,
867 4040 902 4094 et
923 4049 1029 4118 quern
1053 4027 1177 4098 enisis-ti
1200 4025 1315 4097 {eroso
1471 4017 1640 4090 leremiae
1670 4019 1879 4108 gubernatio
1909 4019 2092 4090 dissimilis
2120 4033 2172 4090 ιιι
2195 4021 2357 4090 omnium

332 4144 401 4192 esse
413 4119 617 4208 Christum,
649 4148 690 4195 sc
710 4127 756 4194 de
777 4141 931 4220 utroque
950 4128 1140 4211 beneficio,
1173 4129 1316 4219 publico
1367 4121 1590 4213 superiorum
1612 4115 1873 4211 Prophetarum
1894 4119 2073 4204 consiliis,
2107 4147 2229 4190 omnes
2251 4145 2356 4212 supe-

332 4241 361 4292 tt
379 4223 536 4314 privato,
563 4249 666 4318 saepe
681 4227 751 4296 iam
763 4229 898 4300 dictum
916 4243 988 4313 ιιι,
1005 4243 1039 4298 ιι
1056 4253 1178 4299 ιιιιιιιι
1194 4232 1317 4300 dicen·
1367 4225 1480 4292 riores
1500 4219 1759 4314 prohibuerunt
1778 4223 2016 4302 deditionem,
2044 4238 2076 4292 et
2096 4223 2274 4294 iusserunt
2299 4225 2356 4290 di-

330 4329 415 4395 tluus
437 4328 519 4402 erit.
573 4325 736 4422 Cumque
758 4331 865 4401 verba
886 4344 1000 4401 textus
1021 4334 1109 4402 adeo
1133 4333 1316 4424 perspicua
1368 4326 1496 4395 micare
1505 4376 1518 4409 ,
1560 4327 1656 4416 quod
1683 4326 1877 4392 suadebant
1901 4339 1931 4393 et
1960 4323 2228 4414 promissiones,
2264 4349 2355 4416 quae

328 4426 417 4510 sint,
443 4452 517 4499 non
544 4444 595 4500 est
616 4453 707 4520 opus
727 4431 833 4522 longa
857 4433 1099 4518 enarratione,
1134 4436 1192 4503 sed
1219 4459 1317 4503 corps.
1366 4427 1613 4517 significabant
1628 4449 1774 4511 regnum
1793 4427 1832 4494 in
1851 4425 1936 4495 luda
1954 4447 2159 4494 rnansurum
2175 4447 2260 4495 esse.
2307 4421 2356 4494 At

327 4531 511 4602 monefieri
542 4532 710 4603 lectorem
737 4537 899 4624 prodest,
941 4536 1070 4604 deinde
1101 4536 1158 4626 pia
1183 4537 1318 4626 cogita·
1369 4529 1533 4600 ieremias
1563 4529 1686 4598 suadet
1716 4527 1954 4610 deditionem,
1996 4551 2086 4618 quac
2111 4540 2186 4595 erat
2209 4526 2354 4594 exitiosa

325 4629 423 4701 tione
451 4635 490 4703 in
519 4635 739 4728 quotidianis
769 4637 936 4727 periculis
966 4651 1001 4707 et
1024 4639 1061 4705 in
1079 4638 1318 4722 invocatione,
1368 4629 1530 4702 lrnicloti
1547 4630 1702 4720 politiae,
1718 4645 1752 4699 et
1768 4629 1978 4716 dissipatura
1997 4637 2228 4714 crntgentem.
2257 4623 2354 4695 Haec

322 4723 391 4804 hae
407 4736 636 4808 dulcissimae
648 4737 901 4828 promissiones
914 4740 1005 4809 fiunt
1021 4739 1243 4814 illustriores.
1366 4756 1526 4827 pugnare
1543 4733 1756 4801 videbantur
1777 4753 1857 4798 cum
1882 4727 2133 4818 promissione,
2166 4749 2232 4797 nec
2258 4729 2354 4796 euim

1017 4908 1026 4925 ,
1368 4834 1560 4905 verisimile
1577 4835 1785 4914 videbatur,
1808 4831 2012 4918 dissipatam
2036 4844 2174 4917 gentem
2198 4843 2274 4920 post
2298 4853 2354 4898 se·

593 4899 726 4978 P‘mm
744 4931 863 4978 mmm
879 4902 928 4979 ἆυ
941 4906 1054 4983 ‘'d'‘s·
1367 4937 1552 5038 ptuaginta
1567 4959 1680 5005 anrros
1695 4955 1817 5003 rursus
1833 4934 2035 5020 congregari
2054 4953 2154 5021 posse
2178 4933 2214 5000 in
2241 4955 2353 5001 ursum

423 5041 489 5114 Sic
518 5042 559 5112 in
581 5037 648 5112 bac
669 5044 1239 5116 sententis·commonefaciendus
1265 5059 1317 5115 ιιι
1366 5042 1503 5126 locust»,
1536 5051 1596 5128 aut
1620 5061 1728 5106 unam
1752 5037 1900 5104 locassem
1926 5031 2080 5125 Reipnb.
2138 5030 2223 5102 ideo
2248 5029 2353 5100 Prin-

321 5141 457 5230 lector,
488 5147 621 5238 quade
642 5147 850 5218 redicatur.
902 5145 1026 5216 Postea
1053 5149 1089 5216 in
1112 5148 1318 5220 afflictioni·
1367 5145 1481 5233 cipes,
1507 5137 1695 5210 Pontifices
1713 5153 1746 5208 ιι
1762 5136 1970 5206 Sacerdotes
1985 5139 2152 5218 oderant,
2182 5147 2215 5202 et
2232 5133 2355 5203 multis

320 5243 389 5313 bns
422 5261 460 5318 et
490 5246 681 5338 periculis,
729 5233 823 5318 haric
851 5249 1121 5338 promissionem
1150 5250 1316 5336 cogitatio
1367 5245 1485 5314 snodis'
1504 5241 1750 5312 excruciabant
1775 5235 1968 5310 ieremiarn,
2028 5233 2124 5304 Haec
2149 5237 2274 5306 tolerat
2297 5234 2353 5301 in-

320 5348 455 5420 seddet
469 5347 713 5422 illustriorem.
765 5348 875 5420 Multi
893 5351 1160 5422 intellexerunt:
1188 5349 1315 5421 Pacem
1366 5345 1610 5437 gentirobore
1624 5343 1755 5424 animi,
1782 5353 1814 5409 et
1830 5337 1895 5408 scit
1914 5361 1997 5408 suos
2019 5338 2158 5406 labores
2182 5336 2354 5406 salutares

318 5451 494 5546 relinquo
509 5451 631 5534 vobis,
661 5473 727 5542 pro
742 5447 809 5521 hac
821 5455 1014 5524 sententia:
1041 5453 1136 5525 Volo
1158 5475 1221 5524 vos
1243 5475 1318 5522 esse
1366 5471 1442 5522 esse
1454 5443 1633 5516 Ecclesiae
1650 5443 1733 5527 Dei,
1765 5440 1901 5510 etiamsi
1923 5439 2020 5510 videt
2042 5439 2217 5508 escidium
2242 5438 2351 5528 urbis,

320 5557 521 5624 concordes
537 5553 631 5623 inter
646 5576 727 5634 vos,
750 5567 783 5622 et
798 5555 949 5624 tolerare
964 5557 1129 5641 iniurias,
1151 5580 1216 5625 nec
1231 5578 1316 5623 con·
1367 5547 1655 5639 dissipationem,
1682 5561 1715 5615 ιι
1733 5565 1833 5612 neces
1848 5540 2000 5626 civitam,
2025 5541 2091 5610 scit
2113 5555 2147 5612 et
2168 5533 2253 5622 hoc,
2280 5561 2353 5607 sea

322 5655 435 5726 titare
457 5655 599 5754 plebem
623 5667 746 5726 contra
761 5651 948 5744 Evangelii
969 5651 1098 5732 hostes.
1152 5652 1232 5726 Etsi
1252 5679 1317 5726 au·
1367 5651 1443 5721 Deo
1460 5649 1593 5741 protegi
1610 5664 1643 5717 et
1658 5645 1792 5726 iuvari,
1820 5664 2024 5736 quanquam
2042 5664 2146 5732 saepe
2164 5639 2353 5710 crudeliter

321 5771 394 5826 tem
410 5758 502 5828 alias
516 5779 620 5848 saepe
636 5759 680 5826 de
697 5757 906 5848 concordia,
919 5773 953 5828 et
970 5759 1015 5830 de
1027 5760 1215 5830 tolerantia
1230 5781 1314 5828 con·
1368 5767 1514 5825 vexetur
1527 5752 1572 5820 ab
1586 5747 1759 5826 inimicis,
1772 5767 1811 5814 ac
1827 5745 1970 5814 tandem
1985 5745 2025 5812 in
2039 5738 2200 5834 Aegypto
2217 5739 2351 5856 intersp-

324 5861 509 5945 eionatur,
535 5873 653 5928 tamen
670 5861 805 5930 dictum
820 5863 917 5949 quod
934 5857 993 5932 hic
1007 5860 1152 5952 legitur,
1178 5886 1251 5930 raon
1266 5872 1315 5931 est
1369 5859 1473 5930 citur.
1526 5851 1567 5922 ln
1592 5847 1646 5922 his
1670 5864 1877 5919 trasnssrnns
1899 5845 2104 5938 spectaculis
2131 5859 2246 5914 tomen
2269 5857 2354 5914 roo.

375 5967 555 6032 llscssrn.
584 5965 687 6030 Oeen.
711 5965 794 6029 Vos..
823 5961 900 6029 XV.
1818 5951 1865 6019 ⁹21
1920 5984 1927 5999 ¹
