5825 6950
334 717 420 795 889
722 714 807 788 Xll.
856 712 1158 791 uutuuatto
1186 717 1236 790 ΙΝ
1264 714 1451 794 EVANG.
1480 715 1695 795 lOANNlS.
1757 719 1862 803 CAP.
1890 718 2028 795 XVlll.
2323 722 2402 833 800

448 888 589 961 Pinalis
609 911 734 975 cansa,
766 903 808 963 ut
830 912 979 980 magnae
1004 893 1095 981 parti
1117 892 1257 983 generis
1279 886 1348 963 bu·
1401 904 1465 963 aut
1486 892 1531 961 ed
1547 891 1808 973 obedientiam,
1834 895 1952 965 autad
1971 919 2134 989 poenam.
2184 892 2327 971 Deinde
2340 922 2398 971 se·

334 994 445 1065 anani
462 994 601 1065 iusticia
618 993 938 1085 etgloriaaeterna
953 996 1178 1075 redderetur,
1205 1006 1240 1064 et
1249 991 1348 1067 Deus
1401 1007 1565 1088 qountur
1590 995 1654 1065 alii
1677 996 1782 1066 multi
1806 996 1970 1079 effectus,
2004 1000 2248 1071 reconciliatio
2271 1000 2339 1073 Dei
2363 1016 2398 1073 et

331 1094 495 1169 haberet
520 1109 700 1169 aeternam
716 1092 933 1183 Ecclesiam,
952 1119 978 1191 a
1003 1122 1074 1192 qua
1097 1110 1348 1188 agnosceretur
1400 1091 1609 1184 bominum,
1643 1099 1790 1169 donatio
1825 1099 2003 1181 iustitiae,
2037 1100 2194 1195 Spiritus
2224 1106 2337 1177 saneti
2363 1119 2398 1177 ει

332 1212 372 1273 ει
407 1199 671 1285 celebraretur,
704 1215 744 1271 ut
764 1197 896 1277 Psalm.
912 1203 975 1273 22
998 1200 1148 1271 dicitur:
1181 1202 1288 1292 Apud
1312 1213 1348 1270 te
1370 1251 1374 1306 ε
1399 1201 1494 1269 vitae
1516 1214 1699 1287 aeternae,
1731 1203 1925 1273 destructio
1953 1227 2101 1296 operum
2125 1207 2280 1292 diaboli,
2313 1231 2396 1302 per·

331 1304 418 1373 laus
434 1326 537 1385 mea,
560 1304 600 1371 in
617 1299 777 1396 Ecclesia
793 1326 920 1393 magna
936 1302 1132 1374 confitebor
1149 1306 1235 1383 tibi,
1263 1318 1344 1373 vota
1369 1329 1374 1438 p
1398 1304 1468 1373 cati
1485 1317 1520 1375 et
1536 1305 1672 1374 mortis.

330 1430 416 1477 mea
433 1406 585 1475 reddam
604 1407 642 1474 iu
658 1418 849 1499 conspectu
865 1406 1070 1475 timentium
1088 1404 1215 1481 Deum.
1369 1459 1373 1514 ‚
1502 1404 1706 1499 Applicatio
1736 1408 1895 1479 continet
1926 1409 2125 1479 doctrinam
2156 1412 2395 1503 poenitentiae

443 1504 562 1579 Causa
578 1508 735 1580 efficiens
749 1522 896 1606 propter
909 1509 1047 1579 bonum
1061 1509 1188 1597 finem,
1211 1509 1342 1581 volun·
1369 1519 1372 1594 ῑ
1397 1524 1432 1582 ει
1455 1509 1549 1583 fidei.
1602 1506 1765 1579 Primum
1791 1533 1875 1580 vera
1899 1523 1934 1581 et
1957 1506 2142 1583 horribilis
2158 1514 2215 1583 ira
2236 1514 2308 1587 Dei
2330 1517 2395 1587 ad·

340 1626 396 1685 tas
415 1610 484 1681 blii
499 1608 569 1683 Dei
585 1626 618 1684 ει
634 1634 784 1703 persona
801 1611 897 1691 eins,
924 1607 1155 1682 volensbanc
1171 1612 1343 1684 obedien·
1369 1601 1373 1718 ἰ
1398 1635 1520 1683 νειειιε
1545 1626 1684 1702 peccata
1707 1626 1826 1684 nostra
1850 1614 2034 1705 cogitetur.
2096 1612 2187 1689 Cum
2208 1618 2305 1688 enim
2330 1642 2394 1691 vo-

343 1714 447 1799 tiam,
473 1728 624 1805 propter
653 1738 823 1785 arcanum
850 1716 1041 1784 consilium
1065 1717 1200 1785 aeterni
1222 1716 1344 1808 patris,
1368 1739 1372 1779 ι
1396 1715 1506 1785 luerit
1535 1714 1649 1783 filium
1682 1714 1758 1785 fieri
1782 1715 1960 1787 victimam
1988 1742 2052 1805 pro
2076 1744 2203 1811 genere
2224 1715 2394 1807 humano,

345 1818 443 1889 cuius
471 1816 527 1887 ira
560 1841 636 1887 non
657 1830 798 1909 poterat
818 1817 888 1887 alia
915 1814 1031 1887 hostia
1054 1819 1197 1909 placari.
1266 1816 1344 1890 Hac
1367 1785 1372 1884 l
1396 1829 1535 1887 constat
1571 1817 1751 1907 ingentem
1784 1833 1818 1893 et
1851 1842 1926 1888 non
1957 1820 2161 1893 simulatam
2188 1822 2279 1895 iram
2309 1847 2393 1897 esse.

343 1921 527 1991 voluntate
543 1914 709 1992 Christus
732 1920 808 2011 ipse
822 1935 875 1993 εει
890 1922 1073 2006 sacerdos,
1097 1944 1172 1991 sese
1186 1921 1343 1993 offerens
1367 1907 1371 2048 =
1397 1918 1514 1991 Multa
1538 1934 1622 1991 suut
1647 1919 1846 1993 tristissima
1872 1923 2074 1995 testimonia
2092 1926 2166 1997 irae
2181 1920 2250 1995 Dei
2265 1928 2394 1999 adven·

336 2036 487 2095 aeterno
504 2022 596 2122 patri
612 2046 679 2116 pro
693 2022 811 2097 nobis.
1367 2053 1370 2122 1
1395 2046 1455 2094 sus
1476 2034 1634 2112 peccata,
1662 2037 1702 2093 ut
1725 2048 1821 2095 mors
1842 2037 1877 2096 et
1894 2024 2054 2097 infinitae
2070 2026 2159 2097 aliae
2175 2028 2393 2103 calamitates

441 2122 597 2195 Materia
621 2148 704 2197 vero
723 2124 915 2216 passionis,
940 2125 978 2195 iu
996 2147 1086 2219 qna,
1112 2125 1233 2211 idest,
1256 2127 1343 2197 sub-
1395 2121 1598 2195 hominum.
1664 2125 1736 2198 Sed
1761 2122 1830 2197 hoc
1853 2128 2095 2200 testimonium
2122 2130 2226 2221 longe
2250 2147 2393 2226 superat

335 2230 494 2314 iectum,
520 2243 572 2300 est
591 2228 667 2320 ipse
687 2228 783 2299 filius
799 2223 887 2313 Dei,
915 2243 949 2301 et
964 2229 1226 2300 distribuantur
1239 2252 1342 2322 prae-
1394 2230 1536 2313 omnia,
1569 2230 1665 2323 quod
1700 2230 1739 2299 in
1763 2230 1826 2299 illo
1849 2254 1978 2301 arcano
2004 2232 2157 2304 consilio
2180 2234 2306 2306 divino
2329 2238 2392 2309 de-

336 2331 465 2423 cipuae
499 2344 638 2424 partes,
680 2355 772 2425 quae
801 2330 961 2404 dolorem
989 2344 1196 2419 senserunt,
1239 2332 1344 2401 nervi
1395 2345 1532 2405 cretum
1548 2345 1618 2415 est,
1644 2345 1684 2403 ut
1698 2332 1793 2403 lilius
1809 2332 1874 2403 Dei
1890 2334 1989 2405 lieret
2004 2336 2159 2407 victima.

341 2432 501 2525 corporis
524 2448 713 2505 senserunt
735 2433 929 2521 cruciatus,
956 2458 1046 2528 quos
1063 2434 1233 2506 afferebat
1249 2435 1341 2505 lace·
1498 2430 1704 2526 Applicatio
1725 2448 1778 2507 εει
1793 2435 1902 2527 igitur
1918 2438 2110 2528 passionis,
2134 2440 2291 2533 primum
2310 2464 2392 2513 vere

345 2538 453 2621 ratio,
487 2561 550 2606 cor
569 2536 728 2628 fugiebat
752 2550 925 2625 mortem,
958 2552 991 2608 et
1015 2562 1095 2628 pars
1118 2537 1340 2608 cruciatuum
1394 2559 1622 2628 expavescere
1652 2537 1833 2629 agnitione
1865 2538 1938 2609 irae
1969 2536 2037 2611 Dei
2068 2544 2239 2614 adversus
2269 2558 2391 2615 nostra

344 2639 503 2731 corporis
525 2643 735 2733 penetrabat
750 2642 797 2711 ad
812 2663 892 2732 cor,
917 2642 980 2711 sed
996 2643 1148 2711 maiores
1165 2640 1342 2711 cruciatus
1394 2654 1555 2733 peccata,
1590 2641 1684 2713 sicut
1710 2642 1785 2732 ipse
1808 2640 1912 2727 dicit,
1948 2641 2034 2713 Luc.
2052 2646 2133 2720 25st
2164 2642 2220 2715 Ne
2243 2646 2392 2738 ploretis

338 2757 439 2813 erant
461 2743 624 2831 animae,
647 2744 713 2838 qui
734 2744 839 2814 etiam
857 2769 918 2816 cor
934 2758 967 2814 et
982 2756 1097 2814 totum
1115 2766 1245 2835 corpus
1261 2744 1340 2812 lan·
1394 2766 1501 2835 super
1522 2767 1597 2829 me,
1624 2746 1686 2813 sed
1710 2744 1846 2838 plorate
1868 2768 1976 2845 super
1999 2771 2062 2818 vos
2082 2762 2116 2819 et
2133 2747 2225 2818 filios
2242 2762 2388 2821 vestros.

335 2845 599 2936 guelaciebant.
662 2846 753 2917 Nam
780 2847 900 2918 anima
930 2846 1084 2917 naturali
1107 2846 1341 2918 inclinatione
1392 2843 1536 2917 Deinde
1552 2848 1693 2918 accedat
1709 2860 1743 2921 et
1758 2848 1867 2919 altera
1881 2849 2071 2941 applicatio
2087 2851 2187 2932 fidei,
2215 2875 2304 2947 quae
2318 2866 2390 2923 sta-

333 2944 557 3021 abhorrcbat
580 2973 600 3017 a
625 2962 758 3035 morte,
784 2964 819 3020 et
842 2962 883 3021 ιιι
906 2950 945 3019 iu
967 2950 1048 3019 aliis
1070 2949 1226 3025 fortibus
1242 2948 1340 3034 viris,
1393 2962 1472 3020 tuat
1496 2950 1703 3021 mandatum
1726 2963 1912 3023 aeternum
1929 2949 1994 3020 Dei
2016 2968 2048 3023 et
2066 2954 2289 3025 immutabile
2305 2978 2390 3041 esse,

332 3076 479 3145 semper
518 3052 629 3141 magis
665 3074 767 3123 causa
803 3074 1054 3123 aerumnarum
1093 3052 1341 3123 excruciantur
1392 3065 1433 3123 ut
1464 3053 1648 3123 credamus
1678 3068 1823 3144 propter
1845 3076 1913 3123 nos
1935 3054 2050 3125 lilium
2073 3052 2139 3127 Dei
2159 3058 2291 3129 factum
2314 3081 2390 3129 esse

333 3153 465 3241 animi,
492 3178 600 3247 quam
616 3154 702 3246 ipsis
717 3156 910 3240 aerumnis,
934 3156 1025 3227 sicut
1034 3152 1207 3227 Davidem
1224 3156 1339 3227 multo
1392 3154 1595 3240 victimam,
1619 3168 1654 3227 et
1670 3178 1736 3227 nos
1750 3155 1862 3247 recipi
1877 3179 1898 3225 a
1913 3154 2009 3237 Deo,
2035 3181 2117 3227 eum
2132 3156 2309 3232 credimus
2322 3184 2390 3231 no-

332 3258 451 3347 rnagis
492 3257 659 3347 cogitatio
692 3258 817 3351 culpae
846 3260 1048 3345 exercebat,
1090 3282 1198 3353 quam
1228 3258 1339 3351 ipsius
1391 3258 1448 3329 bis
1472 3256 1605 3329 remitti
1632 3272 1772 3350 paccata
1795 3272 1941 3352 propter
1963 3260 2092 3350 ipsum.
2144 3259 2222 3332 Hac
2240 3262 2311 3332 lide
2331 3262 2391 3333 in-

333 3359 436 3433 exilii
458 3360 614 3436 miseria,
666 3358 720 3432 lta
741 3363 782 3431 in
798 3358 931 3434 Cbristi
944 3361 1063 3432 anima
1081 3383 1184 3433 causa
1204 3361 1338 3451 passio·
1362 3317 1367 3429 i
1391 3372 1516 3431 coatur
1537 3360 1610 3432 vita
1634 3374 1776 3432 aeterna
1801 3362 1840 3430 iu
1864 3362 2055 3445 cordibus,
2085 3363 2170 3457 quia
2195 3360 2281 3435 baec
2303 3390 2390 3435 con-

333 3465 393 3537 nis
419 3464 582 3556 ingentes
603 3464 746 3536 dolores
765 3465 894 3549 ciebat,
917 3464 1070 3548 scilicet,
1093 3464 1190 3559 quod
1207 3464 1339 3536 sciebat
1363 3436 1367 3545 l
1391 3463 1519 3534 solatio
1541 3463 1670 3537 liberat
1684 3489 1723 3535 ea
1740 3489 1759 3536 a
1776 3465 1991 3558 pavoribus,
2018 3481 2052 3538 et
2069 3491 2198 3538 novam
2216 3468 2331 3540 lucem
2349 3493 2390 3540 ac
2489 3555 2494 3562 ι

333 3565 505 3642 Christus
522 3566 638 3640 Deum
659 3569 763 3638 irasci
783 3569 933 3661 peccatis
948 3568 1088 3658 generis
1105 3563 1277 3659 humani,
1304 3581 1339 3638 et
1363 3554 1374 3660 ἰ
1391 3568 1500 3656 vitam
1520 3567 1647 3640 iucoat

335 3674 374 3742 in
390 3696 430 3740 se
446 3671 645 3742 derivatam
661 3695 736 3742 esse
752 3673 863 3756 iram,
887 3697 929 3743 ar
943 3672 973 3742 si
995 3673 1069 3763 ipse
1085 3696 1122 3742 se
1137 3671 1246 3742 tantis
1261 3694 1337 3741 sce·
1362 3670 1365 3708 ²
1494 3670 1551 3740 Ad
1592 3669 1865 3768 paedagogicarn
1886 3672 2167 3756 meditationem
2197 3672 2326 3743 deiude
2355 3685 2390 3744 et
2423 3741 2430 3751 ,

337 3775 475 3844 letibus
499 3773 695 3866 polluisset.
749 3774 857 3844 Hunc
874 3797 1043 3846 arcanum
1061 3789 1097 3847 et
1114 3775 1337 3845 inenarrabi-
1362 3774 1365 3817 ³
1391 3770 1478 3845 baec
1500 3773 1663 3845 doctriua
1687 3773 1860 3864 pertinet,
1886 3777 1982 3867 quod
1999 3774 2164 3845 videlicet
2180 3775 2389 3866 applicatio-

339 3877 406 3947 lem
430 3875 595 3946 dolorem
619 3902 661 3946 ex
685 3903 789 3950 causa
817 3878 991 3967 passionis
1013 3890 1153 3956 ortum,
1181 3901 1256 3947 non
1280 3876 1337 3946 in·
1391 3901 1474 3947 nem
1490 3891 1648 3947 nostram
1664 3875 1762 3970 sequi
1780 3877 2259 3967 debeautgratiarumsctio,
2287 3900 2389 3968 prae-

334 3980 509 4070 telligunt
529 3971 705 4054 homines.
757 3978 827 4051 Hic
842 3983 960 4050 anima
977 3975 1112 4052 Cbristi
1129 3980 1261 4051 luctata
1276 3994 1339 4065 est,
1391 3979 1543 4059 dicatio,
1576 3980 1769 4063 consessio,
1805 3979 1957 4050 imitatio
1986 3981 2026 4048 in
2046 4005 2159 4054 cruce.
2220 3977 2301 4050 Huc
2322 3981 2388 4049 ad·

334 4107 411 4152 nou
426 4082 547 4152 solum
564 4107 645 4152 cum
662 4083 877 4153 cruciatibus
891 4083 1051 4173 corporis
1064 4098 1099 4155 et
1115 4105 1196 4152 cum
1211 4097 1340 4167 morte,
1362 4120 1365 4143 ι
1391 4083 1561 4172 iungatur
1577 4095 1610 4152 et
1624 4083 1785 4154 doctrina
1805 4083 1849 4152 de
1863 4083 2059 4153 sacerdotio
2072 4076 2229 4174 Christi,
2256 4084 2300 4152 de
2316 4105 2387 4175 qno

335 4187 399 4256 sed
433 4183 553 4254 multo
578 4185 689 4276 magis
712 4211 792 4256 cum
817 4186 870 4256 ira
893 4183 979 4266 Dei,
1014 4184 1132 4256 doluit
1154 4184 1250 4254 filius
1270 4181 1339 4253 Dei
1391 4186 1654 4276 scriptumest:
1681 4183 1740 4254 Tu
1762 4209 1798 4254 es
1818 4187 1982 4257 sacerdos
2004 4185 2242 4256 inaeternum
2260 4207 2388 4254 secuu-

334 4283 567 4358 borribiliter
601 4288 777 4359 offensum
807 4312 882 4358 esse
909 4287 1030 4360 Deum
1060 4301 1095 4360 et
1122 4288 1338 4358 contumelia
1390 4290 1479 4356 dum
1497 4287 1660 4358 ordinem
1679 4279 1958 4362 Melchisedech.
2010 4283 2388 4359 Christusenimvere
2426 4297 2431 4304 '

334 4391 531 4476 affectum,
565 4403 601 4461 et
622 4391 766 4480 agnovit
791 4392 829 4459 in
854 4415 891 4460 se
914 4391 1111 4461 derivatam
1138 4391 1228 4459 iram
1253 4413 1338 4470 esse,
1391 4405 1445 4462 est
1467 4413 1626 4460 summus
1648 4392 1830 4470 sacerdos,
1857 4392 1914 4461 cui
1930 4385 2017 4460 baec
2033 4389 2191 4461 delinitio
2206 4389 2388 4460 convenit.

331 4493 459 4564 doluit
482 4506 518 4564 rt
538 4516 700 4584 magnam
715 4506 852 4584 partem
867 4493 1007 4581 generis
1022 4488 1173 4564 humani
1188 4517 1263 4561 non
1280 4492 1338 4564 iu·
1391 4491 1564 4564 Sacerdos
1596 4505 1648 4562 est
1677 4514 1848 4583 persona,
1881 4516 1971 4586 quae
1998 4493 2269 4584 promissionem
2293 4491 2387 4562 divi-

332 4597 484 4666 tellecto
497 4611 559 4667 aut
573 4609 689 4689 spreto
706 4591 775 4666 hoc
793 4595 963 4667 beneficio
972 4593 1052 4677 Dei,
1077 4595 1210 4666 scilicet
1224 4610 1338 4668 morte
1391 4619 1474 4664 nam
1506 4589 1634 4678 b'abet,
1667 4609 1708 4665 ιιι
1726 4607 1821 4666 εειιιι
1844 4609 1998 4666 statuere
2023 4595 2132 4685 possit
2156 4616 2192 4663 se
2217 4593 2389 4673 exaudiri,

330 4700 403 4770 lilii
428 4697 519 4784 Dei,
555 4721 657 4768 ruere
688 4699 727 4767 in
757 4712 942 4769 aeternum
966 4699 1124 4769 exitium.
1176 4697 1246 4770 Sed
1272 4693 1338 4769 hos
1361 4670 1366 4782 Ι
1391 4710 1516 4768 vocata
1550 4699 1718 4768 mandato
1746 4697 1893 4781 divino,
1924 4710 1966 4767 ut
1992 4697 2117 4766 doceat
2137 4693 2388 4785 Evangelium,

329 4801 484 4874 dolores
505 4800 588 4871 vicit
603 4796 691 4871 haec
706 4801 923 4886 consolatio,
949 4802 1047 4894 quod
1066 4800 1189 4869 volens
1202 4799 1339 4870 obediit
1392 4813 1428 4873 et
1441 4813 1541 4891 oret,
1566 4824 1607 4872 ac
1619 4800 1790 4871 sacrificet
1807 4825 1872 4892 pro
1889 4799 1981 4874 aliis.
2032 4796 2129 4868 Haec
2143 4798 2388 4890 propriissime

330 4903 454 4998 patri,
481 4917 515 4974 et
535 4903 731 4992 expectavit
755 4903 928 4974 auxilium
943 4900 1011 4972 Dei
1026 4917 1061 4976 et
1076 4902 1340 4982 liberationem,
1391 4916 1427 4973 et
1444 4903 1602 4995 primum
1615 4916 1821 4996 competunt
1835 4902 1910 4972 lilio
1925 4899 2010 4980 Dei,
2038 4901 2099 4994 qui
2114 4901 2387 4994 promissionem

330 5021 375 5076 ιιι
399 5029 467 5074 suo
489 5001 566 5073 loco
590 5004 629 5074 in
652 4999 802 5076 historia
824 5005 983 5092 dicetur,
1009 5020 1044 5079 et
1060 5029 1168 5099 supra
1183 5005 1340 5076 diximus
1391 5002 1516 5089 habet,
1542 5029 1612 5098 qua
1628 5019 1725 5076 certo
1740 5005 1806 5076 scit
1821 5027 1857 5075 se
1870 5004 2043 5089 exaudiri,
2068 5005 2166 5074 iuxta
2182 5004 2292 5074 illud:
2319 5001 2389 5074 Hie

331 5107 518 5203 quaedam
534 5107 580 5176 de
594 5101 731 5180 Christi
747 5109 932 5180 doloribus
948 5123 983 5180 et
1000 5110 1106 5181 lucta.
1391 5122 1444 5180 est
1470 5107 1567 5178 lilius
1587 5131 1687 5179 meus
1709 5107 1881 5192 dilectus,
1906 5130 1979 5201 quo
2003 5107 2183 5191 delector,
2209 5120 2244 5178 et
2270 5107 2302 5178 1.
2317 5103 2388 5192 -Ti-

446 5207 562 5280 Causa
591 5209 874 5300 instrumentalis
899 5223 935 5283 et
957 5226 1120 5296 externa,
1154 5235 1228 5282 non
1253 5234 1338 5282 coo·
1392 5205 1505 5286 motb.
1521 5211 1574 5284 λε
1602 5207 1705 5282 Unus
1719 5213 1894 5282 mediator
1907 5205 1996 5296 Dei,
2021 5223 2055 5283 ει
2071 5203 2260 5280 hominurn
2278 5203 2387 5278 bomo

327 5335 474 5406 pareus
495 5335 577 5382 cum
602 5312 694 5399 bne,
727 5339 833 5410 quem
858 5311 954 5386 Deus
977 5315 1230 5402 constituerat,
1255 5329 1342 5387 sont
1392 5309 1558 5386 Christus
1592 5311 1700 5387 lesus.
1769 5307 1817 5384 Et
1844 5307 1904 5382 bic
1926 5313 2022 5383 lilios
2046 5311 2196 5408 protulit
2218 5331 2388 5382 arcanum

327 5413 478 5488 diaboli
499 5429 534 5486 et
551 5413 691 5500 ludaei,
716 5441 757 5488 ac
778 5441 902 5488 eorum
918 5417 1108 5504 satellites,
1132 5417 1196 5512 qui
1209 5415 1342 5488 arden·
1392 5418 1573 5488 decretum
1598 5419 1642 5488 de
1662 5415 1951 5487 reconciliatione
1964 5439 2006 5485 ex
2020 5417 2103 5485 sinu
2116 5414 2250 5485 aeterni
2266 5412 2389 5506 patris,

329 5535 391 5594 tes
415 5519 538 5590 lurore
557 5534 593 5589 et
614 5519 701 5591 odio
717 5516 805 5606 Dei,
831 5533 867 5590 et
888 5521 1051 5590 omnium
1067 5515 1340 5614 Prophetarum,
1392 5533 1434 5590 nt
1455 5519 1605 5604 loau,l.
1627 5517 1775 5589 dicitur:
1807 5515 2020 5609 Unigenitus
2042 5517 2154 5602 filius,
2189 5515 2252 5610 qui
2276 5531 2328 5589 est
2349 5514 2389 5584 in

332 5626 448 5696 etiam
464 5611 661 5693 Christum
677 5623 797 5694 delere
812 5622 931 5694 consti
947 5636 1043 5697 sunt.
1392 5621 1475 5693 sinu
1484 5623 1604 5713 patris,
1623 5621 1898 5714 ipseenarravit,
1916 5633 1950 5692 ει
1960 5619 2057 5692 loan.
2070 5620 2146 5695 l‘i.:
2167 5617 2244 5708 Ego
2255 5615 2388 5689 tradidi

442 5721 621 5810 Effectus,
648 5725 799 5817 placatio
822 5726 896 5796 irae
916 5721 1004 5810 Dei,
1027 5738 1068 5795 ut
1088 5723 1250 5796 iustitiae
1273 5721 1340 5796 Dei
1392 5724 1444 5796 eis
1460 5747 1662 5796 sermonem
1677 5737 1791 5800 tuum.
1843 5721 1952 5814 Quod
1965 5735 2082 5794 autem
2098 5735 2175 5792 oret
2191 5743 2255 5812 pro
2271 5717 2388 5798 uobis,

331 5827 540 5900 satisfieret,
590 5825 674 5900 Non
695 5829 794 5900 enirn
815 5841 948 5898 temere
960 5828 1099 5898 abiecta
1114 5841 1169 5898 est
1183 5826 1253 5911 ira,
1277 5829 1340 5898 sed
1392 5827 1502 5898 rerba
1531 5840 1653 5921 aperte
1685 5839 1882 5911 testantur,
1915 5821 2015 5908 lpan.
2034 5822 2110 5900 ta:
2143 5821 2225 5896 Non
2250 5845 2314 5912 pro
2337 5819 2389 5891 eis

338 5927 575 6002 soluitDeus
595 5932 699 6004 reddi
712 5921 872 6030 λύτρον,
898 5931 983 6028 qut·
999 5929 1119 6002 omnis
1134 5929 1191 6001 lex
1205 5929 1342 6022 obligat
1391 5944 1531 6003 tantum
1559 5955 1646 6017 oro,
1678 5931 1740 6000 sed
1763 5953 1830 6022 pro
1851 5926 2039 6016 omnibus,
2068 5927 2131 6022 qui
2156 5925 2299 5998 credent
2326 5947 2390 6018 per

1787 6027 1872 6106 w
