5825 6950
332 665 412 740 561
531 663 636 746 Xlll.
683 669 720 742 2.
747 659 1546 762 commuuttutttttautsu.tattt1
1573 667 1934 757 tottontANOS.
1986 679 2092 760 CAP.
2120 683 2148 766 l.
2288 693 2363 774 562

330 840 553 934 promittunt
574 840 644 912 alia
668 837 865 932 beneficia:
903 853 946 914 ot
969 864 1067 914 nunc
1089 863 1234 936 qnoque
1253 863 1332 912 cre·
1381 834 1520 933 guitur
1536 863 1618 935 ergo
1648 842 1688 921 in
1716 845 1821 920 tertio
1851 850 1964 942 capite
1990 853 2197 953 principalis
2232 884 2366 958 propo-

330 949 421 1016 ‹tere
447 947 637 1028 debemus,
663 942 782 1036 Deum
804 957 1099 1040 conscripturum
1121 966 1197 1027 esee
1222 942 1331 1038 peini-
1380 942 1482 1032 titio..
1514 950 1610 1039 quod
1640 942 1805 1026 homines
1831 972 2093 1050 consequantur
2120 963 2365 1042 remissionem
2390 989 2393 1002 ·

328 1049 484 1118 sterium
511 1043 718 1138 Evangelii,
745 1070 857 1151 opace
878 1047 1037 1140 serrabit
1060 1045 1201 1140 aliquos
1223 1045 1329 1140 mini-
1380 1060 1625 1136 peccatorum,
1651 1065 1686 1124 et
1702 1068 1911 1143 reputentur
1927 1057 2029 1146 insti,
2054 1074 2088 1135 et
2104 1063 2301 1142 liberentur
2319 1075 2365 1146 ah

330 1165 449 1234 atros,
474 1163 509 1219 et
521 1149 762 1238 suppeditabit
777 1150 827 1238 eis
842 1147 1106 1235 defensionem,
1131 1149 1249 1242 atalia
1266 1173 1328 1220 ne·
1378 1160 1520 1220 aeterna
1545 1165 1681 1246 morte,
1705 1179 1778 1225 non
1808 1173 1951 1248 propter
1971 1184 2036 1253 pro
2064 1165 2152 1234 riam
2174 1167 2349 1242 iusticiam

328 1252 484 1322 cessaria
505 1253 597 1324 vitae
619 1253 816 1322 commoda.
868 1249 931 1322 Sic
952 1273 1019 1322 noa
1041 1251 1266 1348 includemus
1290 1251 1327 1320 in
1377 1254 1435 1316 nu
1470 1275 1532 1340 per
1560 1243 1837 1328 misericordiam
1869 1241 2013 1353 propter
2034 1185 2215 1342 danaim
2244 1228 2363 1360 gratis:

330 1353 609 1444 promissionem
641 1351 775 1442 gratiae
814 1366 948 1424 caetera
981 1357 1190 1423 commoda:
1235 1353 1324 1426 Circa
1379 1346 1418 1422 Et
1441 1347 1508 1423 hoe
1524 1355 1590 1426 hele
1613 1357 1662 1441 lit,
1686 1383 1765 1428 etam
1784 1363 1958 1438 credimus
1973 1365 2076 1438 uobis
2089 1384 2235 1460 propter
2248 1376 2361 1446 lilium

326 1455 432 1524 Dens
456 1453 559 1526 nohis
582 1455 628 1526 sit
650 1455 832 1546 propicius
845 1472 988 1546 propter
1002 1450 1322 1549 Cin·istenn,·peti·
1376 1451 1461 1538 liei,
1496 1471 1630 1546 patrem
1660 1462 1834 1551 placatum
1865 1478 1898 1534 et
1933 1469 2128 1560 propicium
2154 1495 2239 1547 esse.
2312 1475 2360 1551 Et

326 1583 412 1628 aerias
435 1569 569 1631 caetera
595 1556 774 1631 beneficia.
825 1553 891 1628 Est
914 1557 1010 1625 enim
1032 1580 1124 1650 opos
1145 1554 1325 1630 Ecclesiae
1363 1549 1461 1637 ,baec
1492 1573 1544 1646 est
1579 1562 1783 1657 principalis
1815 1569 2009 1660 propositio
2040 1565 2148 1642 hrains
2168 1569 2359 1668 Epistolae‚

326 1663 404 1730 sita
424 1658 693 1745 ministrorum,
720 1659 841 1750 victu,
863 1683 946 1750 pace
961 1659 1069 1732 civili.
1376 1672 1409 1727 et
1423 1673 1535 1739 status
1551 1663 1802 1755 disputationis
1829 1693 1867 1739 ac
1890 1693 2026 1740 stamma
2043 1669 2236 1765 Evangelii.
2286 1677 2358 1757 Sed

430 1757 529 1831 llaec
544 1762 582 1830 in
599 1782 728 1851 genere
744 1760 913 1852 respondi
929 1761 974 1830 de
990 1761 1113 1846 dietis,
1138 1760 1323 1855 inquibus
1373 1760 1578 1856 priusquam
1595 1769 1638 1836 ad
1654 1761 1745 1839 hane
1760 1771 2036 1861 propositionem
2054 1779 2223 1865 pervenit,
2248 1782 2358 1856 altera

323 1863 365 1932 ne
385 1863 525 1932 mentio
537 1863 632 1938 fidei.
683 1859 869 1934 Caeterum
884 1864 997 1948 dieta,
1023 1886 1114 1957 qnae
1130 1863 1215 1935 citat
1229 1861 1322 1934 Pau·
1373 1861 1472 1952 prius
1488 1878 1675 1940 tractatur:
1702 1868 1783 1943 Non
1800 1874 2022 1964 enimpotest
2041 1879 2131 1946 tradi
2149 1883 2356 1971 consolatio,

324 1965 408 2048 tna,
433 1964 540 2034 etiarn
554 1963 766 2036 nominatim
783 1966 827 2033 de
842 1965 1032 2036 liberatore
1046 1966 1219 2055 promisso
1236 1989 1321 2036 cou-
1371 1963 1442 2037 nisi
1465 1968 1566 2058 prius
1590 1987 1785 2060 arguantur
1811 1990 1959 2064 peccata.
2010 1975 2058 2048 Et
2081 1976 2175 2049 Dens
2199 1989 2355 2082 postulat

325 2067 541 2148 tinnantur,
566 2065 712 2137 Abacuc
726 2065 886 2162 loquitur
901 2070 946 2137 de
960 2068 1175 2159 expectando
1190 2067 1321 2138 libera·
1371 2068 1647 2158 poenitentiam,
1686 2076 1774 2146 sicut
1797 2091 1829 2147 et
1853 2074 2004 2149 loannes
2029 2095 2059 2150 et
2083 2076 2243 2156 Christus
2273 2111 2353 2159 snas

325 2168 517 2256 toreillo,
541 2168 606 2266 qni
628 2183 701 2258 erat
718 2168 880 2258 patritus
899 2170 1113 2261 promissus,
1137 2184 1177 2241 ut
1201 2186 1321 2242 osten·
1369 2171 1557 2243 concinnes
1571 2173 1730 2248 incoant:
1758 2175 1861 2268 Agite
1878 2182 2141 2269 poeniteutiam.
2182 2184 2229 2258 Et
2245 2185 2352 2260 Cbri-

324 2270 379 2340 dit
405 2282 535 2343 textos.
601 2267 648 2344 Et
671 2263 856 2359 Abraham
878 2270 991 2344 credit
1018 2294 1093 2340 non
1117 2284 1254 2343 tantum
1281 2294 1320 2344 se
1368 2284 1444 2342 stus
1459 2273 1595 2368 inquit:
1630 2276 1784 2370 Spiritus
1806 2295 1947 2352 sanctus
1967 2297 2089 2372 arguet
2110 2290 2283 2358 mundum
2308 2295 2351 2362 de

326 2365 539 2444 habiturum
556 2370 707 2458 liberos,
731 2373 794 2443 sed
810 2373 902 2444 illud
916 2395 1056 2454 semen,
1081 2397 1153 2467 quo
1173 2373 1319 2446 benedi·
1368 2389 1530 2463 peccato,
1563 2379 1608 2447 de
1631 2379 1788 2462 iusticia,
1814 2385 1913 2452 etde
1938 2385 2082 2457 indicio.
2138 2389 2189 2460 Et
2211 2386 2349 2462 Esaias:

333 2477 462 2546 rendae
477 2487 580 2547 erant
592 2497 718 2551 ,omnes
738 2487 869 2564 gentes
919 2473 1001 2546 Scio
1023 2475 1317 2546 ahastutiemnl·
1368 2472 1439 2545 Ubi
1472 2473 1646 2552 habitabit
1670 2482 1869 2554 Deiminns?
1909 2487 1952 2554 ln
1984 2487 2111 2580 spiritu
2137 2493 2291 2565 contrito
2315 2509 2349 2565 et

335 2591 384 2645 tas
396 2576 642 2648 cavillationes
666 2576 856 2666 excogitari
878 2599 998 2669 posse,
1021 2578 1065 2646 ad
1086 2579 1261 2648 eludenda
1284 2590 1317 2649 et
1366 2589 1538 2652 tremente
1565 2602 1747 2654 sermones
1781 2610 1886 2660 meos.
1946 2585 1993 2662 Et
2027 2611 2111 2660 usos
2138 2606 2189 2664 est
2218 2591 2349 2667 Paulus

327 2673 617 2752 obruendehaec
631 2677 844 2754 testimonia.
893 2677 986 2750 Nam
1002 2678 1172 2779 sapientia
1187 2675 1314 2752 huma
1366 2681 1545 2772 atrocibus
1562 2686 1700 2770 verbis,
1726 2710 1805 2756 eum
1823 2689 1890 2768 ait,
1915 2686 2081 2763 Revelari
2105 2693 2195 2773 iram
2214 2691 2281 2767 Ilei
2304 2700 2349 2768 de

326 2803 390 2864 na,
415 2779 692 2875 qniaimticiam
716 2780 798 2850 fidei
821 2803 896 2852 non
919 2780 1103 2870 intelligit,
1131 2805 1204 2852 non
1223 2783 1313 2854 acci-
1359 2782 1475 2858 coelo.
1519 2783 1682 2858 Minatnr
1698 2803 1856 2860 aeternas
1871 2813 2001 2880 poenas
2013 2795 2181 2866 omnibus
2197 2799 2258 2889 qui
2275 2823 2349 2870 non
2406 2819 2412 2834 ·

322 2883 376 2974 pit
391 2885 515 2955 derue
529 2882 622 2954 dicta
637 2879 907 2974 Prophetarum,
927 2887 989 2954 sed
1005 2885 1098 2952 varie
1115 2886 1313 2978 detorquet.
1364 2903 1614 2975 expavescunt,
1632 2914 1694 2958 nec
1710 2892 1979 2986 confugiuntad
1995 2894 2107 2966 lilium
2124 2894 2203 2970 Dei.
2240 2897 2349 2971 Vides

322 2983 380 3054 Pii
398 3009 484 3056 vero
497 3007 710 3066 consensum
726 2986 833 3055 totins
855 2986 1052 3076 scripturae
1073 2983 1312 3078 propheticae,
1365 2985 1475 3076 igitur
1507 3012 1701 3080 congruere
1723 2989 1823 3062 Pauli
1853 2995 2070 3082 sententias,
2105 3013 2139 3070 et
2160 2999 2286 3071 seriem
2308 3003 2347 3074 in

326 3101 359 3158 et
377 3111 462 3158 vera
483 3086 647 3158 exercitia
667 3087 750 3159 fidei
769 3086 970 3168 intuentes,
995 3089 1096 3158 lacile
1112 3088 1312 3178 intelligent
1362 3090 1524 3160 docendo
1540 3115 1734 3182 congruere
1750 3117 1829 3166 cnm
1845 3097 2078 3170 concionibus
2087 3096 2346 3194 Prophetarum

327 3183 413 3260 haec
434 3190 528 3261 dicta
552 3201 684 3259 reetea
709 3186 822 3260 Paulo
845 3189 889 3260 ad
918 3204 1136 3278 praesentem
1160 3215 1313 3276 causam,
1362 3202 1398 3261 et
1412 3184 1556 3262 Christi.

324 3291 847 3382 d‘“mi”i⁰⁰⁸9‘⁹⁰³¹·⁰mm'
872 3291 1143 3362 ⁸oe⁰mm⁰d⁸⁸i‘
1465 3341 1595 3432 Arguit
1622 3358 1739 3415 autem
1761 3343 1998 3439 Evangeliom
2028 3376 2100 3424 non
2126 3367 2262 3428 tantum
2285 3359 2344 3428 ex‘-

473 3451 684 3535 Repepagu,
702 3455 798 3531 ,m'm
815 3457 876 3532 im
891 3453 972 3529 Da·
986 3454 1029 3531 A,
1044 3455 1150 3533 0031,
1363 3457 1464 3516 terna
1479 3443 1618 3534 delicta,
1644 3471 1734 3541 qarae
1749 3447 1839 3520 ratio
1855 3449 2013 3525 indicare
2027 3469 2151 3546 potest,
2166 3461 2346 3533 sed-etiam

1364 3546 1627 3621 immunditiem
1642 3550 1760 3620 cordis
1774 3550 1812 3620 in
1827 3552 1994 3625 omnibus
2015 3550 2240 3646 hominibus,
2265 3564 2345 3633 ideo

1363 3652 1414 3720 sie
1433 3650 1538 3720 dicit:
1578 3648 1772 3723 Revelatnr
1793 3652 1842 3724 ita
1863 3653 1931 3724 Dei
1959 3658 2003 3726 de
2033 3660 2150 3742 coelo,
2193 3658 2346 3749 horest,

1364 3753 1588 3845 praedicatur
1609 3752 1647 3822 in
1672 3748 1867 3843 Evangelio
1889 3757 2062 3830 divinitus
2084 3763 2240 3848 tradito,
2281 3768 2346 3835 ad·

425 3596 658 3669 Horrendum
673 3585 726 3669 est
738 3598 884 3691 initium
900 3620 942 3669 ac
958 3599 1090 3668 lolmen
1105 3622 1178 3688 quo
1195 3597 1313 3668 incoat

323 3700 620 3791 disputationem,
646 3700 767 3795 qualia
792 3714 878 3771 sont
896 3698 1000 3772 initio
1016 3703 1055 3770 in
1076 3700 1313 3771 concionibus

323 3798 562 3894 propheticis,
586 3818 627 3873 ut
642 3800 769 3876 Esaiae
785 3802 919 3896 primos
945 3802 1080 3874 Audite
1094 3804 1184 3873 coeli
1199 3816 1232 3872 et
1247 3824 1312 3873 au·

322 3905 426 3975 ribus
441 3907 581 3995 percipe
593 3917 707 3989 terra,
731 3927 795 3977 rae
809 3904 904 3994 genti
922 3906 1104 3995 peccatrici
1121 3919 1187 3978 etc.
1231 3901 1311 3973 Una

322 4020 380 4077 est
399 4008 499 4075 enim
519 4007 732 4077 concionum
753 4005 1038 4097 propheticarum
1055 4020 1090 4077 et
1103 4006 1313 4099 apostolica·

317 4130 405 4178 rom
422 4108 558 4195 torma,
582 4132 689 4202 qoam
702 4102 868 4180 Christos
880 4109 1082 4199 complexus
1096 4124 1149 4180 est
1164 4105 1219 4178 his
1234 4129 1313 4177 ver·

318 4212 398 4281 lais:
426 4206 481 4282 lte
494 4212 737 4302 praedicantes
750 4210 1005 4304 poenitentiam
1021 4226 1056 4281 et
1072 4211 1313 4281 remissionem

315 4326 550 4405 peccatorum
565 4313 605 4385 in
620 4314 767 4387 nomine
779 4336 872 4387 meo.
922 4309 974 4384 tn
987 4310 1120 4383 Paulos
1134 4336 1214 4383 enm
1232 4311 1314 4405 qoi-

314 4418 409 4485 dem
440 4414 659 4509 aptissimam
685 4410 857 4508 μέθοδον
884 4414 1066 4485 doctrinae
1089 4411 1312 4487 Christianae
1462 4408 1645 4501 Significat
1665 4424 1782 4483 autern
1810 4409 1973 4504 impietas
1999 4419 2142 4510 proprie
2166 4418 2252 4491 vitia
2279 4445 2344 4512 pu-

314 4516 510 4603 instituat,
534 4518 689 4609 primum
704 4517 809 4610 ponit
824 4514 1122 4610 propositionem,
1147 4542 1238 4610 qnae
1260 4530 1314 4587 est
1360 4513 1505 4604 guamh
1538 4536 1617 4583 cum
1654 4513 1934 4604 permanante,
1970 4517 2231 4607 ignorationem
2262 4519 2342 4609 Dei,

315 4619 491 4689 doctrina
506 4620 763 4710 poenitentiae,
786 4639 1022 4709 seuarguens
1042 4634 1192 4710 peccata.
1241 4617 1312 4691 Su·
1362 4639 1485 4685 vacare
1509 4628 1621 4699 metu,
1645 4614 1855 4697 dilectione,
1881 4617 2007 4687 fidncia
2022 4617 2111 4704 Dei,
2136 4616 2265 4692 habere
2287 4646 2343 4694 se·

319 4744 389 4813 pra
407 4720 505 4791 enim
520 4722 673 4794 absolvit
687 4722 891 4806 moralium,
910 4744 1012 4814 ,nune
1026 4721 1150 4811 incipit
1167 4734 1310 4791 contro·
1361 4716 1546 4788 caritatem
1579 4728 1613 4787 et
1635 4731 1852 4789 contemtum
1876 4714 1962 4804 Dei,
1998 4718 2282 4812 indignationem
2309 4739 2344 4798 et

322 4823 482 4893 versiam
498 4823 685 4916 explicare.
732 4819 783 4895 Et
804 4825 893 4913 duas
916 4824 1175 4913 propositiones
1195 4823 1314 4905 tradit,
1362 4818 1542 4889 fremitum
1562 4820 1732 4889 adversus
1753 4815 1868 4889 Deum
1893 4820 1930 4887 in
1949 4820 2219 4909 afflictionibus,
2250 4828 2342 4898 lidn·

314 4946 480 5019 quarum
494 4926 603 4997 altera
619 4927 755 4996 aditum
770 4926 815 4995 ad
831 4925 978 4997 alteram
992 4926 1166 5015 patefacit.
1191 4923 1313 4995 Prima
1360 4922 1449 4993 ciam
1466 4921 1629 5012 propriae
1643 4920 1855 5013 sapientiae,
1881 4920 2057 5015 iusticias,
2082 4950 2211 5018 opum,
2234 4952 2343 5022 qnae-

316 5026 528 5121 propositio
551 5039 620 5097 est:
652 5026 888 5118 Evangelinm
910 5026 1028 5117 arguit
1046 5050 1170 5098 ornnes
1189 5021 1314 5096 ‚bomi-
1361 5047 1438 5093 rere
1453 5022 1628 5114 praesidia
1646 5017 1799 5092 hnmana
1816 5038 1938 5092 contra
1953 5028 2158 5099 mandatum
2174 5026 2252 5112 Dei,
2277 5055 2343 5101 an-

317 5152 415 5209 nes,
449 5152 490 5199 ac
510 5130 723 5219 pronunciat
743 5152 868 5200 omnes
892 5130 960 5199 snb
982 5144 1121 5219 peccato
1147 5152 1242 5209 esee,
1277 5128 1311 5195 iel
1362 5126 1489 5197 tela-ere
1504 5124 1680 5194 mandatis
1694 5122 1759 5192 Dei
1776 5124 1936 5193 lortimas
1951 5140 2107 5216 nostras,
2133 5128 2343 5223 voluptates,

317 5246 402 5317 est,
431 5254 513 5302 reos
539 5230 671 5329 peccati
692 5245 729 5303 et
750 5246 916 5303 aeternae
939 5230 1084 5314 mortis,
1116 5255 1181 5299 nec
1213 5254 1313 5321 posse
1361 5228 1676 5311 existimationem,
1698 5224 1869 5315 gloriam,
1896 5228 2015 5313 vitam,
2038 5230 2127 5301 sicut
2141 5226 2228 5304 haec
2242 5247 2343 5306 ante-

326 5332 474 5403 lihesasi
507 5358 528 5403 a
555 5348 696 5424 peccato
728 5347 763 5407 et
791 5350 933 5403 aeterua
961 5332 1013 5403 ira
1043 5357 1108 5423 per
1132 5334 1313 5424 propriam
1361 5332 1499 5409 ierom,
1519 5328 1581 5422 qni
1603 5328 1743 5417 ingiout
1768 5327 1924 5425 pericula
1944 5331 2197 5421 confessionis,
2221 5332 2343 5407 ludere

327 5434 520 5509 iusticiam.
568 5437 613 5507 ln
634 5432 703 5507 boe
724 5436 967 5528 propositione
990 5448 1231 5526 coenmorator
1255 5456 1317 5523 per
1353 5430 1536 5517 =lingendis
1575 5428 1807 5521 opinionibus
1838 5429 1936 5499 falsis
1961 5433 2006 5501 de
2037 5430 2139 5521 Deo,
2176 5436 2344 5509 delectari

328 5540 403 5609 too
424 5535 550 5629 capita.
619 5535 704 5607 Vult
729 5538 825 5611 enim
849 5558 974 5607 omues
993 5540 1037 5606 ad
1063 5536 1316 5626 poenitentiam
1362 5529 1547 5623 Epicureis
1569 5545 1628 5603 aot
1643 5528 1864 5603 Academicis
1887 5534 2085 5620 erroribus,
2111 5550 2146 5609 et
2167 5562 2242 5609 non
2261 5562 2342 5607 rere

329 5662 472 5713 roure:
493 5640 649 5712 vuitnos
664 5662 745 5709 rere
759 5660 987 5729 expavescere
1003 5637 1262 5723 iudiciumDei,
1276 5649 1316 5707 ot
1360 5632 1524 5703 asseratiri
1541 5636 1648 5702 verbo
1668 5630 1747 5707 Dei.
1799 5630 1965 5725 Denique
1981 5636 2151 5709 immensa
2166 5654 2218 5711 est
2233 5639 2343 5711 moles

1364 3876 1485 3923 verens
1500 3878 1641 3923 oannem
1657 3855 1869 3943 impietatem
1894 3872 1929 3929 et
1950 3858 2126 3931 iusticiam
2146 3858 2346 3939 hominum.

1363 3952 1571 4027 Ebraismus
1593 3970 1664 4037 est,
1702 3960 1914 4049 transposita
1938 3962 2128 4051 particula,
2162 3960 2344 4038 Omnem:

1364 4057 1503 4128 comsit
1520 4059 1705 4143 sententia,
1731 4082 1838 4149 super
1853 4061 2065 4152 impietatem
2078 4080 2111 4137 et
2128 4067 2345 4142 iniustitiam

1360 4160 1523 4230 omnium
1548 4154 1760 4231 hominum:
1801 4175 1920 4254 postea
1945 4165 2041 4235 enim
2073 4167 2202 4241 diserte
2229 4186 2264 4244 et
2284 4198 2344 4243 ex·

1361 4285 1479 4354 presse
1493 4263 1585 4333 dicet
1598 4284 1635 4333 ae
1649 4286 1813 4335 accomre
1831 4288 1955 4335 omnes
1973 4263 2146 4344 homines.

329 5764 544 5837 nummus
562 5742 732 5828 salutern,
765 5764 806 5812 ac
827 5761 1058 5829 agnoscamus
1081 5739 1318 5821 liberatorem,
1362 5736 1530 5805 vitiorum
1564 5736 1799 5827 pugnantium
1830 5757 1910 5803 com
1941 5738 2052 5827 prima
2077 5741 2217 5825 tabula,
2254 5764 2345 5834 qnae

329 5868 396 5941 per
410 5866 518 5939 qoem
533 5842 703 5935 promissa
722 5856 778 5937 est
788 5839 1031 5914 reconciliatio
1047 5840 1202 5913 etsalns.
1250 5838 1315 5911 Se·
1361 5838 1484 5915 omnia
1499 5835 1744 5931 complectitur
1760 5834 1904 5907 nomine
1921 5836 2130 5933 impietatis:
2163 5839 2345 5917 lniostieis

381 5948 561 6021 Macaron.
588 5948 693 6021 Oeen.
731 5946 817 6015 Vos.
839 5944 919 6015 XV.
1672 5938 1722 6013 86
