<?xml version="1.0" encoding="UTF-8"?>
<!DOCTYPE html PUBLIC "-//W3C//DTD XHTML 1.0 Transitional//EN"
    "http://www.w3.org/TR/xhtml1/DTD/xhtml1-transitional.dtd">
<html xmlns="http://www.w3.org/1999/xhtml" xml:lang="en" lang="en">
 <head>
  <title>
</title>
<meta http-equiv="Content-Type" content="text/html;charset=utf-8" />
  <meta name='ocr-system' content='tesseract 3.04.00' />
  <meta name='ocr-capabilities' content='ocr_page ocr_carea ocr_par ocr_line ocrx_word'/>
</head>
<body>
  <div class='ocr_page' id='page_1' title='image "./philippimelanth08bindgoog_0706.png"; bbox 0 0 5825 6950; ppageno 0'>
   <div class='ocr_carea' id='block_1_1' title="bbox 323 665 2361 834">
    <p class='ocr_par' dir='ltr' id='par_1_1' title="bbox 323 665 2361 834">
     <span class='ocr_line' id='line_1_1' title="bbox 323 665 2361 834; baseline 0.022 -89"><span class='ocrx_word' id='word_1_1' title='bbox 323 665 411 746; x_wconf 77' lang='lat' dir='ltr'><strong>illi</strong></span> <span class='ocrx_word' id='word_1_2' title='bbox 499 673 601 751; x_wconf 81' lang='lat' dir='ltr'><strong>Xlll</strong></span> <span class='ocrx_word' id='word_1_3' title='bbox 652 675 688 753; x_wconf 82' lang='lat'><strong>7.</strong></span> <span class='ocrx_word' id='word_1_4' title='bbox 713 675 1017 758; x_wconf 80' lang='lat' dir='ltr'><strong>ENARRthO</strong></span> <span class='ocrx_word' id='word_1_5' title='bbox 1043 679 1205 764; x_wconf 81' lang='lat' dir='ltr'><strong>EPlSTs</strong></span> <span class='ocrx_word' id='word_1_6' title='bbox 1225 679 1433 762; x_wconf 73' lang='lat' dir='ltr'><strong>emotus</strong></span> <span class='ocrx_word' id='word_1_7' title='bbox 1458 679 1528 762; x_wconf 78' lang='lat' dir='ltr'><strong>AD</strong></span> <span class='ocrx_word' id='word_1_8' title='bbox 1557 681 1888 766; x_wconf 83' lang='lat' dir='ltr'><strong>TlMOTHEUM.</strong></span> <span class='ocrx_word' id='word_1_9' title='bbox 1943 695 2049 774; x_wconf 80' lang='lat' dir='ltr'><strong>CAP.</strong></span> <span class='ocrx_word' id='word_1_10' title='bbox 2074 699 2144 779; x_wconf 87' lang='lat' dir='ltr'><strong>lll.</strong></span> <span class='ocrx_word' id='word_1_11' title='bbox 2232 711 2361 834; x_wconf 38' lang='lat' dir='ltr'><strong>atta!</strong></span> 
     </span>
    </p>
   </div>
   <div class='ocr_carea' id='block_1_2' title="bbox 298 842 2338 5874">
    <p class='ocr_par' dir='ltr' id='par_1_2' title="bbox 298 842 2338 5874">
     <span class='ocr_line' id='line_1_2' title="bbox 318 842 2332 976; baseline 0.022 -65"><span class='ocrx_word' id='word_1_12' title='bbox 318 842 403 916; x_wconf 87' lang='lat' dir='ltr'><strong>litica</strong></span> <span class='ocrx_word' id='word_1_13' title='bbox 415 849 528 922; x_wconf 76' lang='lat' dir='ltr'><strong>sisino</strong></span> <span class='ocrx_word' id='word_1_14' title='bbox 542 853 730 945; x_wconf 88' lang='lat' dir='ltr'><strong>praesidiis</strong></span> <span class='ocrx_word' id='word_1_15' title='bbox 745 855 1012 944; x_wconf 76' lang='lat' dir='ltr'><strong>corporalibus,</strong></span> <span class='ocrx_word' id='word_1_16' title='bbox 1046 869 1085 928; x_wconf 88' lang='lat' dir='ltr'><strong>nt</strong></span> <span class='ocrx_word' id='word_1_17' title='bbox 1103 851 1220 930; x_wconf 82' lang='lat' dir='ltr'><strong>Oscae</strong></span> <span class='ocrx_word' id='word_1_18' title='bbox 1239 861 1287 932; x_wconf 89' lang='lat' dir='ltr'><strong>l.:</strong></span> <span class='ocrx_word' id='word_1_19' title='bbox 1310 869 1319 976; x_wconf 67' lang='grc' dir='ltr'>Ι</span> <span class='ocrx_word' id='word_1_20' title='bbox 1341 859 1437 952; x_wconf 64' lang='lat' dir='ltr'><strong>prod</strong></span> <span class='ocrx_word' id='word_1_21' title='bbox 1463 861 1616 950; x_wconf 89' lang='lat' dir='ltr'><strong>positum</strong></span> <span class='ocrx_word' id='word_1_22' title='bbox 1641 876 1710 944; x_wconf 89' lang='lat' dir='ltr'><strong>est,</strong></span> <span class='ocrx_word' id='word_1_23' title='bbox 1738 865 1834 956; x_wconf 84' lang='lat' dir='ltr'><strong>quod</strong></span> <span class='ocrx_word' id='word_1_24' title='bbox 1852 881 1903 942; x_wconf 86' lang='grc' dir='ltr'><strong>εει</strong></span> <span class='ocrx_word' id='word_1_25' title='bbox 1923 867 2021 945; x_wconf 89' lang='lat' dir='ltr'><strong>lesus</strong></span> <span class='ocrx_word' id='word_1_26' title='bbox 2035 871 2210 954; x_wconf 91' lang='lat' dir='ltr'><strong>Christus.</strong></span> <span class='ocrx_word' id='word_1_27' title='bbox 2261 881 2332 956; x_wconf 85' lang='lat' dir='ltr'><strong>Ds-</strong></span> 
     </span>
     <span class='ocr_line' id='line_1_3' title="bbox 316 943 2332 1060; baseline 0.023 -46"><span class='ocrx_word' id='word_1_28' title='bbox 316 943 392 1017; x_wconf 80' lang='lat' dir='ltr'><strong>Nou</strong></span> <span class='ocrx_word' id='word_1_29' title='bbox 413 952 445 1022; x_wconf 86' lang='lat' dir='ltr'><strong>in</strong></span> <span class='ocrx_word' id='word_1_30' title='bbox 464 978 548 1025; x_wconf 90' lang='lat' dir='ltr'><strong>arcu</strong></span> <span class='ocrx_word' id='word_1_31' title='bbox 572 970 606 1027; x_wconf 90' lang='grc' dir='ltr'><strong>ει</strong></span> <span class='ocrx_word' id='word_1_32' title='bbox 627 958 766 1048; x_wconf 88' lang='lat' dir='ltr'><strong>gladio,</strong></span> <span class='ocrx_word' id='word_1_33' title='bbox 793 959 912 1029; x_wconf 90' lang='lat' dir='ltr'><strong>sedin</strong></span> <span class='ocrx_word' id='word_1_34' title='bbox 937 957 1096 1032; x_wconf 87' lang='lat' dir='ltr'><strong>Domino</strong></span> <span class='ocrx_word' id='word_1_35' title='bbox 1121 959 1198 1032; x_wconf 86' lang='lat' dir='ltr'><strong>lleo</strong></span> <span class='ocrx_word' id='word_1_36' title='bbox 1222 986 1287 1033; x_wconf 93' lang='lat' dir='ltr'><strong>suo</strong></span> <span class='ocrx_word' id='word_1_37' title='bbox 1342 962 1536 1036; x_wconf 81' lang='lat' dir='ltr'><strong>iendsbant</strong></span> <span class='ocrx_word' id='word_1_38' title='bbox 1551 964 1645 1034; x_wconf 90' lang='lat' dir='ltr'><strong>enim</strong></span> <span class='ocrx_word' id='word_1_39' title='bbox 1665 959 1848 1038; x_wconf 83' lang='lat' dir='ltr'><strong>Pharisaei</strong></span> <span class='ocrx_word' id='word_1_40' title='bbox 1868 985 1901 1044; x_wconf 93' lang='grc' dir='ltr'><strong>ει</strong></span> <span class='ocrx_word' id='word_1_41' title='bbox 1919 970 2115 1052; x_wconf 83' lang='lat' dir='ltr'><strong>Sadducaei</strong></span> <span class='ocrx_word' id='word_1_42' title='bbox 2130 981 2258 1056; x_wconf 87' lang='lat' dir='ltr'><strong>multos</strong></span> <span class='ocrx_word' id='word_1_43' title='bbox 2274 1013 2332 1060; x_wconf 86' lang='lat' dir='ltr'><strong>er·</strong></span> 
     </span>
     <span class='ocr_line' id='line_1_4' title="bbox 317 1051 1893 1153; baseline 0.016 -36"><span class='ocrx_word' id='word_1_44' title='bbox 317 1051 445 1123; x_wconf 75' lang='lat' dir='ltr'><strong>salvabo</strong></span> <span class='ocrx_word' id='word_1_45' title='bbox 458 1070 536 1142; x_wconf 59' lang='lat' dir='ltr'><strong>eos,</strong></span> <span class='ocrx_word' id='word_1_46' title='bbox 552 1071 640 1130; x_wconf 58' lang='grc' dir='ltr'><strong>ειε.)Δ</strong></span> <span class='ocrx_word' id='word_1_47' title='bbox 667 1058 754 1131; x_wconf 87' lang='lat' dir='ltr'><strong>Item</strong></span> <span class='ocrx_word' id='word_1_48' title='bbox 771 1060 812 1130; x_wconf 91' lang='lat' dir='ltr'><strong>in</strong></span> <span class='ocrx_word' id='word_1_49' title='bbox 823 1055 994 1133; x_wconf 87' lang='lat' dir='ltr'><strong>Zacharia</strong></span> <span class='ocrx_word' id='word_1_50' title='bbox 1009 1061 1123 1153; x_wconf 89' lang='lat' dir='ltr'><strong>capite</strong></span> <span class='ocrx_word' id='word_1_51' title='bbox 1139 1060 1188 1139; x_wconf 80' lang='lat'><strong>4.:</strong></span> <span class='ocrx_word' id='word_1_52' title='bbox 1206 1063 1289 1137; x_wconf 90' lang='lat' dir='ltr'><strong>Non</strong></span> <span class='ocrx_word' id='word_1_53' title='bbox 1342 1084 1441 1137; x_wconf 89' lang='lat' dir='ltr'><strong>rores</strong></span> <span class='ocrx_word' id='word_1_54' title='bbox 1461 1077 1585 1144; x_wconf 87' lang='lat' dir='ltr'><strong>contra</strong></span> <span class='ocrx_word' id='word_1_55' title='bbox 1607 1068 1775 1139; x_wconf 89' lang='lat' dir='ltr'><strong>articulos</strong></span> <span class='ocrx_word' id='word_1_56' title='bbox 1798 1071 1893 1142; x_wconf 89' lang='lat' dir='ltr'><strong>lidsi.</strong></span> 
     </span>
     <span class='ocr_line' id='line_1_5' title="bbox 318 1151 2327 1282; baseline 0.023 -64"><span class='ocrx_word' id='word_1_57' title='bbox 318 1151 360 1222; x_wconf 91' lang='lat' dir='ltr'><strong>in</strong></span> <span class='ocrx_word' id='word_1_58' title='bbox 379 1159 535 1244; x_wconf 79' lang='lat' dir='ltr'><strong>exercitu,</strong></span> <span class='ocrx_word' id='word_1_59' title='bbox 569 1185 642 1232; x_wconf 90' lang='lat' dir='ltr'><strong>nun</strong></span> <span class='ocrx_word' id='word_1_60' title='bbox 664 1163 703 1233; x_wconf 89' lang='lat' dir='ltr'><strong>in</strong></span> <span class='ocrx_word' id='word_1_61' title='bbox 729 1161 879 1253; x_wconf 87' lang='lat' dir='ltr'><strong>robore,</strong></span> <span class='ocrx_word' id='word_1_62' title='bbox 912 1166 974 1233; x_wconf 91' lang='lat' dir='ltr'><strong>sed</strong></span> <span class='ocrx_word' id='word_1_63' title='bbox 998 1163 1037 1232; x_wconf 88' lang='lat' dir='ltr'><strong>in</strong></span> <span class='ocrx_word' id='word_1_64' title='bbox 1055 1164 1182 1255; x_wconf 81' lang='lat' dir='ltr'><strong>spiritu</strong></span> <span class='ocrx_word' id='word_1_65' title='bbox 1209 1191 1288 1236; x_wconf 90' lang='lat' dir='ltr'><strong>meo</strong></span> <span class='ocrx_word' id='word_1_66' title='bbox 1443 1164 1545 1238; x_wconf 90' lang='lat' dir='ltr'><strong>Talis</strong></span> <span class='ocrx_word' id='word_1_67' title='bbox 1567 1170 1760 1241; x_wconf 90' lang='lat' dir='ltr'><strong>multitudo</strong></span> <span class='ocrx_word' id='word_1_68' title='bbox 1778 1172 1915 1248; x_wconf 87' lang='lat' dir='ltr'><strong>etiamsi</strong></span> <span class='ocrx_word' id='word_1_69' title='bbox 1927 1175 2069 1252; x_wconf 89' lang='lat' dir='ltr'><strong>titulum</strong></span> <span class='ocrx_word' id='word_1_70' title='bbox 2086 1184 2155 1257; x_wconf 88' lang='lat' dir='ltr'><strong>sibi</strong></span> <span class='ocrx_word' id='word_1_71' title='bbox 2177 1206 2327 1282; x_wconf 86' lang='lat' dir='ltr'><strong>arrogat,</strong></span> 
     </span>
     <span class='ocr_line' id='line_1_6' title="bbox 313 1257 2326 1384; baseline 0.02 -62"><span class='ocrx_word' id='word_1_72' title='bbox 313 1268 376 1330; x_wconf 83' lang='lat' dir='ltr'><strong>etc.</strong></span> <span class='ocrx_word' id='word_1_73' title='bbox 422 1257 485 1330; x_wconf 90' lang='lat' dir='ltr'><strong>Nec</strong></span> <span class='ocrx_word' id='word_1_74' title='bbox 502 1263 769 1353; x_wconf 73' lang='lat' dir='ltr'><strong>imaginandum</strong></span> <span class='ocrx_word' id='word_1_75' title='bbox 789 1277 858 1350; x_wconf 91' lang='lat' dir='ltr'><strong>est,</strong></span> <span class='ocrx_word' id='word_1_76' title='bbox 883 1264 1057 1336; x_wconf 75' lang='lat' dir='ltr'><strong>inclusam</strong></span> <span class='ocrx_word' id='word_1_77' title='bbox 1072 1289 1146 1336; x_wconf 86' lang='lat' dir='ltr'><strong>esse</strong></span> <span class='ocrx_word' id='word_1_78' title='bbox 1162 1264 1287 1340; x_wconf 83' lang='lat' dir='ltr'><strong>Eccle-</strong></span> <span class='ocrx_word' id='word_1_79' title='bbox 1339 1279 1376 1336; x_wconf 89' lang='lat' dir='ltr'><strong>et</strong></span> <span class='ocrx_word' id='word_1_80' title='bbox 1399 1267 1605 1342; x_wconf 77' lang='lat' dir='ltr'><strong>dominatur</strong></span> <span class='ocrx_word' id='word_1_81' title='bbox 1626 1271 1665 1340; x_wconf 93' lang='lat' dir='ltr'><strong>in</strong></span> <span class='ocrx_word' id='word_1_82' title='bbox 1684 1267 1861 1362; x_wconf 82' lang='lat' dir='ltr'><strong>Ecclesia,</strong></span> <span class='ocrx_word' id='word_1_83' title='bbox 1887 1293 2006 1352; x_wconf 90' lang='lat' dir='ltr'><strong>tamen</strong></span> <span class='ocrx_word' id='word_1_84' title='bbox 2028 1307 2251 1384; x_wconf 85' lang='lat' dir='ltr'><strong>nequaquam</strong></span> <span class='ocrx_word' id='word_1_85' title='bbox 2275 1309 2326 1366; x_wconf 88' lang='lat' dir='ltr'><strong>est</strong></span> 
     </span>
     <span class='ocr_line' id='line_1_7' title="bbox 307 1356 2324 1466; baseline 0.021 -42"><span class='ocrx_word' id='word_1_86' title='bbox 307 1356 395 1428; x_wconf 88' lang='lat' dir='ltr'><strong>siam</strong></span> <span class='ocrx_word' id='word_1_87' title='bbox 411 1360 444 1430; x_wconf 88' lang='lat' dir='ltr'><strong>ia</strong></span> <span class='ocrx_word' id='word_1_88' title='bbox 463 1364 571 1436; x_wconf 78' lang='lat' dir='ltr'><strong>unius</strong></span> <span class='ocrx_word' id='word_1_89' title='bbox 593 1367 695 1455; x_wconf 76' lang='lat' dir='ltr'><strong>regni</strong></span> <span class='ocrx_word' id='word_1_90' title='bbox 719 1366 902 1456; x_wconf 75' lang='lat' dir='ltr'><strong>politiam,</strong></span> <span class='ocrx_word' id='word_1_91' title='bbox 926 1367 1018 1439; x_wconf 90' lang='lat' dir='ltr'><strong>sicut</strong></span> <span class='ocrx_word' id='word_1_92' title='bbox 1041 1369 1212 1460; x_wconf 87' lang='lat' dir='ltr'><strong>scriptum</strong></span> <span class='ocrx_word' id='word_1_93' title='bbox 1235 1385 1287 1443; x_wconf 80' lang='lat' dir='ltr'><strong>est</strong></span> <span class='ocrx_word' id='word_1_94' title='bbox 1338 1393 1421 1440; x_wconf 86' lang='lat' dir='ltr'><strong>vera</strong></span> <span class='ocrx_word' id='word_1_95' title='bbox 1435 1365 1593 1442; x_wconf 79' lang='lat' dir='ltr'><strong>Ecclesia</strong></span> <span class='ocrx_word' id='word_1_96' title='bbox 1610 1395 1671 1442; x_wconf 87' lang='lat' dir='ltr'><strong>seu</strong></span> <span class='ocrx_word' id='word_1_97' title='bbox 1688 1399 1768 1462; x_wconf 87' lang='lat' dir='ltr'><strong>pars</strong></span> <span class='ocrx_word' id='word_1_98' title='bbox 1786 1377 2085 1464; x_wconf 89' lang='lat' dir='ltr'><strong>veraeEcclesiae.</strong></span> <span class='ocrx_word' id='word_1_99' title='bbox 2139 1391 2221 1464; x_wconf 92' lang='lat' dir='ltr'><strong>ldeo</strong></span> <span class='ocrx_word' id='word_1_100' title='bbox 2236 1397 2324 1466; x_wconf 91' lang='lat' dir='ltr'><strong>scri·</strong></span> 
     </span>
     <span class='ocr_line' id='line_1_8' title="bbox 304 1454 2324 1585; baseline 0.02 -57"><span class='ocrx_word' id='word_1_101' title='bbox 304 1454 463 1534; x_wconf 78' lang='lat' dir='ltr'><strong>Matthaei</strong></span> <span class='ocrx_word' id='word_1_102' title='bbox 485 1465 563 1538; x_wconf 66' lang='lat' dir='ltr'><strong>th:</strong></span> <span class='ocrx_word' id='word_1_103' title='bbox 602 1465 694 1540; x_wconf 89' lang='lat' dir='ltr'><strong>Ecce</strong></span> <span class='ocrx_word' id='word_1_104' title='bbox 716 1463 775 1539; x_wconf 89' lang='lat' dir='ltr'><strong>hic</strong></span> <span class='ocrx_word' id='word_1_105' title='bbox 797 1482 869 1555; x_wconf 89' lang='lat' dir='ltr'><strong>est,</strong></span> <span class='ocrx_word' id='word_1_106' title='bbox 899 1493 979 1540; x_wconf 89' lang='lat' dir='ltr'><strong>ecce</strong></span> <span class='ocrx_word' id='word_1_107' title='bbox 1001 1470 1076 1540; x_wconf 88' lang='lat' dir='ltr'><strong>illic</strong></span> <span class='ocrx_word' id='word_1_108' title='bbox 1098 1483 1168 1549; x_wconf 80' lang='grc' dir='ltr'>εει..</span> <span class='ocrx_word' id='word_1_109' title='bbox 1212 1471 1283 1546; x_wconf 84' lang='grc' dir='ltr'><strong>8εά</strong></span> <span class='ocrx_word' id='word_1_110' title='bbox 1337 1484 1438 1562; x_wconf 86' lang='lat' dir='ltr'><strong>ptum</strong></span> <span class='ocrx_word' id='word_1_111' title='bbox 1467 1487 1518 1546; x_wconf 91' lang='lat' dir='ltr'><strong>est</strong></span> <span class='ocrx_word' id='word_1_112' title='bbox 1545 1469 1672 1551; x_wconf 91' lang='lat' dir='ltr'><strong>lohan.</strong></span> <span class='ocrx_word' id='word_1_113' title='bbox 1690 1475 1741 1547; x_wconf 86' lang='lat'><strong>8.:</strong></span> <span class='ocrx_word' id='word_1_114' title='bbox 1782 1479 1855 1550; x_wconf 91' lang='lat' dir='ltr'><strong>Vos</strong></span> <span class='ocrx_word' id='word_1_115' title='bbox 1876 1507 1917 1554; x_wconf 86' lang='lat' dir='ltr'><strong>ex</strong></span> <span class='ocrx_word' id='word_1_116' title='bbox 1941 1499 2040 1578; x_wconf 89' lang='lat' dir='ltr'><strong>patre</strong></span> <span class='ocrx_word' id='word_1_117' title='bbox 2062 1491 2205 1564; x_wconf 87' lang='lat' dir='ltr'><strong>diaholo</strong></span> <span class='ocrx_word' id='word_1_118' title='bbox 2230 1499 2324 1585; x_wconf 90' lang='lat' dir='ltr'><strong>estis,</strong></span> 
     </span>
     <span class='ocr_line' id='line_1_9' title="bbox 302 1566 2323 1670; baseline 0.02 -40"><span class='ocrx_word' id='word_1_119' title='bbox 302 1566 451 1636; x_wconf 88' lang='lat' dir='ltr'><strong>membra</strong></span> <span class='ocrx_word' id='word_1_120' title='bbox 476 1593 581 1640; x_wconf 88' lang='lat' dir='ltr'><strong>verae</strong></span> <span class='ocrx_word' id='word_1_121' title='bbox 612 1569 790 1642; x_wconf 77' lang='lat' dir='ltr'><strong>Ecclesiae</strong></span> <span class='ocrx_word' id='word_1_122' title='bbox 818 1572 857 1640; x_wconf 92' lang='lat' dir='ltr'><strong>iu</strong></span> <span class='ocrx_word' id='word_1_123' title='bbox 890 1572 1028 1641; x_wconf 82' lang='lat' dir='ltr'><strong>diversa</strong></span> <span class='ocrx_word' id='word_1_124' title='bbox 1057 1571 1134 1644; x_wconf 87' lang='lat' dir='ltr'><strong>loca</strong></span> <span class='ocrx_word' id='word_1_125' title='bbox 1164 1597 1283 1662; x_wconf 90' lang='lat' dir='ltr'><strong>sparsa</strong></span> <span class='ocrx_word' id='word_1_126' title='bbox 1335 1568 1384 1644; x_wconf 87' lang='lat' dir='ltr'><strong>Et</strong></span> <span class='ocrx_word' id='word_1_127' title='bbox 1401 1574 1624 1646; x_wconf 89' lang='lat' dir='ltr'><strong>talemfuisse</strong></span> <span class='ocrx_word' id='word_1_128' title='bbox 1642 1579 1906 1654; x_wconf 87' lang='lat' dir='ltr'><strong>multitudinem</strong></span> <span class='ocrx_word' id='word_1_129' title='bbox 1924 1588 2077 1664; x_wconf 69' lang='lat' dir='ltr'><strong>inlaradi</strong></span> <span class='ocrx_word' id='word_1_130' title='bbox 2095 1597 2323 1670; x_wconf 78' lang='lat' dir='ltr'><strong>manifestum</strong></span> 
     </span>
     <span class='ocr_line' id='line_1_10' title="bbox 300 1668 2321 1788; baseline 0.02 -54"><span class='ocrx_word' id='word_1_131' title='bbox 300 1680 403 1750; x_wconf 85' lang='lat' dir='ltr'><strong>sum,</strong></span> <span class='ocrx_word' id='word_1_132' title='bbox 434 1684 463 1740; x_wconf 92' lang='lat' dir='ltr'><strong>et</strong></span> <span class='ocrx_word' id='word_1_133' title='bbox 487 1672 622 1743; x_wconf 86' lang='lat' dir='ltr'><strong>alicubi</strong></span> <span class='ocrx_word' id='word_1_134' title='bbox 644 1670 743 1744; x_wconf 86' lang='lat' dir='ltr'><strong>Deus</strong></span> <span class='ocrx_word' id='word_1_135' title='bbox 765 1676 910 1764; x_wconf 89' lang='lat' dir='ltr'><strong>praebet</strong></span> <span class='ocrx_word' id='word_1_136' title='bbox 933 1668 1086 1763; x_wconf 78' lang='lat' dir='ltr'><strong>hospitia</strong></span> <span class='ocrx_word' id='word_1_137' title='bbox 1120 1678 1282 1766; x_wconf 86' lang='lat' dir='ltr'><strong>publicae</strong></span> <span class='ocrx_word' id='word_1_138' title='bbox 1336 1690 1408 1758; x_wconf 88' lang='grc' dir='ltr'>εει,</span> <span class='ocrx_word' id='word_1_139' title='bbox 1433 1678 1512 1747; x_wconf 85' lang='lat' dir='ltr'><strong>fore</strong></span> <span class='ocrx_word' id='word_1_140' title='bbox 1534 1678 1640 1750; x_wconf 90' lang='lat' dir='ltr'><strong>etiam</strong></span> <span class='ocrx_word' id='word_1_141' title='bbox 1663 1681 1769 1752; x_wconf 90' lang='lat' dir='ltr'><strong>talem</strong></span> <span class='ocrx_word' id='word_1_142' title='bbox 1795 1701 1872 1774; x_wconf 88' lang='lat' dir='ltr'><strong>post</strong></span> <span class='ocrx_word' id='word_1_143' title='bbox 1891 1688 2083 1780; x_wconf 88' lang='lat' dir='ltr'><strong>Apostolos</strong></span> <span class='ocrx_word' id='word_1_144' title='bbox 2101 1701 2321 1788; x_wconf 88' lang='lat' dir='ltr'><strong>praedictum</strong></span> 
     </span>
     <span class='ocr_line' id='line_1_11' title="bbox 299 1773 2324 1876; baseline 0.018 -39"><span class='ocrx_word' id='word_1_145' title='bbox 299 1773 554 1860; x_wconf 78' lang='lat' dir='ltr'><strong>congregationi</strong></span> <span class='ocrx_word' id='word_1_146' title='bbox 568 1789 605 1847; x_wconf 93' lang='grc' dir='ltr'><strong>ει</strong></span> <span class='ocrx_word' id='word_1_147' title='bbox 619 1799 723 1846; x_wconf 83' lang='lat' dir='ltr'><strong>verae</strong></span> <span class='ocrx_word' id='word_1_148' title='bbox 739 1776 1088 1864; x_wconf 85' lang='lat' dir='ltr'><strong>doctrinaestudiis,</strong></span> <span class='ocrx_word' id='word_1_149' title='bbox 1103 1779 1191 1850; x_wconf 89' lang='lat' dir='ltr'><strong>alias</strong></span> <span class='ocrx_word' id='word_1_150' title='bbox 1205 1805 1282 1852; x_wconf 89' lang='lat' dir='ltr'><strong>ma·</strong></span> <span class='ocrx_word' id='word_1_151' title='bbox 1335 1791 1407 1862; x_wconf 88' lang='lat' dir='ltr'><strong>est,</strong></span> <span class='ocrx_word' id='word_1_152' title='bbox 1433 1791 1469 1849; x_wconf 91' lang='grc' dir='ltr'><strong>ει</strong></span> <span class='ocrx_word' id='word_1_153' title='bbox 1492 1803 1547 1852; x_wconf 92' lang='lat' dir='ltr'><strong>res</strong></span> <span class='ocrx_word' id='word_1_154' title='bbox 1572 1783 1744 1870; x_wconf 81' lang='lat' dir='ltr'><strong>ostendit,</strong></span> <span class='ocrx_word' id='word_1_155' title='bbox 1776 1782 1905 1860; x_wconf 88' lang='lat' dir='ltr'><strong>Matth.</strong></span> <span class='ocrx_word' id='word_1_156' title='bbox 1921 1789 2003 1866; x_wconf 76' lang='lat'><strong>24.:</strong></span> <span class='ocrx_word' id='word_1_157' title='bbox 2038 1795 2147 1871; x_wconf 84' lang='lat' dir='ltr'><strong>Multi</strong></span> <span class='ocrx_word' id='word_1_158' title='bbox 2165 1799 2324 1876; x_wconf 85' lang='lat' dir='ltr'><strong>Pseudo-</strong></span> 
     </span>
     <span class='ocr_line' id='line_1_12' title="bbox 298 1872 2323 1980; baseline 0.021 -52"><span class='ocrx_word' id='word_1_159' title='bbox 298 1872 356 1958; x_wconf 51' lang='grc' dir='ltr'><strong>εἰ,</strong></span> <span class='ocrx_word' id='word_1_160' title='bbox 375 1874 453 1948; x_wconf 58' lang='lat'><strong>,1525</strong></span> <span class='ocrx_word' id='word_1_161' title='bbox 474 1876 594 1948; x_wconf 61' lang='lat' dir='ltr'><strong>minu,</strong></span> <span class='ocrx_word' id='word_1_162' title='bbox 616 1879 828 1956; x_wconf 68' lang='lat' dir='ltr'><strong>commoda„</strong></span> <span class='ocrx_word' id='word_1_163' title='bbox 1049 1925 1068 1954; x_wconf 89' lang='lat'><strong>,.</strong></span> <span class='ocrx_word' id='word_1_164' title='bbox 1334 1876 1528 1972; x_wconf 88' lang='lat' dir='ltr'><strong>prophetae</strong></span> <span class='ocrx_word' id='word_1_165' title='bbox 1543 1896 1688 1974; x_wconf 87' lang='lat' dir='ltr'><strong>surgent</strong></span> <span class='ocrx_word' id='word_1_166' title='bbox 1707 1899 1741 1957; x_wconf 90' lang='grc' dir='ltr'><strong>ει</strong></span> <span class='ocrx_word' id='word_1_167' title='bbox 1761 1891 1930 1964; x_wconf 90' lang='lat' dir='ltr'><strong>seducent</strong></span> <span class='ocrx_word' id='word_1_168' title='bbox 1944 1896 2087 1974; x_wconf 89' lang='lat' dir='ltr'><strong>multos.</strong></span> <span class='ocrx_word' id='word_1_169' title='bbox 2139 1897 2189 1976; x_wconf 90' lang='lat' dir='ltr'><strong>Et</strong></span> <span class='ocrx_word' id='word_1_170' title='bbox 2207 1909 2237 1980; x_wconf 90' lang='lat' dir='ltr'><strong>l.</strong></span> <span class='ocrx_word' id='word_1_171' title='bbox 2256 1905 2323 1978; x_wconf 87' lang='lat' dir='ltr'><strong>Ti.</strong></span> 
     </span>
     <span class='ocr_line' id='line_1_13' title="bbox 403 1973 2322 2099; baseline 0.02 -56"><span class='ocrx_word' id='word_1_172' title='bbox 403 1973 505 2048; x_wconf 81' lang='lat' dir='ltr'><strong>Valde</strong></span> <span class='ocrx_word' id='word_1_173' title='bbox 519 1993 638 2050; x_wconf 89' lang='lat' dir='ltr'><strong>autem</strong></span> <span class='ocrx_word' id='word_1_174' title='bbox 654 1979 806 2050; x_wconf 83' lang='lat' dir='ltr'><strong>offendit</strong></span> <span class='ocrx_word' id='word_1_175' title='bbox 824 1981 947 2052; x_wconf 91' lang='lat' dir='ltr'><strong>oculos</strong></span> <span class='ocrx_word' id='word_1_176' title='bbox 970 1980 1169 2075; x_wconf 89' lang='lat' dir='ltr'><strong>sapientum</strong></span> <span class='ocrx_word' id='word_1_177' title='bbox 1195 1978 1281 2056; x_wconf 87' lang='lat' dir='ltr'><strong>haee</strong></span> <span class='ocrx_word' id='word_1_178' title='bbox 1332 1977 1446 2058; x_wconf 90' lang='lat' dir='ltr'><strong>moth.</strong></span> <span class='ocrx_word' id='word_1_179' title='bbox 1462 1979 1515 2056; x_wconf 70' lang='lat' dir='ltr'><strong>b:</strong></span> <span class='ocrx_word' id='word_1_180' title='bbox 1549 1983 1705 2079; x_wconf 76' lang='lat' dir='ltr'><strong>Spiritus</strong></span> <span class='ocrx_word' id='word_1_181' title='bbox 1719 2004 1814 2062; x_wconf 90' lang='lat' dir='ltr'><strong>certo</strong></span> <span class='ocrx_word' id='word_1_182' title='bbox 1837 1993 1924 2067; x_wconf 88' lang='lat' dir='ltr'><strong>dicit</strong></span> <span class='ocrx_word' id='word_1_183' title='bbox 1943 2003 2130 2089; x_wconf 77' lang='lat' dir='ltr'><strong>postremis</strong></span> <span class='ocrx_word' id='word_1_184' title='bbox 2151 2011 2322 2099; x_wconf 88' lang='lat' dir='ltr'><strong>tempori-</strong></span> 
     </span>
     <span class='ocr_line' id='line_1_14' title="bbox 300 2077 2321 2191; baseline 0.021 -49"><span class='ocrx_word' id='word_1_185' title='bbox 300 2077 458 2150; x_wconf 84' lang='lat' dir='ltr'><strong>‹lelormis</strong></span> <span class='ocrx_word' id='word_1_186' title='bbox 479 2082 631 2174; x_wconf 87' lang='lat' dir='ltr'><strong>species,</strong></span> <span class='ocrx_word' id='word_1_187' title='bbox 671 2107 761 2174; x_wconf 88' lang='lat' dir='ltr'><strong>quae</strong></span> <span class='ocrx_word' id='word_1_188' title='bbox 790 2083 933 2153; x_wconf 83' lang='lat' dir='ltr'><strong>videtur</strong></span> <span class='ocrx_word' id='word_1_189' title='bbox 957 2108 1031 2154; x_wconf 89' lang='lat' dir='ltr'><strong>esse</strong></span> <span class='ocrx_word' id='word_1_190' title='bbox 1054 2081 1218 2180; x_wconf 78' lang='grc' dir='ltr'><strong><em>ἀναρχία</em></strong></span> <span class='ocrx_word' id='word_1_191' title='bbox 1244 2101 1280 2159; x_wconf 88' lang='grc' dir='ltr'><strong>ει</strong></span> <span class='ocrx_word' id='word_1_192' title='bbox 1333 2086 1401 2157; x_wconf 90' lang='lat' dir='ltr'><strong>bus</strong></span> <span class='ocrx_word' id='word_1_193' title='bbox 1424 2088 1558 2156; x_wconf 89' lang='lat' dir='ltr'><strong>multos</strong></span> <span class='ocrx_word' id='word_1_194' title='bbox 1574 2110 1594 2156; x_wconf 96' lang='lat' dir='ltr'><strong>a</strong></span> <span class='ocrx_word' id='word_1_195' title='bbox 1610 2089 1680 2158; x_wconf 90' lang='lat' dir='ltr'><strong>lide</strong></span> <span class='ocrx_word' id='word_1_196' title='bbox 1702 2091 1918 2168; x_wconf 90' lang='lat' dir='ltr'><strong>discessuros</strong></span> <span class='ocrx_word' id='word_1_197' title='bbox 1939 2121 2031 2191; x_wconf 90' lang='lat' dir='ltr'><strong>esse,</strong></span> <span class='ocrx_word' id='word_1_198' title='bbox 2064 2119 2100 2180; x_wconf 88' lang='lat' dir='ltr'><strong>et</strong></span> <span class='ocrx_word' id='word_1_199' title='bbox 2122 2110 2321 2184; x_wconf 88' lang='lat' dir='ltr'><strong>credituros</strong></span> 
     </span>
     <span class='ocr_line' id='line_1_15' title="bbox 307 2180 1810 2282; baseline 0.01 -34"><span class='ocrx_word' id='word_1_200' title='bbox 307 2180 490 2270; x_wconf 86' lang='lat' dir='ltr'><strong>dissipatio,</strong></span> <span class='ocrx_word' id='word_1_201' title='bbox 521 2207 586 2254; x_wconf 91' lang='lat' dir='ltr'><strong>nec</strong></span> <span class='ocrx_word' id='word_1_202' title='bbox 604 2185 745 2256; x_wconf 82' lang='lat' dir='ltr'><strong>videtur</strong></span> <span class='ocrx_word' id='word_1_203' title='bbox 760 2184 935 2256; x_wconf 85' lang='lat' dir='ltr'><strong>divinitus</strong></span> <span class='ocrx_word' id='word_1_204' title='bbox 950 2187 1145 2258; x_wconf 86' lang='lat' dir='ltr'><strong>consociari</strong></span> <span class='ocrx_word' id='word_1_205' title='bbox 1164 2203 1199 2260; x_wconf 93' lang='grc' dir='ltr'><strong>ει</strong></span> <span class='ocrx_word' id='word_1_206' title='bbox 1213 2213 1277 2260; x_wconf 92' lang='lat' dir='ltr'><strong>cu·</strong></span> <span class='ocrx_word' id='word_1_207' title='bbox 1331 2187 1517 2280; x_wconf 89' lang='lat' dir='ltr'><strong>spiritibus</strong></span> <span class='ocrx_word' id='word_1_208' title='bbox 1544 2188 1810 2282; x_wconf 89' lang='lat' dir='ltr'><strong>impostoribus.</strong></span> 
     </span>
     <span class='ocr_line' id='line_1_16' title="bbox 306 2284 2320 2392; baseline 0.016 -42"><span class='ocrx_word' id='word_1_209' title='bbox 306 2285 437 2369; x_wconf 78' lang='lat' dir='ltr'><strong>stodiri,</strong></span> <span class='ocrx_word' id='word_1_210' title='bbox 459 2287 552 2378; x_wconf 92' lang='lat' dir='ltr'><strong>quod</strong></span> <span class='ocrx_word' id='word_1_211' title='bbox 570 2299 641 2357; x_wconf 90' lang='lat' dir='ltr'><strong>tam</strong></span> <span class='ocrx_word' id='word_1_212' title='bbox 667 2286 764 2358; x_wconf 87' lang='lat' dir='ltr'><strong>varie</strong></span> <span class='ocrx_word' id='word_1_213' title='bbox 783 2287 976 2360; x_wconf 86' lang='lat' dir='ltr'><strong>laceratum</strong></span> <span class='ocrx_word' id='word_1_214' title='bbox 1000 2304 1073 2374; x_wconf 89' lang='lat' dir='ltr'><strong>cst,</strong></span> <span class='ocrx_word' id='word_1_215' title='bbox 1098 2290 1175 2362; x_wconf 89' lang='lat' dir='ltr'><strong>sine</strong></span> <span class='ocrx_word' id='word_1_216' title='bbox 1191 2291 1273 2360; x_wconf 83' lang='lat' dir='ltr'><strong>visi·</strong></span> <span class='ocrx_word' id='word_1_217' title='bbox 1412 2289 1459 2360; x_wconf 88' lang='lat' dir='ltr'><strong>Et</strong></span> <span class='ocrx_word' id='word_1_218' title='bbox 1476 2284 1655 2363; x_wconf 90' lang='lat' dir='ltr'><strong>horrenda</strong></span> <span class='ocrx_word' id='word_1_219' title='bbox 1672 2310 1723 2367; x_wconf 91' lang='grc' dir='ltr'><strong>εει</strong></span> <span class='ocrx_word' id='word_1_220' title='bbox 1738 2296 2320 2392; x_wconf 73' lang='lat' dir='ltr'><strong>descriptiuAntichristi20Thes.</strong></span> 
     </span>
     <span class='ocr_line' id='line_1_17' title="bbox 305 2387 2320 2497; baseline 0.02 -46"><span class='ocrx_word' id='word_1_221' title='bbox 305 2387 363 2454; x_wconf 91' lang='lat' dir='ltr'><strong>bili</strong></span> <span class='ocrx_word' id='word_1_222' title='bbox 385 2387 509 2478; x_wconf 85' lang='lat' dir='ltr'><strong>capite,</strong></span> <span class='ocrx_word' id='word_1_223' title='bbox 542 2389 620 2458; x_wconf 88' lang='lat' dir='ltr'><strong>sine</strong></span> <span class='ocrx_word' id='word_1_224' title='bbox 641 2404 736 2460; x_wconf 88' lang='lat' dir='ltr'><strong>certa</strong></span> <span class='ocrx_word' id='word_1_225' title='bbox 761 2392 861 2473; x_wconf 86' lang='lat' dir='ltr'><strong>sede,</strong></span> <span class='ocrx_word' id='word_1_226' title='bbox 892 2389 970 2460; x_wconf 88' lang='lat' dir='ltr'><strong>sins</strong></span> <span class='ocrx_word' id='word_1_227' title='bbox 992 2393 1131 2466; x_wconf 87' lang='lat' dir='ltr'><strong>ordine.</strong></span> <span class='ocrx_word' id='word_1_228' title='bbox 1182 2391 1275 2464; x_wconf 90' lang='lat' dir='ltr'><strong>Cum</strong></span> <span class='ocrx_word' id='word_1_229' title='bbox 1328 2392 1461 2466; x_wconf 79' lang='lat' dir='ltr'><strong>sal.2.:</strong></span> <span class='ocrx_word' id='word_1_230' title='bbox 1488 2391 1717 2468; x_wconf 91' lang='lat' dir='ltr'><strong>Dominantis</strong></span> <span class='ocrx_word' id='word_1_231' title='bbox 1733 2397 1772 2468; x_wconf 91' lang='lat' dir='ltr'><strong>in</strong></span> <span class='ocrx_word' id='word_1_232' title='bbox 1794 2405 1928 2494; x_wconf 87' lang='lat' dir='ltr'><strong>templo</strong></span> <span class='ocrx_word' id='word_1_233' title='bbox 1952 2403 2040 2497; x_wconf 90' lang='lat' dir='ltr'><strong>Dei,</strong></span> <span class='ocrx_word' id='word_1_234' title='bbox 2069 2406 2237 2487; x_wconf 88' lang='lat' dir='ltr'><strong>horribili</strong></span> <span class='ocrx_word' id='word_1_235' title='bbox 2261 2421 2320 2492; x_wconf 87' lang='lat' dir='ltr'><strong>lu-</strong></span> 
     </span>
     <span class='ocr_line' id='line_1_18' title="bbox 304 2483 2319 2610; baseline 0.019 -55"><span class='ocrx_word' id='word_1_236' title='bbox 304 2488 403 2574; x_wconf 82' lang='lat' dir='ltr'><strong>igitur</strong></span> <span class='ocrx_word' id='word_1_237' title='bbox 422 2491 594 2582; x_wconf 87' lang='lat' dir='ltr'><strong>sapientes</strong></span> <span class='ocrx_word' id='word_1_238' title='bbox 614 2487 747 2572; x_wconf 75' lang='lat' dir='ltr'><strong>ab,hac</strong></span> <span class='ocrx_word' id='word_1_239' title='bbox 771 2491 885 2584; x_wconf 88' lang='lat' dir='ltr'><strong>specie</strong></span> <span class='ocrx_word' id='word_1_240' title='bbox 910 2487 1149 2580; x_wconf 87' lang='lat' dir='ltr'><strong>abhorreant,</strong></span> <span class='ocrx_word' id='word_1_241' title='bbox 1189 2520 1276 2566; x_wconf 90' lang='lat' dir='ltr'><strong>con·</strong></span> <span class='ocrx_word' id='word_1_242' title='bbox 1321 2483 1410 2564; x_wconf 79' lang='lat' dir='ltr'><strong>&#39;rors</strong></span> <span class='ocrx_word' id='word_1_243' title='bbox 1427 2495 1640 2568; x_wconf 89' lang='lat' dir='ltr'><strong>stabilientis</strong></span> <span class='ocrx_word' id='word_1_244' title='bbox 1655 2499 1751 2572; x_wconf 88' lang='lat' dir='ltr'><strong>idola</strong></span> <span class='ocrx_word' id='word_1_245' title='bbox 1776 2515 1811 2572; x_wconf 91' lang='grc' dir='ltr'><strong>ει</strong></span> <span class='ocrx_word' id='word_1_246' title='bbox 1826 2509 2027 2598; x_wconf 89' lang='lat' dir='ltr'><strong>mendacia,</strong></span> <span class='ocrx_word' id='word_1_247' title='bbox 2054 2540 2144 2609; x_wconf 90' lang='lat' dir='ltr'><strong>quae</strong></span> <span class='ocrx_word' id='word_1_248' title='bbox 2160 2538 2319 2610; x_wconf 86' lang='lat' dir='ltr'><strong>pugnant</strong></span> 
     </span>
     <span class='ocr_line' id='line_1_19' title="bbox 308 2593 2318 2714; baseline 0.019 -57"><span class='ocrx_word' id='word_1_249' title='bbox 308 2605 438 2662; x_wconf 85' lang='lat' dir='ltr'><strong>curmnt</strong></span> <span class='ocrx_word' id='word_1_250' title='bbox 458 2595 500 2664; x_wconf 86' lang='lat' dir='ltr'><strong>arl</strong></span> <span class='ocrx_word' id='word_1_251' title='bbox 526 2593 768 2664; x_wconf 80' lang='lat' dir='ltr'><strong>defensionem</strong></span> <span class='ocrx_word' id='word_1_252' title='bbox 792 2595 995 2666; x_wconf 85' lang='lat' dir='ltr'><strong>ordinariae</strong></span> <span class='ocrx_word' id='word_1_253' title='bbox 1011 2597 1211 2687; x_wconf 89' lang='lat' dir='ltr'><strong>potestatis,</strong></span> <span class='ocrx_word' id='word_1_254' title='bbox 1235 2613 1276 2669; x_wconf 94' lang='lat' dir='ltr'><strong>ut</strong></span> <span class='ocrx_word' id='word_1_255' title='bbox 1328 2617 1409 2666; x_wconf 86' lang='lat' dir='ltr'><strong>eum</strong></span> <span class='ocrx_word' id='word_1_256' title='bbox 1434 2597 1595 2670; x_wconf 86' lang='lat' dir='ltr'><strong>articulis</strong></span> <span class='ocrx_word' id='word_1_257' title='bbox 1623 2599 1716 2678; x_wconf 84' lang='lat' dir='ltr'><strong>fidei.</strong></span> <span class='ocrx_word' id='word_1_258' title='bbox 1776 2601 1873 2678; x_wconf 87' lang='lat' dir='ltr'><strong>Haec</strong></span> <span class='ocrx_word' id='word_1_259' title='bbox 1897 2611 2097 2688; x_wconf 88' lang='lat' dir='ltr'><strong>tristissima</strong></span> <span class='ocrx_word' id='word_1_260' title='bbox 2127 2622 2318 2714; x_wconf 83' lang='lat' dir='ltr'><strong>descriptio</strong></span> 
     </span>
     <span class='ocr_line' id='line_1_20' title="bbox 311 2692 2318 2812; baseline 0.014 -54"><span class='ocrx_word' id='word_1_261' title='bbox 311 2695 482 2767; x_wconf 85' lang='lat' dir='ltr'><strong>nominant.</strong></span> <span class='ocrx_word' id='word_1_262' title='bbox 535 2692 584 2767; x_wconf 93' lang='lat' dir='ltr'><strong>Et</strong></span> <span class='ocrx_word' id='word_1_263' title='bbox 612 2718 738 2786; x_wconf 86' lang='lat' dir='ltr'><strong>magna</strong></span> <span class='ocrx_word' id='word_1_264' title='bbox 768 2697 959 2768; x_wconf 89' lang='lat' dir='ltr'><strong>certamina</strong></span> <span class='ocrx_word' id='word_1_265' title='bbox 987 2722 1031 2767; x_wconf 84' lang='lat' dir='ltr'><strong>ex</strong></span> <span class='ocrx_word' id='word_1_266' title='bbox 1055 2692 1120 2788; x_wconf 83' lang='lat' dir='ltr'><strong>hac</strong></span> <span class='ocrx_word' id='word_1_267' title='bbox 1150 2700 1276 2770; x_wconf 89' lang='lat' dir='ltr'><strong>iudicii</strong></span> <span class='ocrx_word' id='word_1_268' title='bbox 1327 2698 1487 2792; x_wconf 87' lang='lat' dir='ltr'><strong>loquitur</strong></span> <span class='ocrx_word' id='word_1_269' title='bbox 1504 2701 1633 2773; x_wconf 86' lang='lat' dir='ltr'><strong>delate</strong></span> <span class='ocrx_word' id='word_1_270' title='bbox 1648 2705 1936 2792; x_wconf 86' lang='lat' dir='ltr'><strong>dominantibus,</strong></span> <span class='ocrx_word' id='word_1_271' title='bbox 1967 2719 2063 2788; x_wconf 89' lang='lat' dir='ltr'><strong>etde</strong></span> <span class='ocrx_word' id='word_1_272' title='bbox 2081 2728 2318 2812; x_wconf 77' lang='lat' dir='ltr'><strong>maguamul.</strong></span> 
     </span>
     <span class='ocr_line' id='line_1_21' title="bbox 308 2796 2317 2904; baseline 0.025 -52"><span class='ocrx_word' id='word_1_273' title='bbox 308 2796 576 2870; x_wconf 61' lang='lat' dir='ltr'><strong>afuinfitimdine</strong></span> <span class='ocrx_word' id='word_1_274' title='bbox 596 2799 776 2870; x_wconf 65' lang='lat' dir='ltr'><strong>oriuntur.</strong></span> <span class='ocrx_word' id='word_1_275' title='bbox 1329 2800 1505 2887; x_wconf 86' lang='lat' dir='ltr'><strong>titudine,</strong></span> <span class='ocrx_word' id='word_1_276' title='bbox 1540 2815 1575 2874; x_wconf 89' lang='lat' dir='ltr'><strong>ct</strong></span> <span class='ocrx_word' id='word_1_277' title='bbox 1607 2806 1651 2874; x_wconf 90' lang='lat' dir='ltr'><strong>de</strong></span> <span class='ocrx_word' id='word_1_278' title='bbox 1685 2801 1875 2882; x_wconf 89' lang='lat' dir='ltr'><strong>horrendis</strong></span> <span class='ocrx_word' id='word_1_279' title='bbox 1907 2815 2014 2889; x_wconf 90' lang='lat' dir='ltr'><strong>idolis</strong></span> <span class='ocrx_word' id='word_1_280' title='bbox 2046 2835 2081 2893; x_wconf 93' lang='grc' dir='ltr'><strong>ει</strong></span> <span class='ocrx_word' id='word_1_281' title='bbox 2113 2828 2317 2904; x_wconf 88' lang='lat' dir='ltr'><strong>mendaciis.</strong></span> 
     </span>
     <span class='ocr_line' id='line_1_22' title="bbox 390 2895 2315 3018; baseline 0.018 -50"><span class='ocrx_word' id='word_1_282' title='bbox 390 2896 482 2972; x_wconf 88' lang='lat' dir='ltr'><strong>Haec</strong></span> <span class='ocrx_word' id='word_1_283' title='bbox 496 2903 538 2970; x_wconf 88' lang='lat' dir='ltr'><strong>de</strong></span> <span class='ocrx_word' id='word_1_284' title='bbox 557 2901 671 2991; x_wconf 89' lang='lat' dir='ltr'><strong>specie</strong></span> <span class='ocrx_word' id='word_1_285' title='bbox 690 2905 832 2970; x_wconf 77' lang='lat' dir='ltr'><strong>externa</strong></span> <span class='ocrx_word' id='word_1_286' title='bbox 850 2895 1028 2997; x_wconf 80' lang='lat' dir='ltr'><strong>Ecclesiae</strong></span> <span class='ocrx_word' id='word_1_287' title='bbox 1051 2903 1274 2976; x_wconf 87' lang='lat' dir='ltr'><strong>considerare</strong></span> <span class='ocrx_word' id='word_1_288' title='bbox 1327 2898 1423 2972; x_wconf 86' lang='lat' dir='ltr'><strong>Hinc</strong></span> <span class='ocrx_word' id='word_1_289' title='bbox 1446 2904 1533 2974; x_wconf 88' lang='lat' dir='ltr'><strong>satis</strong></span> <span class='ocrx_word' id='word_1_290' title='bbox 1555 2907 1778 2998; x_wconf 87' lang='lat' dir='ltr'><strong>perspicuum</strong></span> <span class='ocrx_word' id='word_1_291' title='bbox 1801 2927 1870 3000; x_wconf 90' lang='lat' dir='ltr'><strong>est,</strong></span> <span class='ocrx_word' id='word_1_292' title='bbox 1901 2919 2054 3006; x_wconf 90' lang='lat' dir='ltr'><strong>multos,</strong></span> <span class='ocrx_word' id='word_1_293' title='bbox 2085 2927 2147 3018; x_wconf 82' lang='lat' dir='ltr'><strong>qui</strong></span> <span class='ocrx_word' id='word_1_294' title='bbox 2171 2929 2315 3002; x_wconf 87' lang='lat' dir='ltr'><strong>titulum</strong></span> 
     </span>
     <span class='ocr_line' id='line_1_23' title="bbox 306 2984 2313 3108; baseline 0.018 -40"><span class='ocrx_word' id='word_1_295' title='bbox 306 3023 427 3072; x_wconf 84' lang='lat' dir='ltr'><strong>arcesse</strong></span> <span class='ocrx_word' id='word_1_296' title='bbox 439 3017 507 3088; x_wconf 92' lang='lat' dir='ltr'><strong>est,</strong></span> <span class='ocrx_word' id='word_1_297' title='bbox 532 3027 578 3072; x_wconf 92' lang='lat' dir='ltr'><strong>ne</strong></span> <span class='ocrx_word' id='word_1_298' title='bbox 596 3004 820 3074; x_wconf 84' lang='lat' dir='ltr'><strong>deformitate</strong></span> <span class='ocrx_word' id='word_1_299' title='bbox 836 2984 1079 3093; x_wconf 70' lang='lat' dir='ltr'><strong>dissipationis</strong></span> <span class='ocrx_word' id='word_1_300' title='bbox 1096 3007 1273 3076; x_wconf 86' lang='lat' dir='ltr'><strong>deterrea-</strong></span> <span class='ocrx_word' id='word_1_301' title='bbox 1327 2999 1461 3077; x_wconf 89' lang='lat' dir='ltr'><strong>habent</strong></span> <span class='ocrx_word' id='word_1_302' title='bbox 1478 3001 1676 3095; x_wconf 82' lang='lat' dir='ltr'><strong>Ecclesiae,</strong></span> <span class='ocrx_word' id='word_1_303' title='bbox 1709 3035 1849 3086; x_wconf 77' lang='lat' dir='ltr'><strong>errares</strong></span> <span class='ocrx_word' id='word_1_304' title='bbox 1875 3041 1916 3088; x_wconf 87' lang='lat' dir='ltr'><strong>ac</strong></span> <span class='ocrx_word' id='word_1_305' title='bbox 1932 3043 2070 3108; x_wconf 79' lang='lat' dir='ltr'><strong>necesse</strong></span> <span class='ocrx_word' id='word_1_306' title='bbox 2086 3041 2138 3096; x_wconf 90' lang='lat' dir='ltr'><strong>est</strong></span> <span class='ocrx_word' id='word_1_307' title='bbox 2153 3023 2239 3101; x_wconf 91' lang='lat' dir='ltr'><strong>haec</strong></span> <span class='ocrx_word' id='word_1_308' title='bbox 2263 3046 2313 3104; x_wconf 92' lang='lat' dir='ltr'><strong>te·</strong></span> 
     </span>
     <span class='ocr_line' id='line_1_24' title="bbox 306 3105 2316 3220; baseline 0.018 -52"><span class='ocrx_word' id='word_1_309' title='bbox 306 3127 408 3174; x_wconf 87' lang='lat' dir='ltr'><strong>aura</strong></span> <span class='ocrx_word' id='word_1_310' title='bbox 431 3107 596 3189; x_wconf 86' lang='lat' dir='ltr'><strong>veritate,</strong></span> <span class='ocrx_word' id='word_1_311' title='bbox 628 3108 689 3175; x_wconf 90' lang='lat' dir='ltr'><strong>sed</strong></span> <span class='ocrx_word' id='word_1_312' title='bbox 713 3105 870 3195; x_wconf 82' lang='lat' dir='ltr'><strong>reguiam</strong></span> <span class='ocrx_word' id='word_1_313' title='bbox 888 3118 1086 3175; x_wconf 89' lang='lat' dir='ltr'><strong>teneamus:</strong></span> <span class='ocrx_word' id='word_1_314' title='bbox 1129 3106 1274 3201; x_wconf 86' lang='lat' dir='ltr'><strong>Siquis</strong></span> <span class='ocrx_word' id='word_1_315' title='bbox 1325 3107 1495 3178; x_wconf 89' lang='lat' dir='ltr'><strong>stimonia</strong></span> <span class='ocrx_word' id='word_1_316' title='bbox 1517 3109 1737 3194; x_wconf 88' lang='lat' dir='ltr'><strong>meminisse,</strong></span> <span class='ocrx_word' id='word_1_317' title='bbox 1771 3129 1811 3186; x_wconf 88' lang='lat' dir='ltr'><strong>ut</strong></span> <span class='ocrx_word' id='word_1_318' title='bbox 1833 3139 2064 3212; x_wconf 87' lang='lat' dir='ltr'><strong>opponantur</strong></span> <span class='ocrx_word' id='word_1_319' title='bbox 2080 3128 2316 3220; x_wconf 85' lang='lat' dir='ltr'><strong>allegantibus</strong></span> 
     </span>
     <span class='ocr_line' id='line_1_25' title="bbox 305 3201 2128 3316; baseline 0.016 -46"><span class='ocrx_word' id='word_1_320' title='bbox 305 3207 384 3276; x_wconf 78' lang='lat' dir='ltr'><strong>diod</strong></span> <span class='ocrx_word' id='word_1_321' title='bbox 419 3203 650 3298; x_wconf 85' lang='lat' dir='ltr'><strong>Evangelium</strong></span> <span class='ocrx_word' id='word_1_322' title='bbox 678 3208 799 3291; x_wconf 89' lang='lat' dir='ltr'><strong>docet,</strong></span> <span class='ocrx_word' id='word_1_323' title='bbox 840 3201 1029 3276; x_wconf 87' lang='lat' dir='ltr'><strong>anathema</strong></span> <span class='ocrx_word' id='word_1_324' title='bbox 1049 3208 1106 3278; x_wconf 90' lang='lat' dir='ltr'><strong>sit.</strong></span> <span class='ocrx_word' id='word_1_325' title='bbox 1171 3208 1272 3282; x_wconf 90' lang='lat' dir='ltr'><strong>Post·</strong></span> <span class='ocrx_word' id='word_1_326' title='bbox 1325 3232 1459 3278; x_wconf 88' lang='lat' dir='ltr'><strong>nomen</strong></span> <span class='ocrx_word' id='word_1_327' title='bbox 1472 3207 1649 3283; x_wconf 90' lang='lat' dir='ltr'><strong>Ecclesiae</strong></span> <span class='ocrx_word' id='word_1_328' title='bbox 1664 3215 1708 3285; x_wconf 90' lang='lat' dir='ltr'><strong>de</strong></span> <span class='ocrx_word' id='word_1_329' title='bbox 1720 3215 1829 3312; x_wconf 88' lang='lat' dir='ltr'><strong>impia</strong></span> <span class='ocrx_word' id='word_1_330' title='bbox 1844 3228 2128 3316; x_wconf 88' lang='lat' dir='ltr'><strong>congregatione.</strong></span> 
     </span>
     <span class='ocr_line' id='line_1_26' title="bbox 304 3307 2314 3414; baseline 0.015 -36"><span class='ocrx_word' id='word_1_331' title='bbox 304 3333 394 3398; x_wconf 68' lang='lat' dir='ltr'><strong>ruam</strong></span> <span class='ocrx_word' id='word_1_332' title='bbox 411 3311 582 3394; x_wconf 81' lang='lat' dir='ltr'><strong>diximus,</strong></span> <span class='ocrx_word' id='word_1_333' title='bbox 607 3333 697 3403; x_wconf 89' lang='lat' dir='ltr'><strong>quae</strong></span> <span class='ocrx_word' id='word_1_334' title='bbox 721 3323 756 3386; x_wconf 92' lang='grc' dir='ltr'><strong>ει</strong></span> <span class='ocrx_word' id='word_1_335' title='bbox 777 3309 842 3380; x_wconf 93' lang='lat' dir='ltr'><strong>ubi</strong></span> <span class='ocrx_word' id='word_1_336' title='bbox 864 3309 909 3380; x_wconf 88' lang='lat' dir='ltr'><strong>sit</strong></span> <span class='ocrx_word' id='word_1_337' title='bbox 929 3332 1011 3378; x_wconf 84' lang='lat' dir='ltr'><strong>vera</strong></span> <span class='ocrx_word' id='word_1_338' title='bbox 1034 3307 1210 3392; x_wconf 84' lang='lat' dir='ltr'><strong>Ecclesia,</strong></span> <span class='ocrx_word' id='word_1_339' title='bbox 1236 3327 1286 3396; x_wconf 71' lang='grc' dir='ltr'><strong>ει,</strong></span> <span class='ocrx_word' id='word_1_340' title='bbox 1428 3311 1498 3382; x_wconf 87' lang='lat' dir='ltr'><strong>Sed</strong></span> <span class='ocrx_word' id='word_1_341' title='bbox 1514 3315 1558 3382; x_wconf 90' lang='lat' dir='ltr'><strong>de</strong></span> <span class='ocrx_word' id='word_1_342' title='bbox 1576 3315 1684 3386; x_wconf 90' lang='lat' dir='ltr'><strong>altera</strong></span> <span class='ocrx_word' id='word_1_343' title='bbox 1701 3333 1799 3410; x_wconf 92' lang='lat' dir='ltr'><strong>parte</strong></span> <span class='ocrx_word' id='word_1_344' title='bbox 1815 3347 1906 3414; x_wconf 89' lang='lat' dir='ltr'><strong>quae</strong></span> <span class='ocrx_word' id='word_1_345' title='bbox 1919 3341 1970 3399; x_wconf 86' lang='lat' dir='ltr'><strong>est</strong></span> <span class='ocrx_word' id='word_1_346' title='bbox 1986 3353 2066 3401; x_wconf 85' lang='lat' dir='ltr'><strong>vera</strong></span> <span class='ocrx_word' id='word_1_347' title='bbox 2081 3327 2238 3406; x_wconf 89' lang='lat' dir='ltr'><strong>Ecclesia</strong></span> <span class='ocrx_word' id='word_1_348' title='bbox 2256 3337 2314 3409; x_wconf 89' lang='lat' dir='ltr'><strong>di·-</strong></span> 
     </span>
     <span class='ocr_line' id='line_1_27' title="bbox 304 3406 2316 3529; baseline 0.017 -52"><span class='ocrx_word' id='word_1_349' title='bbox 304 3411 403 3488; x_wconf 65' lang='lat' dir='ltr'><strong>roalis</strong></span> <span class='ocrx_word' id='word_1_350' title='bbox 425 3413 470 3485; x_wconf 84' lang='lat' dir='ltr'><strong>sit</strong></span> <span class='ocrx_word' id='word_1_351' title='bbox 492 3413 567 3485; x_wconf 89' lang='lat' dir='ltr'><strong>eius</strong></span> <span class='ocrx_word' id='word_1_352' title='bbox 592 3411 746 3505; x_wconf 86' lang='lat' dir='ltr'><strong>species,</strong></span> <span class='ocrx_word' id='word_1_353' title='bbox 769 3424 969 3508; x_wconf 71' lang='lat' dir='ltr'><strong>sequuntur</strong></span> <span class='ocrx_word' id='word_1_354' title='bbox 984 3411 1055 3481; x_wconf 88' lang='lat' dir='ltr'><strong>iam</strong></span> <span class='ocrx_word' id='word_1_355' title='bbox 1072 3406 1138 3513; x_wconf 59' lang='lat' dir='ltr'><strong>hae</strong></span> <span class='ocrx_word' id='word_1_356' title='bbox 1162 3437 1271 3510; x_wconf 77' lang='lat' dir='ltr'><strong>qpae-</strong></span> <span class='ocrx_word' id='word_1_357' title='bbox 1325 3436 1458 3491; x_wconf 83' lang='lat' dir='ltr'><strong>camus.</strong></span> <span class='ocrx_word' id='word_1_358' title='bbox 1509 3411 1588 3485; x_wconf 90' lang='lat' dir='ltr'><strong>Etsi</strong></span> <span class='ocrx_word' id='word_1_359' title='bbox 1612 3417 1650 3487; x_wconf 91' lang='lat' dir='ltr'><strong>in</strong></span> <span class='ocrx_word' id='word_1_360' title='bbox 1675 3413 1741 3491; x_wconf 87' lang='lat' dir='ltr'><strong>hac</strong></span> <span class='ocrx_word' id='word_1_361' title='bbox 1764 3417 1906 3521; x_wconf 85' lang='lat' dir='ltr'><strong>quoque</strong></span> <span class='ocrx_word' id='word_1_362' title='bbox 1929 3430 2140 3507; x_wconf 92' lang='lat' dir='ltr'><strong>multisunt</strong></span> <span class='ocrx_word' id='word_1_363' title='bbox 2162 3437 2316 3529; x_wconf 81' lang='lat' dir='ltr'><strong>infirmi,</strong></span> 
     </span>
     <span class='ocr_line' id='line_1_28' title="bbox 305 3515 2312 3631; baseline 0.014 -46"><span class='ocrx_word' id='word_1_364' title='bbox 305 3515 429 3590; x_wconf 87' lang='lat' dir='ltr'><strong>tiones.</strong></span> <span class='ocrx_word' id='word_1_365' title='bbox 1324 3530 1359 3586; x_wconf 90' lang='lat' dir='ltr'><strong>et</strong></span> <span class='ocrx_word' id='word_1_366' title='bbox 1378 3515 1466 3585; x_wconf 88' lang='lat' dir='ltr'><strong>alias</strong></span> <span class='ocrx_word' id='word_1_367' title='bbox 1483 3516 1582 3608; x_wconf 88' lang='lat' dir='ltr'><strong>plus,</strong></span> <span class='ocrx_word' id='word_1_368' title='bbox 1607 3518 1695 3591; x_wconf 87' lang='lat' dir='ltr'><strong>alias</strong></span> <span class='ocrx_word' id='word_1_369' title='bbox 1711 3524 1831 3595; x_wconf 88' lang='lat' dir='ltr'><strong>minus</strong></span> <span class='ocrx_word' id='word_1_370' title='bbox 1853 3542 1904 3599; x_wconf 90' lang='grc' dir='ltr'><strong>εει</strong></span> <span class='ocrx_word' id='word_1_371' title='bbox 1926 3533 2106 3624; x_wconf 86' lang='lat' dir='ltr'><strong>caliginis,</strong></span> <span class='ocrx_word' id='word_1_372' title='bbox 2132 3554 2250 3631; x_wconf 84' lang='lat' dir='ltr'><strong>tamen</strong></span> <span class='ocrx_word' id='word_1_373' title='bbox 2275 3544 2312 3614; x_wconf 90' lang='lat' dir='ltr'><strong>in</strong></span> 
     </span>
     <span class='ocr_line' id='line_1_29' title="bbox 388 3612 2312 3731; baseline 0.016 -44"><span class='ocrx_word' id='word_1_374' title='bbox 388 3617 522 3689; x_wconf 91' lang='lat' dir='ltr'><strong>Prima:</strong></span> <span class='ocrx_word' id='word_1_375' title='bbox 550 3612 610 3689; x_wconf 82' lang='lat' dir='ltr'><strong>An</strong></span> <span class='ocrx_word' id='word_1_376' title='bbox 633 3615 673 3685; x_wconf 92' lang='lat' dir='ltr'><strong>in</strong></span> <span class='ocrx_word' id='word_1_377' title='bbox 691 3638 731 3687; x_wconf 89' lang='lat' dir='ltr'><strong>ea</strong></span> <span class='ocrx_word' id='word_1_378' title='bbox 745 3615 793 3688; x_wconf 88' lang='lat' dir='ltr'><strong>sit</strong></span> <span class='ocrx_word' id='word_1_379' title='bbox 809 3615 938 3686; x_wconf 84' lang='lat' dir='ltr'><strong>veritas</strong></span> <span class='ocrx_word' id='word_1_380' title='bbox 960 3638 1096 3707; x_wconf 83' lang='lat' dir='ltr'><strong>semper</strong></span> <span class='ocrx_word' id='word_1_381' title='bbox 1117 3618 1195 3689; x_wconf 88' lang='lat' dir='ltr'><strong>sine</strong></span> <span class='ocrx_word' id='word_1_382' title='bbox 1214 3644 1271 3691; x_wconf 90' lang='lat' dir='ltr'><strong>er·</strong></span> <span class='ocrx_word' id='word_1_383' title='bbox 1324 3613 1390 3688; x_wconf 87' lang='lat' dir='ltr'><strong>hac</strong></span> <span class='ocrx_word' id='word_1_384' title='bbox 1404 3621 1578 3691; x_wconf 89' lang='lat' dir='ltr'><strong>retinetur</strong></span> <span class='ocrx_word' id='word_1_385' title='bbox 1592 3621 1884 3715; x_wconf 83' lang='lat' dir='ltr'><strong>fundamentum,</strong></span> <span class='ocrx_word' id='word_1_386' title='bbox 1904 3634 2039 3730; x_wconf 86' lang='lat' dir='ltr'><strong>alioqui</strong></span> <span class='ocrx_word' id='word_1_387' title='bbox 2057 3664 2200 3731; x_wconf 89' lang='lat' dir='ltr'><strong>prorsus</strong></span> <span class='ocrx_word' id='word_1_388' title='bbox 2214 3646 2312 3718; x_wconf 92' lang='lat' dir='ltr'><strong>nulla</strong></span> 
     </span>
     <span class='ocr_line' id='line_1_30' title="bbox 304 3716 2311 3847; baseline 0.019 -75"><span class='ocrx_word' id='word_1_389' title='bbox 304 3719 436 3795; x_wconf 54' lang='lat' dir='ltr'><strong>nibus,</strong></span> <span class='ocrx_word' id='word_1_390' title='bbox 1060 3794 1067 3803; x_wconf 24' lang='lat'><strong><em>⁶</em></strong></span> <span class='ocrx_word' id='word_1_391' title='bbox 1215 3792 1219 3799; x_wconf 57' lang='grc'><strong>,</strong></span> <span class='ocrx_word' id='word_1_392' title='bbox 1325 3716 1592 3795; x_wconf 88' lang='lat' dir='ltr'><strong>essetEcclesia.</strong></span> <span class='ocrx_word' id='word_1_393' title='bbox 1645 3723 2311 3847; x_wconf 61' lang='lat' dir='ltr'><strong>Sempergptgmaliquusesseelectoa</strong></span> 
     </span>
     <span class='ocr_line' id='line_1_31' title="bbox 381 3818 2310 3927; baseline 0.015 -33"><span class='ocrx_word' id='word_1_394' title='bbox 381 3823 563 3895; x_wconf 86' lang='lat' dir='ltr'><strong>Secunda:</strong></span> <span class='ocrx_word' id='word_1_395' title='bbox 592 3818 719 3910; x_wconf 84' lang='lat' dir='ltr'><strong>Qualis</strong></span> <span class='ocrx_word' id='word_1_396' title='bbox 732 3820 778 3890; x_wconf 87' lang='lat' dir='ltr'><strong>sit</strong></span> <span class='ocrx_word' id='word_1_397' title='bbox 794 3831 946 3912; x_wconf 88' lang='lat' dir='ltr'><strong>potestas</strong></span> <span class='ocrx_word' id='word_1_398' title='bbox 960 3819 1219 3894; x_wconf 85' lang='lat' dir='ltr'><strong>ministrorum.</strong></span> <span class='ocrx_word' id='word_1_399' title='bbox 1323 3825 1479 3894; x_wconf 89' lang='lat' dir='ltr'><strong>ostendit</strong></span> <span class='ocrx_word' id='word_1_400' title='bbox 1495 3819 1683 3913; x_wconf 86' lang='lat' dir='ltr'><strong>Dominus,</strong></span> <span class='ocrx_word' id='word_1_401' title='bbox 1699 3852 1779 3898; x_wconf 92' lang='lat' dir='ltr'><strong>cum</strong></span> <span class='ocrx_word' id='word_1_402' title='bbox 1798 3832 2097 3927; x_wconf 88' lang='lat' dir='ltr'><strong>irtquitMatthaei</strong></span> <span class='ocrx_word' id='word_1_403' title='bbox 2113 3843 2194 3920; x_wconf 76' lang='lat'><strong>24.:</strong></span> <span class='ocrx_word' id='word_1_404' title='bbox 2218 3847 2310 3922; x_wconf 89' lang='lat' dir='ltr'><strong>Bre-</strong></span> 
     </span>
     <span class='ocr_line' id='line_1_32' title="bbox 382 3919 2312 4045; baseline 0.016 -50"><span class='ocrx_word' id='word_1_405' title='bbox 382 3924 526 3996; x_wconf 87' lang='lat' dir='ltr'><strong>Tertia:</strong></span> <span class='ocrx_word' id='word_1_406' title='bbox 554 3922 656 4013; x_wconf 85' lang='lat' dir='ltr'><strong>Quae</strong></span> <span class='ocrx_word' id='word_1_407' title='bbox 679 3924 727 3995; x_wconf 89' lang='lat' dir='ltr'><strong>sit</strong></span> <span class='ocrx_word' id='word_1_408' title='bbox 744 3922 916 3995; x_wconf 86' lang='lat' dir='ltr'><strong>autoritas</strong></span> <span class='ocrx_word' id='word_1_409' title='bbox 938 3922 977 3991; x_wconf 92' lang='lat' dir='ltr'><strong>in</strong></span> <span class='ocrx_word' id='word_1_410' title='bbox 996 3924 1210 4015; x_wconf 85' lang='lat' dir='ltr'><strong>iudicando,</strong></span> <span class='ocrx_word' id='word_1_411' title='bbox 1237 3937 1271 3998; x_wconf 92' lang='grc' dir='ltr'><strong>ει</strong></span> <span class='ocrx_word' id='word_1_412' title='bbox 1323 3926 1519 3995; x_wconf 87' lang='lat' dir='ltr'><strong>viabuntnr</strong></span> <span class='ocrx_word' id='word_1_413' title='bbox 1534 3919 1571 3995; x_wconf 91' lang='lat' dir='ltr'><strong>hi</strong></span> <span class='ocrx_word' id='word_1_414' title='bbox 1586 3929 1662 3997; x_wconf 89' lang='lat' dir='ltr'><strong>dies</strong></span> <span class='ocrx_word' id='word_1_415' title='bbox 1684 3945 1828 4022; x_wconf 88' lang='lat' dir='ltr'><strong>propter</strong></span> <span class='ocrx_word' id='word_1_416' title='bbox 1851 3938 1992 4016; x_wconf 89' lang='lat' dir='ltr'><strong>electos.</strong></span> <span class='ocrx_word' id='word_1_417' title='bbox 2045 3941 2151 4035; x_wconf 89' lang='lat' dir='ltr'><strong>Item,</strong></span> <span class='ocrx_word' id='word_1_418' title='bbox 2172 3975 2312 4045; x_wconf 88' lang='lat' dir='ltr'><strong>semper</strong></span> 
     </span>
     <span class='ocr_line' id='line_1_33' title="bbox 301 4027 2311 4129; baseline 0.025 -53"><span class='ocrx_word' id='word_1_419' title='bbox 301 4054 310 4097; x_wconf 82' lang='lat'><strong>,</strong></span> <span class='ocrx_word' id='word_1_420' title='bbox 337 4028 645 4122; x_wconf 49' lang='lat' dir='ltr'><strong>interpretamus,</strong></span> <span class='ocrx_word' id='word_1_421' title='bbox 1323 4049 1428 4097; x_wconf 83' lang='lat' dir='ltr'><strong>verus</strong></span> <span class='ocrx_word' id='word_1_422' title='bbox 1445 4041 1496 4097; x_wconf 90' lang='lat' dir='ltr'><strong>est</strong></span> <span class='ocrx_word' id='word_1_423' title='bbox 1513 4028 1683 4117; x_wconf 84' lang='lat' dir='ltr'><strong>articulus</strong></span> <span class='ocrx_word' id='word_1_424' title='bbox 1707 4027 1807 4103; x_wconf 83' lang='lat' dir='ltr'><strong>fidei:</strong></span> <span class='ocrx_word' id='word_1_425' title='bbox 1842 4034 1958 4112; x_wconf 87' lang='lat' dir='ltr'><strong>Credo</strong></span> <span class='ocrx_word' id='word_1_426' title='bbox 1976 4068 2049 4117; x_wconf 89' lang='lat' dir='ltr'><strong>esse</strong></span> <span class='ocrx_word' id='word_1_427' title='bbox 2065 4065 2222 4129; x_wconf 89' lang='lat' dir='ltr'><strong>sanctam</strong></span> <span class='ocrx_word' id='word_1_428' title='bbox 2239 4051 2311 4127; x_wconf 87' lang='lat' dir='ltr'><strong>Ec-</strong></span> 
     </span>
     <span class='ocr_line' id='line_1_34' title="bbox 1053 4122 2307 4235; baseline 0.03 -42"><span class='ocrx_word' id='word_1_429' title='bbox 1053 4122 1060 4144; x_wconf 83' lang='lat'>&#39;</span> <span class='ocrx_word' id='word_1_430' title='bbox 1322 4129 1464 4197; x_wconf 88' lang='lat' dir='ltr'><strong>clesiam</strong></span> <span class='ocrx_word' id='word_1_431' title='bbox 1487 4122 1709 4208; x_wconf 87' lang='lat' dir='ltr'><strong>catholicam.</strong></span> <span class='ocrx_word' id='word_1_432' title='bbox 1769 4135 1875 4211; x_wconf 84' lang='lat' dir='ltr'><strong>item:</strong></span> <span class='ocrx_word' id='word_1_433' title='bbox 1915 4140 1993 4235; x_wconf 82' lang='lat' dir='ltr'><strong>Ego</strong></span> <span class='ocrx_word' id='word_1_434' title='bbox 2015 4152 2200 4225; x_wconf 85' lang='lat' dir='ltr'><strong>vobiscum</strong></span> <span class='ocrx_word' id='word_1_435' title='bbox 2228 4180 2307 4229; x_wconf 92' lang='lat' dir='ltr'><strong>sum</strong></span> 
     </span>
     <span class='ocr_line' id='line_1_35' title="bbox 1322 4232 2310 4341; baseline 0.027 -42"><span class='ocrx_word' id='word_1_436' title='bbox 1322 4232 1498 4324; x_wconf 88' lang='lat' dir='ltr'><strong>usquead</strong></span> <span class='ocrx_word' id='word_1_437' title='bbox 1519 4238 1860 4311; x_wconf 84' lang='lat' dir='ltr'><strong>consummationem</strong></span> <span class='ocrx_word' id='word_1_438' title='bbox 1875 4248 1995 4321; x_wconf 83' lang='lat' dir='ltr'><strong>seculi.</strong></span> <span class='ocrx_word' id='word_1_439' title='bbox 2048 4250 2159 4341; x_wconf 89' lang='lat' dir='ltr'><strong>ltem,</strong></span> <span class='ocrx_word' id='word_1_440' title='bbox 2184 4258 2310 4333; x_wconf 80' lang='lat' dir='ltr'><strong>Esaiae</strong></span> 
     </span>
     <span class='ocr_line' id='line_1_36' title="bbox 1320 4330 2308 4437; baseline 0.029 -34"><span class='ocrx_word' id='word_1_441' title='bbox 1320 4330 1402 4407; x_wconf 69' lang='lat' dir='ltr'><strong>dib:</strong></span> <span class='ocrx_word' id='word_1_442' title='bbox 1428 4330 1508 4402; x_wconf 91' lang='lat' dir='ltr'><strong>Huc</strong></span> <span class='ocrx_word' id='word_1_443' title='bbox 1528 4347 1580 4405; x_wconf 90' lang='lat' dir='ltr'><strong>est</strong></span> <span class='ocrx_word' id='word_1_444' title='bbox 1596 4334 1722 4409; x_wconf 78' lang='lat' dir='ltr'><strong>foedus</strong></span> <span class='ocrx_word' id='word_1_445' title='bbox 1743 4365 1860 4413; x_wconf 88' lang='lat' dir='ltr'><strong>meum</strong></span> <span class='ocrx_word' id='word_1_446' title='bbox 1880 4350 2046 4437; x_wconf 89' lang='lat' dir='ltr'><strong>cumeis,</strong></span> <span class='ocrx_word' id='word_1_447' title='bbox 2070 4355 2158 4427; x_wconf 91' lang='lat' dir='ltr'><strong>dicit</strong></span> <span class='ocrx_word' id='word_1_448' title='bbox 2179 4361 2308 4432; x_wconf 89' lang='lat' dir='ltr'><strong>Domi-</strong></span> 
     </span>
     <span class='ocr_line' id='line_1_37' title="bbox 1321 4433 2309 4553; baseline 0.033 -51"><span class='ocrx_word' id='word_1_449' title='bbox 1321 4457 1407 4521; x_wconf 86' lang='lat' dir='ltr'><strong>nus,</strong></span> <span class='ocrx_word' id='word_1_450' title='bbox 1432 4433 1583 4525; x_wconf 84' lang='lat' dir='ltr'><strong>spiritus</strong></span> <span class='ocrx_word' id='word_1_451' title='bbox 1606 4462 1706 4509; x_wconf 91' lang='lat' dir='ltr'><strong>meus</strong></span> <span class='ocrx_word' id='word_1_452' title='bbox 1731 4443 1794 4535; x_wconf 91' lang='lat' dir='ltr'><strong>qui</strong></span> <span class='ocrx_word' id='word_1_453' title='bbox 1817 4460 1869 4515; x_wconf 90' lang='lat' dir='ltr'><strong>est</strong></span> <span class='ocrx_word' id='word_1_454' title='bbox 1893 4448 1933 4517; x_wconf 91' lang='lat' dir='ltr'><strong>in</strong></span> <span class='ocrx_word' id='word_1_455' title='bbox 1955 4465 2008 4537; x_wconf 90' lang='grc' dir='ltr'><strong>ιε,</strong></span> <span class='ocrx_word' id='word_1_456' title='bbox 2042 4447 2076 4525; x_wconf 79' lang='lat' dir='ltr'><strong>et</strong></span> <span class='ocrx_word' id='word_1_457' title='bbox 2096 4462 2203 4529; x_wconf 90' lang='lat' dir='ltr'><strong>verba</strong></span> <span class='ocrx_word' id='word_1_458' title='bbox 2222 4488 2309 4553; x_wconf 89' lang='lat' dir='ltr'><strong>msa,</strong></span> 
     </span>
     <span class='ocr_line' id='line_1_38' title="bbox 1321 4536 2305 4638; baseline 0.034 -33"><span class='ocrx_word' id='word_1_459' title='bbox 1321 4560 1411 4631; x_wconf 88' lang='lat' dir='ltr'><strong>quae</strong></span> <span class='ocrx_word' id='word_1_460' title='bbox 1426 4536 1530 4629; x_wconf 91' lang='lat' dir='ltr'><strong>posui</strong></span> <span class='ocrx_word' id='word_1_461' title='bbox 1545 4537 1583 4605; x_wconf 92' lang='lat' dir='ltr'><strong>in</strong></span> <span class='ocrx_word' id='word_1_462' title='bbox 1600 4562 1661 4609; x_wconf 89' lang='lat' dir='ltr'><strong>ore</strong></span> <span class='ocrx_word' id='word_1_463' title='bbox 1675 4556 1756 4629; x_wconf 89' lang='lat' dir='ltr'><strong>tuo,</strong></span> <span class='ocrx_word' id='word_1_464' title='bbox 1781 4568 1855 4615; x_wconf 91' lang='lat' dir='ltr'><strong>non</strong></span> <span class='ocrx_word' id='word_1_465' title='bbox 1872 4554 2037 4627; x_wconf 86' lang='lat' dir='ltr'><strong>recedent</strong></span> <span class='ocrx_word' id='word_1_466' title='bbox 2054 4558 2100 4629; x_wconf 86' lang='lat' dir='ltr'><strong>ab</strong></span> <span class='ocrx_word' id='word_1_467' title='bbox 2117 4580 2181 4631; x_wconf 87' lang='lat' dir='ltr'><strong>ore</strong></span> <span class='ocrx_word' id='word_1_468' title='bbox 2196 4578 2258 4635; x_wconf 91' lang='lat' dir='ltr'><strong>tuo</strong></span> <span class='ocrx_word' id='word_1_469' title='bbox 2273 4582 2305 4638; x_wconf 89' lang='lat' dir='ltr'><strong>et</strong></span> 
     </span>
     <span class='ocr_line' id='line_1_39' title="bbox 1319 4638 2307 4754; baseline 0.033 -46"><span class='ocrx_word' id='word_1_470' title='bbox 1319 4640 1366 4708; x_wconf 90' lang='lat' dir='ltr'><strong>ab</strong></span> <span class='ocrx_word' id='word_1_471' title='bbox 1387 4662 1450 4709; x_wconf 91' lang='lat' dir='ltr'><strong>ore</strong></span> <span class='ocrx_word' id='word_1_472' title='bbox 1471 4638 1618 4715; x_wconf 87' lang='lat' dir='ltr'><strong>seminis</strong></span> <span class='ocrx_word' id='word_1_473' title='bbox 1641 4644 1713 4725; x_wconf 89' lang='lat' dir='ltr'><strong>tui,</strong></span> <span class='ocrx_word' id='word_1_474' title='bbox 1746 4646 1911 4742; x_wconf 87' lang='lat' dir='ltr'><strong>deinceps</strong></span> <span class='ocrx_word' id='word_1_475' title='bbox 1928 4668 1962 4726; x_wconf 90' lang='grc' dir='ltr'><strong>ει</strong></span> <span class='ocrx_word' id='word_1_476' title='bbox 1979 4654 2019 4726; x_wconf 89' lang='lat' dir='ltr'><strong>ib</strong></span> <span class='ocrx_word' id='word_1_477' title='bbox 2041 4664 2307 4754; x_wconf 90' lang='lat' dir='ltr'><strong>sempiternum.</strong></span> 
     </span>
     <span class='ocr_line' id='line_1_40' title="bbox 363 4732 2306 4843; baseline 0.017 -33"><span class='ocrx_word' id='word_1_478' title='bbox 363 4742 614 4833; x_wconf 79' lang='lat' dir='ltr'><strong>Respondent</strong></span> <span class='ocrx_word' id='word_1_479' title='bbox 638 4733 716 4806; x_wconf 89' lang='lat' dir='ltr'><strong>Has</strong></span> <span class='ocrx_word' id='word_1_480' title='bbox 732 4732 1012 4826; x_wconf 87' lang='lat' dir='ltr'><strong>propositiones,</strong></span> <span class='ocrx_word' id='word_1_481' title='bbox 1037 4734 1194 4807; x_wconf 88' lang='lat' dir='ltr'><strong>Ecclesia</strong></span> <span class='ocrx_word' id='word_1_482' title='bbox 1210 4762 1267 4809; x_wconf 88' lang='lat' dir='ltr'><strong>er·</strong></span> <span class='ocrx_word' id='word_1_483' title='bbox 1319 4735 1450 4814; x_wconf 88' lang='lat' dir='ltr'><strong>Matth.</strong></span> <span class='ocrx_word' id='word_1_484' title='bbox 1468 4740 1545 4815; x_wconf 79' lang='lat'><strong>24.:</strong></span> <span class='ocrx_word' id='word_1_485' title='bbox 1572 4740 1616 4813; x_wconf 92' lang='lat' dir='ltr'><strong>ln</strong></span> <span class='ocrx_word' id='word_1_486' title='bbox 1632 4747 1788 4819; x_wconf 89' lang='lat' dir='ltr'><strong>adventu</strong></span> <span class='ocrx_word' id='word_1_487' title='bbox 1804 4750 1869 4819; x_wconf 85' lang='lat' dir='ltr'><strong>filii</strong></span> <span class='ocrx_word' id='word_1_488' title='bbox 1888 4748 2046 4829; x_wconf 91' lang='lat' dir='ltr'><strong>hominis</strong></span> <span class='ocrx_word' id='word_1_489' title='bbox 2060 4761 2135 4834; x_wconf 89' lang='lat' dir='ltr'><strong>duo</strong></span> <span class='ocrx_word' id='word_1_490' title='bbox 2148 4768 2253 4842; x_wconf 89' lang='lat' dir='ltr'><strong>erudt</strong></span> <span class='ocrx_word' id='word_1_491' title='bbox 2267 4771 2306 4843; x_wconf 93' lang='lat' dir='ltr'><strong>in</strong></span> 
     </span>
     <span class='ocr_line' id='line_1_41' title="bbox 298 4832 2144 4955; baseline 0.014 -41"><span class='ocrx_word' id='word_1_492' title='bbox 298 4867 328 4930; x_wconf 72' lang='lat' dir='ltr'><strong>t,</strong></span> <span class='ocrx_word' id='word_1_493' title='bbox 362 4848 466 4915; x_wconf 89' lang='lat' dir='ltr'><strong>item</strong></span> <span class='ocrx_word' id='word_1_494' title='bbox 494 4839 652 4913; x_wconf 88' lang='lat' dir='ltr'><strong>Ecclesia</strong></span> <span class='ocrx_word' id='word_1_495' title='bbox 677 4850 732 4907; x_wconf 88' lang='lat' dir='ltr'><strong>est</strong></span> <span class='ocrx_word' id='word_1_496' title='bbox 752 4836 917 4906; x_wconf 89' lang='lat' dir='ltr'><strong>columna</strong></span> <span class='ocrx_word' id='word_1_497' title='bbox 932 4849 967 4906; x_wconf 90' lang='grc' dir='ltr'><strong>ει</strong></span> <span class='ocrx_word' id='word_1_498' title='bbox 982 4838 1082 4906; x_wconf 90' lang='lat' dir='ltr'><strong>sedes</strong></span> <span class='ocrx_word' id='word_1_499' title='bbox 1097 4839 1268 4924; x_wconf 87' lang='lat' dir='ltr'><strong>veritatis,</strong></span> <span class='ocrx_word' id='word_1_500' title='bbox 1319 4832 1422 4935; x_wconf 81' lang='lat' dir='ltr'><strong>agr&#39;o,</strong></span> <span class='ocrx_word' id='word_1_501' title='bbox 1446 4864 1540 4913; x_wconf 92' lang='lat' dir='ltr'><strong>unus</strong></span> <span class='ocrx_word' id='word_1_502' title='bbox 1560 4860 1775 4936; x_wconf 89' lang='lat' dir='ltr'><strong>assumetur,</strong></span> <span class='ocrx_word' id='word_1_503' title='bbox 1800 4852 1889 4926; x_wconf 88' lang='lat' dir='ltr'><strong>alter</strong></span> <span class='ocrx_word' id='word_1_504' title='bbox 1909 4859 2144 4955; x_wconf 88' lang='lat' dir='ltr'><strong>relinquetur.</strong></span> 
     </span>
     <span class='ocr_line' id='line_1_42' title="bbox 298 4937 2305 5047; baseline 0.016 -32"><span class='ocrx_word' id='word_1_505' title='bbox 298 4966 342 5021; x_wconf 87' lang='lat' dir='ltr'><strong>ne</strong></span> <span class='ocrx_word' id='word_1_506' title='bbox 361 4937 644 5041; x_wconf 88' lang='lat' dir='ltr'><strong>synecdochae,</strong></span> <span class='ocrx_word' id='word_1_507' title='bbox 677 4953 713 5011; x_wconf 88' lang='lat' dir='ltr'><strong>et</strong></span> <span class='ocrx_word' id='word_1_508' title='bbox 735 4937 805 5009; x_wconf 91' lang='lat' dir='ltr'><strong>alia</strong></span> <span class='ocrx_word' id='word_1_509' title='bbox 821 4942 866 5007; x_wconf 92' lang='lat' dir='ltr'><strong>de</strong></span> <span class='ocrx_word' id='word_1_510' title='bbox 888 4937 970 5008; x_wconf 88' lang='lat' dir='ltr'><strong>aliis</strong></span> <span class='ocrx_word' id='word_1_511' title='bbox 986 4940 1267 5030; x_wconf 87' lang='lat' dir='ltr'><strong>congregationi·</strong></span> <span class='ocrx_word' id='word_1_512' title='bbox 1421 4939 1500 5016; x_wconf 85' lang='lat' dir='ltr'><strong>Etsi</strong></span> <span class='ocrx_word' id='word_1_513' title='bbox 1516 4960 1632 5017; x_wconf 91' lang='lat' dir='ltr'><strong>autem</strong></span> <span class='ocrx_word' id='word_1_514' title='bbox 1647 4963 1684 5022; x_wconf 92' lang='lat' dir='ltr'><strong>et</strong></span> <span class='ocrx_word' id='word_1_515' title='bbox 1699 4946 1786 5023; x_wconf 90' lang='lat' dir='ltr'><strong>haec</strong></span> <span class='ocrx_word' id='word_1_516' title='bbox 1801 4976 1883 5027; x_wconf 85' lang='lat' dir='ltr'><strong>vera</strong></span> <span class='ocrx_word' id='word_1_517' title='bbox 1896 4954 2054 5034; x_wconf 79' lang='lat' dir='ltr'><strong>Ecclesia</strong></span> <span class='ocrx_word' id='word_1_518' title='bbox 2070 4968 2144 5041; x_wconf 88' lang='lat' dir='ltr'><strong>edit</strong></span> <span class='ocrx_word' id='word_1_519' title='bbox 2166 4974 2305 5047; x_wconf 88' lang='lat' dir='ltr'><strong>coales-</strong></span> 
     </span>
     <span class='ocr_line' id='line_1_43' title="bbox 301 5041 2338 5151; baseline 0.013 -29"><span class='ocrx_word' id='word_1_520' title='bbox 301 5077 322 5123; x_wconf 92' lang='lat' dir='ltr'><strong>s</strong></span> <span class='ocrx_word' id='word_1_521' title='bbox 346 5048 602 5137; x_wconf 85' lang='lat' dir='ltr'><strong>intelligitur,</strong></span> <span class='ocrx_word' id='word_1_522' title='bbox 625 5056 660 5114; x_wconf 90' lang='lat' dir='ltr'><strong>et</strong></span> <span class='ocrx_word' id='word_1_523' title='bbox 675 5044 875 5135; x_wconf 90' lang='lat' dir='ltr'><strong>loquuntur</strong></span> <span class='ocrx_word' id='word_1_524' title='bbox 896 5041 941 5112; x_wconf 89' lang='lat' dir='ltr'><strong>de</strong></span> <span class='ocrx_word' id='word_1_525' title='bbox 958 5042 1106 5112; x_wconf 69' lang='lat' dir='ltr'><strong>dirersis</strong></span> <span class='ocrx_word' id='word_1_526' title='bbox 1127 5044 1266 5133; x_wconf 83' lang='lat' dir='ltr'><strong>generi·</strong></span> <span class='ocrx_word' id='word_1_527' title='bbox 1318 5045 1476 5133; x_wconf 88' lang='lat' dir='ltr'><strong>sionem,</strong></span> <span class='ocrx_word' id='word_1_528' title='bbox 1502 5050 1688 5121; x_wconf 83' lang='lat' dir='ltr'><strong>exauditur</strong></span> <span class='ocrx_word' id='word_1_529' title='bbox 1703 5067 1736 5125; x_wconf 91' lang='lat' dir='ltr'><strong>et</strong></span> <span class='ocrx_word' id='word_1_530' title='bbox 1751 5058 1986 5151; x_wconf 88' lang='lat' dir='ltr'><strong>conspicitur,</strong></span> <span class='ocrx_word' id='word_1_531' title='bbox 2014 5079 2129 5139; x_wconf 89' lang='lat' dir='ltr'><strong>tamen</strong></span> <span class='ocrx_word' id='word_1_532' title='bbox 2148 5096 2224 5143; x_wconf 88' lang='lat' dir='ltr'><strong>eam</strong></span> <span class='ocrx_word' id='word_1_533' title='bbox 2243 5078 2304 5151; x_wconf 93' lang='lat' dir='ltr'><strong>illa</strong></span> <span class='ocrx_word' id='word_1_534' title='bbox 2333 5094 2338 5106; x_wconf 87' lang='lat'>&#39;</span> 
     </span>
     <span class='ocr_line' id='line_1_44' title="bbox 299 5148 2305 5255; baseline 0.025 -54"><span class='ocrx_word' id='word_1_535' title='bbox 299 5181 317 5227; x_wconf 47' lang='grc' dir='ltr'><strong>ὅ</strong></span> <span class='ocrx_word' id='word_1_536' title='bbox 344 5174 545 5223; x_wconf 59' lang='lat' dir='ltr'><strong>errorum,</strong></span> <span class='ocrx_word' id='word_1_537' title='bbox 951 5172 958 5183; x_wconf 91' lang='lat'><strong>·</strong></span> <span class='ocrx_word' id='word_1_538' title='bbox 1318 5148 1537 5220; x_wconf 77' lang='lat' dir='ltr'><strong>dominatrix</strong></span> <span class='ocrx_word' id='word_1_539' title='bbox 1557 5149 1741 5247; x_wconf 83' lang='lat' dir='ltr'><strong>Synagoga</strong></span> <span class='ocrx_word' id='word_1_540' title='bbox 1769 5155 1874 5249; x_wconf 87' lang='lat' dir='ltr'><strong>lunge</strong></span> <span class='ocrx_word' id='word_1_541' title='bbox 1901 5181 2045 5255; x_wconf 88' lang='lat' dir='ltr'><strong>superat</strong></span> <span class='ocrx_word' id='word_1_542' title='bbox 2067 5175 2305 5253; x_wconf 82' lang='lat' dir='ltr'><strong>&#39;multitudine</strong></span> 
     </span>
     <span class='ocr_line' id='line_1_45' title="bbox 360 5241 2304 5371; baseline 0.016 -52"><span class='ocrx_word' id='word_1_543' title='bbox 360 5256 497 5345; x_wconf 85' lang='lat' dir='ltr'><strong>Saepe</strong></span> <span class='ocrx_word' id='word_1_544' title='bbox 523 5241 573 5321; x_wconf 79' lang='grc' dir='ltr'><strong>εει</strong></span> <span class='ocrx_word' id='word_1_545' title='bbox 595 5269 722 5337; x_wconf 88' lang='lat' dir='ltr'><strong>magna</strong></span> <span class='ocrx_word' id='word_1_546' title='bbox 748 5244 962 5328; x_wconf 90' lang='lat' dir='ltr'><strong>multitudo,</strong></span> <span class='ocrx_word' id='word_1_547' title='bbox 1003 5270 1094 5341; x_wconf 89' lang='lat' dir='ltr'><strong>quae</strong></span> <span class='ocrx_word' id='word_1_548' title='bbox 1123 5246 1264 5353; x_wconf 83' lang='lat' dir='ltr'><strong>titulum</strong></span> <span class='ocrx_word' id='word_1_549' title='bbox 1318 5264 1352 5319; x_wconf 94' lang='grc' dir='ltr'><strong>ει</strong></span> <span class='ocrx_word' id='word_1_550' title='bbox 1364 5251 1570 5341; x_wconf 89' lang='lat' dir='ltr'><strong>splendore,</strong></span> <span class='ocrx_word' id='word_1_551' title='bbox 1604 5268 1817 5349; x_wconf 85' lang='lat' dir='ltr'><strong>uttempore</strong></span> <span class='ocrx_word' id='word_1_552' title='bbox 1831 5265 2006 5353; x_wconf 88' lang='lat' dir='ltr'><strong>passionis</strong></span> <span class='ocrx_word' id='word_1_553' title='bbox 2020 5268 2155 5346; x_wconf 87' lang='lat' dir='ltr'><strong>Christi</strong></span> <span class='ocrx_word' id='word_1_554' title='bbox 2178 5301 2304 5371; x_wconf 84' lang='lat' dir='ltr'><strong>magna</strong></span> 
     </span>
     <span class='ocr_line' id='line_1_46' title="bbox 299 5344 2304 5463; baseline 0.011 -34"><span class='ocrx_word' id='word_1_555' title='bbox 299 5364 369 5433; x_wconf 87' lang='lat' dir='ltr'><strong>bet</strong></span> <span class='ocrx_word' id='word_1_556' title='bbox 399 5353 610 5432; x_wconf 86' lang='lat' dir='ltr'><strong>Ecclesiae,</strong></span> <span class='ocrx_word' id='word_1_557' title='bbox 634 5371 724 5443; x_wconf 87' lang='lat' dir='ltr'><strong>quae</strong></span> <span class='ocrx_word' id='word_1_558' title='bbox 740 5360 857 5417; x_wconf 89' lang='lat' dir='ltr'><strong>tamen</strong></span> <span class='ocrx_word' id='word_1_559' title='bbox 875 5362 1018 5419; x_wconf 89' lang='lat' dir='ltr'><strong>nonest</strong></span> <span class='ocrx_word' id='word_1_560' title='bbox 1041 5345 1121 5418; x_wconf 80' lang='lat' dir='ltr'><strong>vera</strong></span> <span class='ocrx_word' id='word_1_561' title='bbox 1141 5344 1265 5419; x_wconf 88' lang='lat' dir='ltr'><strong>Eccle-</strong></span> <span class='ocrx_word' id='word_1_562' title='bbox 1318 5367 1393 5423; x_wconf 87' lang='lat' dir='ltr'><strong>erat</strong></span> <span class='ocrx_word' id='word_1_563' title='bbox 1408 5353 1576 5443; x_wconf 91' lang='lat' dir='ltr'><strong>paucitas.</strong></span> <span class='ocrx_word' id='word_1_564' title='bbox 1616 5352 1666 5427; x_wconf 87' lang='lat' dir='ltr'><strong>Et</strong></span> <span class='ocrx_word' id='word_1_565' title='bbox 1681 5353 1805 5431; x_wconf 90' lang='lat' dir='ltr'><strong>Esaias</strong></span> <span class='ocrx_word' id='word_1_566' title='bbox 1821 5362 1939 5459; x_wconf 89' lang='lat' dir='ltr'><strong>inquit</strong></span> <span class='ocrx_word' id='word_1_567' title='bbox 1956 5394 2032 5463; x_wconf 88' lang='lat' dir='ltr'><strong>cap.</strong></span> <span class='ocrx_word' id='word_1_568' title='bbox 2055 5377 2103 5445; x_wconf 89' lang='lat' dir='ltr'><strong>l.:</strong></span> <span class='ocrx_word' id='word_1_569' title='bbox 2130 5376 2208 5447; x_wconf 88' lang='lat' dir='ltr'><strong>Nisi</strong></span> <span class='ocrx_word' id='word_1_570' title='bbox 2228 5382 2304 5455; x_wconf 86' lang='lat' dir='ltr'><strong>Do.</strong></span> 
     </span>
     <span class='ocr_line' id='line_1_47' title="bbox 308 5449 2305 5557; baseline 0.014 -27"><span class='ocrx_word' id='word_1_571' title='bbox 308 5518 320 5550; x_wconf 89' lang='lat'><strong>,</strong></span> <span class='ocrx_word' id='word_1_572' title='bbox 358 5462 435 5531; x_wconf 85' lang='lat' dir='ltr'><strong>sed</strong></span> <span class='ocrx_word' id='word_1_573' title='bbox 455 5469 579 5528; x_wconf 87' lang='lat' dir='ltr'><strong>coetus</strong></span> <span class='ocrx_word' id='word_1_574' title='bbox 594 5449 734 5523; x_wconf 90' lang='lat' dir='ltr'><strong>hostilis</strong></span> <span class='ocrx_word' id='word_1_575' title='bbox 748 5449 881 5519; x_wconf 90' lang='lat' dir='ltr'><strong>bellum</strong></span> <span class='ocrx_word' id='word_1_576' title='bbox 895 5472 1020 5538; x_wconf 89' lang='lat' dir='ltr'><strong>gerens</strong></span> <span class='ocrx_word' id='word_1_577' title='bbox 1035 5475 1111 5521; x_wconf 90' lang='lat' dir='ltr'><strong>eum</strong></span> <span class='ocrx_word' id='word_1_578' title='bbox 1135 5450 1265 5526; x_wconf 90' lang='lat' dir='ltr'><strong>electis.</strong></span> <span class='ocrx_word' id='word_1_579' title='bbox 1318 5455 1436 5524; x_wconf 90' lang='lat' dir='ltr'><strong>minus</strong></span> <span class='ocrx_word' id='word_1_580' title='bbox 1448 5454 1649 5548; x_wconf 86' lang='lat' dir='ltr'><strong>reliquisset</strong></span> <span class='ocrx_word' id='word_1_581' title='bbox 1664 5462 1915 5544; x_wconf 75' lang='lat' dir='ltr'><strong>nobiaremen.</strong></span> <span class='ocrx_word' id='word_1_582' title='bbox 1964 5468 2014 5543; x_wconf 89' lang='lat' dir='ltr'><strong>Et</strong></span> <span class='ocrx_word' id='word_1_583' title='bbox 2029 5471 2087 5545; x_wconf 88' lang='lat' dir='ltr'><strong>hic</strong></span> <span class='ocrx_word' id='word_1_584' title='bbox 2101 5481 2305 5557; x_wconf 85' lang='lat' dir='ltr'><strong>considere·</strong></span> 
     </span>
     <span class='ocr_line' id='line_1_48' title="bbox 300 5546 2300 5661; baseline 0.012 -24"><span class='ocrx_word' id='word_1_585' title='bbox 300 5580 360 5637; x_wconf 85' lang='lat' dir='ltr'><strong>:ut</strong></span> <span class='ocrx_word' id='word_1_586' title='bbox 413 5573 528 5633; x_wconf 87' lang='lat' dir='ltr'><strong>erant</strong></span> <span class='ocrx_word' id='word_1_587' title='bbox 560 5555 769 5634; x_wconf 88' lang='lat' dir='ltr'><strong>Pontifices,</strong></span> <span class='ocrx_word' id='word_1_588' title='bbox 813 5546 1013 5639; x_wconf 87' lang='lat' dir='ltr'><strong>Pharisaei,</strong></span> <span class='ocrx_word' id='word_1_589' title='bbox 1054 5552 1266 5640; x_wconf 87' lang='lat' dir='ltr'><strong>Sadducaei,</strong></span> <span class='ocrx_word' id='word_1_590' title='bbox 1317 5570 1377 5626; x_wconf 90' lang='lat' dir='ltr'><strong>tur</strong></span> <span class='ocrx_word' id='word_1_591' title='bbox 1397 5558 1567 5627; x_wconf 90' lang='lat' dir='ltr'><strong>immensa</strong></span> <span class='ocrx_word' id='word_1_592' title='bbox 1586 5559 1826 5635; x_wconf 88' lang='lat' dir='ltr'><strong>honitasDei:</strong></span> <span class='ocrx_word' id='word_1_593' title='bbox 1852 5569 1941 5643; x_wconf 91' lang='lat' dir='ltr'><strong>sicut</strong></span> <span class='ocrx_word' id='word_1_594' title='bbox 1961 5576 2111 5647; x_wconf 89' lang='lat' dir='ltr'><strong>enimin</strong></span> <span class='ocrx_word' id='word_1_595' title='bbox 2129 5577 2300 5661; x_wconf 85' lang='lat' dir='ltr'><strong>Paradiso</strong></span> 
     </span>
     <span class='ocr_line' id='line_1_49' title="bbox 301 5652 2303 5767; baseline 0.013 -29"><span class='ocrx_word' id='word_1_596' title='bbox 301 5692 436 5761; x_wconf 86' lang='lat' dir='ltr'><strong>opore</strong></span> <span class='ocrx_word' id='word_1_597' title='bbox 455 5655 662 5733; x_wconf 85' lang='lat' dir='ltr'><strong>Zachariae.</strong></span> <span class='ocrx_word' id='word_1_598' title='bbox 705 5653 755 5725; x_wconf 88' lang='lat' dir='ltr'><strong>lli</strong></span> <span class='ocrx_word' id='word_1_599' title='bbox 772 5675 836 5723; x_wconf 91' lang='lat' dir='ltr'><strong>nec</strong></span> <span class='ocrx_word' id='word_1_600' title='bbox 850 5652 1116 5744; x_wconf 83' lang='lat' dir='ltr'><strong>fundamentum</strong></span> <span class='ocrx_word' id='word_1_601' title='bbox 1129 5656 1265 5726; x_wconf 83' lang='lat' dir='ltr'><strong>retine·</strong></span> <span class='ocrx_word' id='word_1_602' title='bbox 1317 5658 1612 5729; x_wconf 78' lang='lat' dir='ltr'><strong>diabolusuosum</strong></span> <span class='ocrx_word' id='word_1_603' title='bbox 1635 5684 1746 5751; x_wconf 84' lang='lat' dir='ltr'><strong>genus</strong></span> <span class='ocrx_word' id='word_1_604' title='bbox 1761 5661 1968 5749; x_wconf 85' lang='lat' dir='ltr'><strong>humanum</strong></span> <span class='ocrx_word' id='word_1_605' title='bbox 1986 5680 2132 5767; x_wconf 89' lang='lat' dir='ltr'><strong>perdere</strong></span> <span class='ocrx_word' id='word_1_606' title='bbox 2155 5703 2303 5765; x_wconf 88' lang='lat' dir='ltr'><strong>conatus</strong></span> 
     </span>
     <span class='ocr_line' id='line_1_50' title="bbox 302 5752 2302 5874; baseline 0.016 -45"><span class='ocrx_word' id='word_1_607' title='bbox 302 5785 372 5854; x_wconf 63' lang='lat' dir='ltr'><strong>aa,</strong></span> <span class='ocrx_word' id='word_1_608' title='bbox 423 5766 531 5861; x_wconf 88' lang='lat' dir='ltr'><strong>quod</strong></span> <span class='ocrx_word' id='word_1_609' title='bbox 557 5764 605 5832; x_wconf 86' lang='lat' dir='ltr'><strong>ita</strong></span> <span class='ocrx_word' id='word_1_610' title='bbox 629 5758 793 5829; x_wconf 87' lang='lat' dir='ltr'><strong>nominat</strong></span> <span class='ocrx_word' id='word_1_611' title='bbox 815 5754 948 5826; x_wconf 86' lang='lat' dir='ltr'><strong>Paulus</strong></span> <span class='ocrx_word' id='word_1_612' title='bbox 975 5760 1009 5834; x_wconf 86' lang='lat'><strong>1.</strong></span> <span class='ocrx_word' id='word_1_613' title='bbox 1030 5752 1187 5831; x_wconf 85' lang='lat' dir='ltr'><strong>Corinth.</strong></span> <span class='ocrx_word' id='word_1_614' title='bbox 1212 5761 1264 5832; x_wconf 65' lang='lat' dir='ltr'><strong>S:</strong></span> <span class='ocrx_word' id='word_1_615' title='bbox 1316 5774 1390 5842; x_wconf 88' lang='lat' dir='ltr'><strong>est,</strong></span> <span class='ocrx_word' id='word_1_616' title='bbox 1428 5761 1477 5829; x_wconf 87' lang='lat' dir='ltr'><strong>ita</strong></span> <span class='ocrx_word' id='word_1_617' title='bbox 1512 5776 1682 5853; x_wconf 85' lang='lat' dir='ltr'><strong>perpetuu</strong></span> <span class='ocrx_word' id='word_1_618' title='bbox 1708 5782 1886 5856; x_wconf 88' lang='lat' dir='ltr'><strong>grassatur</strong></span> <span class='ocrx_word' id='word_1_619' title='bbox 1909 5790 1943 5847; x_wconf 90' lang='lat' dir='ltr'><strong>et</strong></span> <span class='ocrx_word' id='word_1_620' title='bbox 1968 5779 2089 5868; x_wconf 85' lang='lat' dir='ltr'><strong>perdit</strong></span> <span class='ocrx_word' id='word_1_621' title='bbox 2117 5786 2302 5874; x_wconf 89' lang='lat' dir='ltr'><strong>plurimos.</strong></span> 
     </span>
    </p>
   </div>
   <div class='ocr_carea' id='block_1_3' title="bbox 305 5860 2301 6043">
    <p class='ocr_par' dir='ltr' id='par_1_3' title="bbox 305 5860 2301 6043">
     <span class='ocr_line' id='line_1_51' title="bbox 305 5860 2301 5967; baseline -0.005 -24"><span class='ocrx_word' id='word_1_622' title='bbox 305 5874 573 5942; x_wconf 75' lang='lat' dir='ltr'><strong>redamentum</strong></span> <span class='ocrx_word' id='word_1_623' title='bbox 590 5863 687 5932; x_wconf 89' lang='lat' dir='ltr'><strong>aliud</strong></span> <span class='ocrx_word' id='word_1_624' title='bbox 704 5860 791 5951; x_wconf 91' lang='lat' dir='ltr'><strong>poni</strong></span> <span class='ocrx_word' id='word_1_625' title='bbox 808 5880 881 5926; x_wconf 91' lang='lat' dir='ltr'><strong>non</strong></span> <span class='ocrx_word' id='word_1_626' title='bbox 896 5872 1030 5957; x_wconf 73' lang='lat' dir='ltr'><strong>potest,</strong></span> <span class='ocrx_word' id='word_1_627' title='bbox 1056 5873 1193 5952; x_wconf 86' lang='lat' dir='ltr'><strong>praeter</strong></span> <span class='ocrx_word' id='word_1_628' title='bbox 1213 5863 1264 5947; x_wconf 91' lang='lat' dir='ltr'><strong>id,</strong></span> <span class='ocrx_word' id='word_1_629' title='bbox 1315 5862 1387 5935; x_wconf 89' lang='lat' dir='ltr'><strong>Sed</strong></span> <span class='ocrx_word' id='word_1_630' title='bbox 1403 5876 1521 5933; x_wconf 90' lang='lat' dir='ltr'><strong>tamen</strong></span> <span class='ocrx_word' id='word_1_631' title='bbox 1534 5866 1698 5957; x_wconf 87' lang='lat' dir='ltr'><strong>reprimit</strong></span> <span class='ocrx_word' id='word_1_632' title='bbox 1714 5894 1796 5943; x_wconf 91' lang='lat' dir='ltr'><strong>eum</strong></span> <span class='ocrx_word' id='word_1_633' title='bbox 1810 5873 1904 5947; x_wconf 88' lang='lat' dir='ltr'><strong>lilius</strong></span> <span class='ocrx_word' id='word_1_634' title='bbox 1917 5873 1984 5949; x_wconf 87' lang='lat' dir='ltr'><strong>Dei</strong></span> <span class='ocrx_word' id='word_1_635' title='bbox 1991 5930 2004 5967; x_wconf 88' lang='lat'><strong>,</strong></span> <span class='ocrx_word' id='word_1_636' title='bbox 2032 5906 2078 5955; x_wconf 65' lang='grc' dir='ltr'><strong><em>η</em></strong></span> <span class='ocrx_word' id='word_1_637' title='bbox 2093 5888 2301 5967; x_wconf 53' lang='lat' dir='ltr'><strong>nmmum</strong></span> 
     </span>
     <span class='ocr_line' id='line_1_52' title="bbox 307 5960 1472 6043; baseline -0.024 -3"><span class='ocrx_word' id='word_1_638' title='bbox 307 5980 517 6043; x_wconf 68' lang='lat' dir='ltr'><strong>sternere.</strong></span> <span class='ocrx_word' id='word_1_639' title='bbox 543 5972 649 6040; x_wconf 81' lang='lat' dir='ltr'><strong>Orsa.</strong></span> <span class='ocrx_word' id='word_1_640' title='bbox 688 5966 772 6033; x_wconf 77' lang='lat' dir='ltr'><strong>Vos.</strong></span> <span class='ocrx_word' id='word_1_641' title='bbox 796 5962 875 6030; x_wconf 84' lang='lat' dir='ltr'><strong>XV.</strong></span> <span class='ocrx_word' id='word_1_642' title='bbox 1423 5960 1472 6036; x_wconf 67' lang='lat'><strong>05</strong></span> 
     </span>
    </p>
   </div>
   <div class='ocr_carea' id='block_1_4' title="bbox 466 4272 1072 4383">
    <p class='ocr_par' dir='ltr' id='par_1_4' title="bbox 466 4272 1072 4383">
     <span class='ocr_line' id='line_1_53' title="bbox 466 4272 1072 4383; baseline -0.002 -28"><span class='ocrx_word' id='word_1_643' title='bbox 466 4281 537 4355; x_wconf 92' lang='lat' dir='ltr'><strong>De</strong></span> <span class='ocrx_word' id='word_1_644' title='bbox 566 4281 726 4383; x_wconf 82' lang='lat' dir='ltr'><strong>prima</strong></span> <span class='ocrx_word' id='word_1_645' title='bbox 762 4272 1072 4377; x_wconf 79' lang='lat' dir='ltr'><strong>Quaestione.</strong></span> 
     </span>
    </p>
   </div>
   <div class='ocr_carea' id='block_1_5' title="bbox 300 4473 1266 4658">
    <p class='ocr_par' dir='ltr' id='par_1_5' title="bbox 300 4473 1266 4658">
     <span class='ocr_line' id='line_1_54' title="bbox 300 4473 1266 4585; baseline -0.008 -23"><span class='ocrx_word' id='word_1_646' title='bbox 300 4516 318 4561; x_wconf 85' lang='grc' dir='ltr'><strong>ε</strong></span> <span class='ocrx_word' id='word_1_647' title='bbox 350 4508 507 4585; x_wconf 84' lang='lat' dir='ltr'><strong>semper</strong></span> <span class='ocrx_word' id='word_1_648' title='bbox 537 4482 588 4554; x_wconf 83' lang='lat' dir='ltr'><strong>sil</strong></span> <span class='ocrx_word' id='word_1_649' title='bbox 615 4480 656 4553; x_wconf 85' lang='lat' dir='ltr'><strong>in</strong></span> <span class='ocrx_word' id='word_1_650' title='bbox 688 4473 861 4550; x_wconf 83' lang='lat' dir='ltr'><strong>Ecclesia</strong></span> <span class='ocrx_word' id='word_1_651' title='bbox 896 4479 1029 4550; x_wconf 77' lang='lat' dir='ltr'><strong>veritas</strong></span> <span class='ocrx_word' id='word_1_652' title='bbox 1061 4478 1142 4549; x_wconf 85' lang='lat' dir='ltr'><strong>sine</strong></span> <span class='ocrx_word' id='word_1_653' title='bbox 1168 4504 1266 4554; x_wconf 85' lang='lat' dir='ltr'><strong>erru-</strong></span> 
     </span>
     <span class='ocr_line' id='line_1_55' title="bbox 715 4579 831 4658; baseline -0.034 -3"><span class='ocrx_word' id='word_1_654' title='bbox 715 4579 831 4658; x_wconf 82' lang='lat' dir='ltr'><strong>ribus.</strong></span> 
     </span>
    </p>
   </div>
   <div class='ocr_carea' id='block_1_6' title="bbox 0 0 2918 6950">
    <p class='ocr_par' dir='ltr' id='par_1_6' title="bbox 0 0 2918 6950">
     <span class='ocr_line' id='line_1_56' title="bbox 0 0 2918 6950; baseline 0 11"><span class='ocrx_word' id='word_1_655' title='bbox 0 0 2918 6950; x_wconf 95' lang='lat' dir='ltr'><strong> </strong></span> 
     </span>
    </p>
   </div>
  </div>
 </body>
</html>
