5825 6950
589 684 773 782 ana*
906 682 911 692 ·
1076 706 1080 717 ·
1204 684 1332 762 nutu
1357 671 2042 766 nnn‘scu1rraexeenrtur.
2154 660 2158 667 ’
2512 690 2587 777 tua

600 874 782 951 thematis:
816 868 946 943 Mareu
971 864 1072 955 atha,
1104 866 1140 935 id
1167 878 1237 953 est,
1269 862 1446 934 Dominus
1467 876 1588 934 noster
1637 857 1808 929 terribilis
1835 873 1969 933 noster.
2036 860 2088 936 lta
2113 886 2196 935 cum
2218 863 2406 935 discessum
2426 879 2473 939 est
2491 892 2509 939 a
2526 896 2588 945 ren

601 980 716 1065 venit,
746 975 896 1060 scilicet,
928 972 974 1045 ad
999 969 1240 1063 puniendum,
1273 981 1310 1039 et
1336 968 1379 1037 ad
1404 968 1589 1037 declaran-
1637 960 1821 1052 doctrina,
1849 976 1884 1032 et
1898 964 1991 1033 veris
2006 967 2181 1053 cultibus,
2208 968 2408 1059 superstitio
2427 972 2588 1045 etuomiua

602 1086 683 1153 dam
707 1076 942 1152 tristissimam
967 1074 1076 1155 irem,
1104 1095 1210 1165 quam
1237 1084 1338 1143 antea
1362 1068 1590 1141 contemsisti.
1637 1086 1730 1133 nova
1758 1077 1793 1133 02
1820 1065 2028 1155 Opinione&
2063 1083 2099 1140 si
2129 1070 2218 1139 ritus
2245 1070 2334 1140 alios
2365 1071 2470 1161 fingit·
2523 1070 2589 1148 luit

600 1183 696 1257 Sunt
718 1182 827 1270 igitur
855 1173 943 1251 haec
964 1199 1046 1247 vera
1069 1174 1277 1265 imprecatio
1301 1195 1453 1265 poenae,
1491 1188 1533 1245 ut
1560 1169 1590 1240 si
1637 1163 1871 1255 igitur·Mara
1895 1181 2027 1238 nomen
2049 1170 2222 1243 usitatum
2247 1172 2286 1241 in
2308 1170 2420 1267 Syria.
2441 1185 2447 1199 ’
2468 1176 2589 1267 Appen·

600 1287 790 1357 diceretur:
1637 1268 1698 1337 dix
1726 1290 1770 1351 n,
1804 1268 1861 1337 vel
1884 1292 1956 1355 na,
1990 1285 2041 1344 est
2071 1286 2193 1343 noster
2218 1270 2332 1366 Atha,
2365 1275 2467 1347 venit.
2512 1275 2590 1349 Hauc

728 1386 811 1483 Εὗρε
832 1390 910 1468 θεὸς
930 1387 987 1456 τὸν
1008 1386 1145 1475 diaspra.
1247 1416 1252 1425 ·
1638 1392 1712 1437 csse
1742 1370 1899 1441 nativam
1932 1373 2260 1466 interpretationem
2298 1378 2457 1447 vocabuli
2487 1377 2591 1450 Maran

1637 1467 1721 1543 atha
1740 1471 1928 1555 aslinnant,
1953 1489 1988 1546 et
2004 1497 2106 1569 saepe
2119 1479 2283 1570 usurpari
2300 1479 2338 1547 in
2354 1475 2499 1550 Iudaicis
2512 1506 2592 1551 enar·

1637 1572 1837 1643 rationibus
1858 1576 2031 1652 scribunt.
2092 1576 2177 1650 ldeo
2200 1582 2330 1652 mirum
2348 1594 2420 1669 est,
2449 1580 2591 1655 curBur-

1636 1676 1753 1765 gensis
1782 1678 1839 1746 vir
1868 1680 1994 1749 doctus
2032 1681 2138 1751 aliam
2172 1684 2420 1778 etymologiam
2449 1686 2591 1773 excogita-

1637 1776 1745 1861 verit,
1771 1780 1833 1873 qui
1849 1803 1912 1870 pro
1929 1780 2058 1851 Maran
2079 1781 2162 1855 atha
2186 1787 2268 1856 lecit
2284 1782 2465 1855 Melrerem
2486 1783 2591 1877 motha,

1637 1895 1671 1950 et
1687 1878 1773 1950 dicit
1790 1878 2003 1971 Apostolum
2025 1886 2179 1956 voluisse
2199 1887 2451 1957 atrocissimam
2472 1890 2592 1977 speciem

1640 1984 1948 2054 condemnationis
1962 1987 2163 2065 nominare:
2190 1986 2264 2078 Qui
2288 2013 2363 2058 non
2388 1990 2499 2077 diligit
2510 1987 2593 2061 Chris

745 2148 749 2157 ,
1637 2098 1751 2168 stum,
1764 2096 1769 2103 “
1783 2084 1829 2154 εἰι
1851 2104 1925 2155 non
1947 2090 2092 2176 vulgare
2112 2084 2333 2177 anathema,
2350 2094 2411 2161 sed
2427 2090 2592 2178 Mebecen,

582 2239 595 2268 s
702 2192 768 2268 Est
797 2210 914 2269 autem
949 2214 1065 2261 sermo
1089 2186 1255 2283 Syriacus
1288 2212 1350 2259 seu
1374 2182 1591 2259 Chaldaicus
1635 2186 1671 2255 id
1697 2199 1769 2270 est,
1792 2210 1848 2256 res
1870 2189 1985 2261 deleta
2010 2214 2072 2260 sua
2094 2208 2246 2278 vastata,
2278 2207 2313 2263 et
2334 2194 2406 2265 tale
2426 2190 2593 2281 anathema,

602 2298 720 2373 allinis
758 2296 936 2379 Ebraico,
987 2292 1069 2387 quia
1108 2292 1245 2361 vicinae
1275 2306 1396 2381 gentes
1431 2291 1590 2379 linguam
1635 2289 1732 2382 quod
1753 2290 1877 2358 occidi
1899 2288 2038 2362 neeesse
2066 2295 2246 2373 sit,'·idco
2268 2296 2432 2368 additum
2454 2299 2591 2367 esseut.

603 2398 779 2475 Ebraeam
804 2426 823 2469 a
847 2397 1008 2492 patribus
1039 2394 1282 2479 retinuerunt,
1323 2395 1383 2464 sed
1416 2394 1587 2485 paulatim
1635 2393 1754 2460 stimat
1784 2387 1938 2478 Motha,
1977 2396 2079 2488 quasi
2103 2399 2227 2468 dicat:
2268 2394 2592 2501 Anatltemasvasta·

601 2508 853 2599 depravarunt,
878 2514 919 2571 ut
934 2481 1008 2567 lieri
1024 2498 1123 2573 solet,
1148 2496 1294 2585 vestigia
1311 2510 1430 2565 tamen
1446 2496 1590 2586 agnosci
1634 2492 1726 2563 tioni
1753 2506 1787 2563 et
1811 2498 1918 2565 morti
1943 2497 2176 2579 destinatum,
2202 2500 2379 2593 quianon
2403 2503 2592 2571 omniacon-

599 2618 760 2700 possunt.
813 2603 897 2673 Mar
912 2625 974 2670 seu
988 2598 1091 2669 Mara
1114 2597 1287 2686 significat
1302 2595 1519 2684 Dominum,
1550 2614 1590 2668 ut
1634 2608 1766 2665 serrata
1782 2596 2097 2675 interficiebantur.
2145 2599 2248 2673 Hanc
2263 2604 2511 2697 etymologiam
2524 2600 2590 2672 Bur·

600 2712 641 2779 in
657 2708 859 2795 Tisargum,
884 2702 1053 2773 Proverb.
1073 2723 1147 2789 cap.
1164 2700 1226 2771 25.
1249 2712 1284 2769 et
1300 2698 1410 2770 Amos
1424 2703 1455 2771 l.
1489 2699 1587 2770 Con·
1634 2696 1751 2786 gensis
1769 2696 1849 2769 ideo
1863 2701 2026 2783 recitavi,
2049 2727 2095 2791 ne
2110 2703 2156 2773 sit
2172 2705 2293 2799 ignota
2309 2706 2524 2792 iunioribus,
2539 2727 2591 2773 uon

601 2821 870 2885 sentaneumest
884 2818 1002 2875 autem
1016 2824 1165 2884 nomen,
1187 2800 1291 2873 Mara
1308 2824 1413 2871 essea
1429 2803 1586 2872 dictione
1634 2800 1731 2891 quod
1747 2822 1822 2868 eam
1841 2803 2007 2892 probem,
2032 2829 2114 2875 cum
2129 2810 2296 2899 adpareat
2310 2808 2456 2898 longius
2475 2808 2590 2877 acerni-

601 2915 702 3014 sapito
730 2913 824 3003 quod
847 2906 1033 2999 signifieat
1054 2900 1264 2994 Ductorem,
1305 2905 1360 2973 vel
1385 2928 1404 2973 a
1429 2904 1585 2975 dictione
1635 2914 1706 2969 tam
1733 2924 1818 2971 esse.
1886 2900 2154 2996 Amplectamur
2175 2923 2292 2980 autem
2315 2912 2484 2995 alteram,
2514 2934 2588 3003 qtnn

600 3017 703 3117 Ν]ιῦ
726 3014 819 3105 quod
843 3008 1015 3099 significat
1038 3006 1245 3081 terribilem.
1300 3000 1349 3076 Et
1371 3020 1477 3075 notae
1501 3020 1586 3077 suut
1633 3016 1669 3073 et
1684 3000 1927 3098 Hieronymus
1943 3010 2072 3093 tradit,
2098 3026 2133 3083 et
2154 3020 2234 3083 cum
2253 3014 2425 3083 'sermone
2444 3034 2585 3082 commen

600 3116 755 3207 origines
779 3128 848 3195 ms
873 3111 1011 3190 docuit,
1042 3122 1076 3177 et
1099 3122 1169 3211 κῃ
1192 3108 1320 3179 timuit.
1380 3104 1429 3180 Et
1449 3111 1489 3177 in
1513 3110 1585 3180 vita
1633 3106 1806 3175 turiurum
1827 3131 2021 3199 congruere
2044 3113 2153 3188 aiunt.
2213 3113 2344 3185 Maron
2367 3111 2470 3201 atha,
2499 3115 2589 3193 idest,

595 3216 796 3291 Hilarionis
819 3190 984 3307 iegitur,
1025 3211 1122 3279 illius
1156 3224 1267 3281 aetate
1298 3204 1414 3281 adhuc
1435 3211 1584 3285 ,idolum
1634 3208 1816 3277 Dominus
1829 3223 1951 3282 noster
1965 3215 2076 3287 venit.
2125 3212 2174 3287 Et
2188 3218 2273 3287 sciat
2287 3218 2405 3289 lector
2416 3215 2498 3288 baec
2511 3215 2590 3284 verba

596 3323 705 3395 fuisse
725 3320 765 3387 in
781 3316 883 3412 Syria
899 3313 1032 3387 Maras.
1084 3310 1167 3383 Fuit
1190 3328 1305 3383 autern
1330 3313 1500 3385 usitatum
1518 3338 1586 3383 no·
1633 3309 1814 3381 recitative
1843 3314 1931 3403 poni
1951 3327 2133 3409 'tanquam
2166 3318 2380 3400 formulam,
2421 3343 2488 3412 qua
2512 3318 2590 3387 iudo
2632 3317 2633 3404 ff

597 3426 652 3496 vis
692 3420 799 3493 idolis
839 3432 874 3491 et
912 3417 1066 3489 cultibus
1101 3415 1259 3486 tribuere
1295 3438 1387 3486 neve
1428 3415 1586 3502 nomina,
1634 3434 1765 3503 poenas
1779 3435 1842 3483 seu
1857 3414 1952 3485 diras
1966 3416 2180 3507 imprecatus
2194 3434 2257 3495 est.
2316 3420 2487 3494 Continet
2501 3432 2590 3492 auten

597 3549 689 3622 quae
721 3523 936 3596 videbantur
961 3519 1132 3588 maiorem
1163 3517 1370 3605 significare.
1427 3515 1476 3590 Ut
1506 3530 1586 3610 post
1633 3511 1719 3584 baec
1735 3526 1912 3606 postrema
1930 3519 2085 3590 clausula
2108 3525 2352 3612 gravissimam
2375 3520 2591 3595 comminatiu-

596 3630 754 3722 primum
793 3625 953 3705 cultum,
993 3623 1031 3690 in
1074 3642 1146 3709 qno
1187 3619 1287 3690 Deus
1332 3621 1586 3691 nominabatur
1633 3641 1714 3686 nem
1731 3621 1899 3690 adversus
1918 3645 2041 3692 omues
2055 3619 2174 3696 hostes
2189 3623 2378 3716 Evangelii
2397 3641 2431 3698 et
2454 3621 2590 3721 hypocri-

598 3717 739 3820 spmbpp
759 3727 845 3828 ,πῇ-η
871 3725 971 3818 impii
996 3717 1178 3808 homiues,
1201 3722 1266 3816 qui
1282 3735 1432 3792 veterem
1452 3723 1585 3791 doctri·
1634 3733 1705 3798 tas,
1740 3744 1781 3789 ac
1807 3726 2011 3811 praesertim
2034 3727 2218 3797 doctrinae
2238 3744 2475 3822 corruptores.
2527 3725 2590 3795 ldeo

596 3815 682 3904 nasu
709 3807 744 3900 et
770 3819 902 3901 cult'um
938 3827 1183 3918 reliquerunt,
1211 3823 1443 3897 nominarunt
1468 3823 1583 3896 Deum
1632 3823 1777 3892 sinceris
1791 3825 1992 3912 pectoribus
2005 3851 2216 3921 quaeramus
2231 3831 2429 3913 veritatem,
2454 3844 2488 3902 et
2500 3829 2592 3921 ipsun

597 3923 680 4019 buz
698 3955 946 4025 possessorem,
971 3918 1165 4020 δεσπότην.
1217 3923 1343 3997 Postea
1359 3927 1468 3998 vicini
1484 3927 1583 3998 aliud
1632 3925 1745 3994 filium
1772 3922 1841 3994 Dei
1861 3925 2059 3999 Dominum
2091 3945 2253 4003 nostrum
2288 3932 2407 4004 lesum
2439 3929 2591 4005 Christum

600 4017 796 4111 teiribilius
820 4057 953 4104 nomen
978 4031 1241 4122 excogitarunt,
1278 4026 1426 4120 Maean,
1460 4031 1583 4116 idest,
1631 4051 1792 4114 oremus,
1818 4051 1860 4100 us
1874 4052 1940 4102 nos
1956 4029 2094 4125 Spiritu
2111 4047 2312 4108 suesaneto
2329 4037 2511 4128 gubernet.
2631 4060 2632 4065 ’

601 1521 671 1593 Vel
692 1520 783 1591 sicut
806 1516 967 1587 Psalmus
982 1510 1043 1584 57.
1068 1510 1202 1604 inquit:
1235 1508 1443 1581 Laetabitur
1465 1510 1592 1595 iustus,

600 1648 682 1695 curn
698 1620 827 1691 viderit
843 1617 1047 1693 vindictam,
1066 1636 1192 1683 manus
1208 1636 1289 1684 suas
1305 1613 1439 1683 lavabit
1452 1612 1491 1682 in
1506 1635 1588 1681 sau·

602 1726 708 1817 guine
725 1720 934 1816 peccatoris,
960 1732 994 1789 et
1020 1717 1112 1785 dicet
1137 1712 1263 1800 bomo,
1288 1716 1411 1808 utique
1438 1730 1489 1785 est
1513 1718 1590 1785 fru-

600 1844 678 1899 ctus
700 1828 813 1909 iusto,
844 1822 970 1915 utique
993 1832 1045 1889 est
1067 1818 1230 1888 iudicans
1254 1819 1291 1885 in
1316 1832 1420 1889 terra.
1490 1815 1590 1887 Talis

603 1944 656 1999 est
672 1926 882 1999 asseveratio
898 1924 943 1992 de
959 1934 1108 1991 venturu
1125 1920 1278 2005 iudicio,
1302 1934 1337 1989 et
1358 1922 1402 1990 de
1420 1941 1535 2013 poena
1549 1919 1591 1987 in

599 2028 657 2102 bis
673 2031 810 2103 verbis:
839 2025 1018 2099 Dominus
1034 2038 1156 2093 noster
1171 2020 1280 2096 venit.
