5825 6950
752 671 835 744 Xll.
887 668 1183 748 ENARRthO
1211 672 1261 745 IN
1290 669 1475 750 EVANG.
1502 670 1719 749 tonsura.
1772 673 1878 754 CAP.
1907 677 1934 750 l.

646 843 740 920 Ecce
759 871 884 948 ugnus
908 843 1001 920 Dat.

2309 678 2360 756 46

1313 847 1317 855 '
1371 847 1549 946 piaetatus
1570 875 1670 936 sum,
1695 853 1909 924 nt³stndtosi
1933 854 2109 926 admoniti
2132 853 2363 946 coniungent,

427 994 1320 1090 Diligenterconseramusomnescondonespom.
1370 967 1404 1022 et
1433 954 1618 1026 conferant
1648 979 1772 1025 ornnes
1800 953 1944 1027 loannis
1974 958 2182 1044 conciones,
2211 973 2245 1029 et
2268 959 2362 1028 inte-

332 1109 391 1180 nis.
440 1103 531 1176 Nam
565 1119 600 1175 et
631 1094 833 1175 doctrinam
868 1097 1320 1200 poenitentiae'proponit,
1368 1059 1681 1145 gfflmdoeu'ffl'm
1700 1071 1885 1151 quamni-

332 1207 541 1280 severissime
557 1231 712 1298 arguens
728 1223 886 1298 peccata,
911 1221 1129 1279 contemtum
1138 1205 1222 1286 Dei,
1250 1202 1318 1302 by·
1370 1196 1389 1309 ·‘
1470 1187 1572 1261 Nunc
1590 1213 1673 1261 vero
1689 1195 1817 1264 deuna
1835 1194 2003 1284 particula
2021 1195 2196 1281 dicemus,
2222 1219 2311 1289 quae
2326 1210 2361 1266 et

335 1313 494 1406 pocrisin,
521 1324 557 1380 et
582 1309 651 1380 alia
676 1311 779 1392 vitia,
806 1326 839 1382 et
861 1312 954 1381 clare
978 1333 1182 1403 proponens
1206 1321 1317 1380 aeter.
1368 1317 1442 1384 ipsa
1468 1313 1630 1384 maguam
1657 1310 1791 1386 partem
1817 1295 2005 1388 Evangelii
2029 1297 2291 1390 complectitur,
2326 1312 2360 1368 et

335 1437 389 1484 oss
403 1437 533 1505 poenas
550 1413 720 1482 omnibus
737 1415 797 1506 qui
818 1427 1052 1484 contemnunt
1067 1414 1155 1484 iram
1171 1407 1257 1497 Dei,
1284 1427 1318 1484 et
1367 1397 1499 1466 taxavit
1521 1399 1653 1467 multos
1667 1393 1938 1470 Pharisaeorum
1958 1423 2110 1470 errores:
2136 1395 2226 1470 Ecce
2249 1423 2361 1488 agnus

339 1543 402 1587 uon
426 1517 580 1585 creduut
615 1515 654 1584 iri
677 1513 857 1593 Messinm.
909 1515 1050 1586 Deinde
1073 1514 1173 1585 addit
1196 1513 1316 1584 Euan.
1368 1499 1455 1582 Dei,
1482 1501 1543 1594 qui
1566 1501 1660 1569 tollit
1684 1518 1820 1591 peecata
1844 1504 1982 1572 mundi.
2033 1500 2229 1572 Particula:
2257 1500 2360 1589 Eece,

340 1621 447 1712 getium
462 1621 509 1687 de
526 1618 646 1687 officio
664 1615 834 1704 Messias,
862 1645 967 1714 quem
984 1621 1030 1688 ait
1049 1619 1227 1687 victimam
1244 1641 1316 1686 esse
1366 1615 1539 1671 m⁰¹¹⁵lffll
1555 1626 1752 1694 personam,
1780 1619 1812 1674 et
1830 1605 1996 1692 discernit
2011 1601 2108 1675 bunc
2125 1617 2361 1676 monstratum

337 1747 388 1810 tw
411 1737 575 1812 P‘ffl'lO,
609 1734 649 1790 ut
673 1717 758 1792 haec
782 1723 888 1791 verba
913 1725 1057 1791 docent:
1091 1717 1183 1790 Ecce
1206 1744 1317 1810 agnem
1366 1705 1410 1778 ab
1427 1704 1594 1774 omnibus
1610 1707 1688 1774 aliis
1703 1699 1921 1790 bominibus,
1940 1709 2160 1802 quauidieat:
2184 1705 2360 1778 Huncin-

333 1825 390 1896 Dei
406 1826 467 1918 qui
485 1823 583 1895 tollit
600 1838 737 1914 peccata
754 1824 891 1916 muudi,
944 1821 1316 1897 Praedientetremis.
1367 1809 1528 1890 tuemini,
1556 1803 1613 1877 hic
1631 1809 1725 1878 solus
1743 1825 1792 1881 est
1808 1807 1955 1881 Messias
1973 1825 2006 1880 et
2024 1810 2196 1883 Salvator.
2235 1808 2362 1910 Agnus

330 1929 456 1996 sionem
481 1940 734 2017 peccatorum,
761 1939 794 1996 et
820 1927 993 1996 iusticiam
1013 1927 1097 1996 lidei
1119 1925 1221 1996 claris
1237 1949 1316 1994 ver.
1366 1903 1571 2027 mstopltpra
1596 1925 1647 1981 est
1673 1912 1846 1986 victimae.
1906 1911 2051 1984 Hic'est
2075 1935 2203 2002 agnus,
2236 1914 2360 1996 idest,

328 2031 377 2098 bis
389 2035 524 2121 captu:
553 2027 628 2117 Qui
644 2028 755 2098 credit
768 2030 805 2097 in
819 2029 944 2114 filium,
963 2025 1069 2099 habet
1082 2029 1189 2099 vitam
1203 2045 1315 2098 aeter·
1366 2011 1519 2082 victima.
1574 2011 1690 2084 Sumit
1707 2016 1801 2083 enim
1817 2015 2090 2109 appellationem
2108 2015 2188 2104 agni
2205 2039 2360 2084 exsere-

331 2157 425 2212 nam,
457 2133 523 2226 qcri
549 2143 667 2200 autem
691 2155 764 2199 non
787 2133 898 2204 credit
922 2131 1016 2218 utin,
1039 2132 1091 2202 ira
1110 2131 1174 2202 Dei
1198 2146 1316 2203 mauet
1346 2116 1496 2184 'mffltlls
1514 2129 1664 2207 patrum,
1680 2116 1900 2200 etLeviticis,
1924 2119 1962 2188 ln
1980 2119 2109 2212 quibus
2126 2119 2239 2189 tuerat
2254 2141 2360 2188 usur-

252 2230 253 2251 *
331 2258 427 2326 super
456 2259 552 2304 eum.
613 2231 692 2301 Hae
722 2234 908 2303 conciones
942 2236 1046 2326 valde
1073 2258 1186 2304 novae
1216 2248 1315 2306 erant

252 2358 259 2441 p
336 2335 541 2423 Pharisaeis,
577 2336 640 2428 qui
665 2334 832 2406 Messinm
857 2340 1105 2426 expectabant,
1139 2360 1211 2404 nnn
1234 2361 1315 2406 cru·

347 2441 555 2528 cibgendum,
604 2441 665 2506 sed
702 2455 954 2531 occupaturum
993 2440 1140 2531 imperia
1180 2441 1316 2525 muudi,

350 2543 535 2632 partitumm
567 2541 781 2632 provincias.
849 2541 924 2611 Nee
944 2544 1117 2615 iusticiam
1143 2543 1224 2611 fidei
1249 2567 1314 2612 uo·

344 2660 426 2726 rant,
452 2647 509 2714 sed
537 2644 763 2714 somniabant
781 2669 816 2713 se
839 2646 1048 2734 legeiustos.
1100 2643 1192 2714 Cum
1209 2645 1316 2734 igitur

342 2760 443 2815 tantae
473 2759 591 2815 essent
623 2745 660 2814 iu
684 2741 839 2816 Ecclesia
866 2749 1049 2832 tenebrae,
1083 2745 1179 2818 Deus
1201 2747 1315 2816 lucem

340 2874 426 2918 cerae
460 2849 648 2918 doctrinae
684 2871 807 2918 rursus
840 2852 999 2920 accendit
1035 2873 1099 2943 per
1132 2847 1315 2924 loannem.

338 2946 407 3020 Fuit
427 2951 539 3042 igitur
563 2949 738 3020 excellens
758 2953 915 3032 vocatio,
943 2967 977 3024 et
1001 2979 1081 3022 vere
1101 2953 1215 3024 maior
1232 2979 1315 3044 pro-

336 3049 462 3146 phetia,
489 3054 575 3148 quia
598 3053 726 3122 missus
749 3067 799 3122 est
816 3051 966 3124 loannes
982 3057 1026 3124 ad
1044 3056 1203 3144 ingentes
1218 3081 1316 3126 erro·

334 3181 395 3244 res,
419 3157 539 3250 quiin
559 3151 715 3226 Ecclesia
731 3158 1002 3244 grassabantur,
1027 3158 1264 3248 corrigendos.

421 3309 506 3382 Dixi
529 3333 612 3382 eum
636 3310 822 3381 tradidisse
844 3311 1043 3382 doctrinam
1066 3313 1111 3382 de
1127 3311 1314 3400 poeniten·

335 3417 392 3500 tia,
412 3416 459 3487 de
474 3413 631 3485 aeternis
645 3415 769 3506 poenis
785 3415 996 3505 impiorum,
1024 3417 1068 3485 de
1082 3414 1199 3485 officio
1216 3415 1314 3484 Mes·

335 3521 411 3603 siae,
432 3519 478 3587 de
502 3516 713 3587 remissione
735 3532 976 3608 pcccatorum,
995 3521 1041 3585 de
1060 3518 1196 3588 iusticia
1221 3518 1315 3601 fidei,

336 3636 363 3691 et
382 3622 455 3691 vite
477 3634 635 3692 aeterua.
688 3618 867 3691 Monstrat
890 3622 995 3691 etiam
1011 3622 1127 3711 ipsum
1144 3617 1313 3690 Moesiam

335 3738 462 3805 natum,
487 3737 524 3793 et
547 3722 621 3790 iam
643 3738 842 3794 versantem
867 3724 962 3793 iuter
982 3719 1162 3808 homines,
1184 3739 1225 3794 ut
1244 3722 1312 3795 Ec·

335 3826 424 3895 clesia
454 3825 565 3895 sciret
584 3818 759 3895 exhibitas
779 3847 852 3896 esse
873 3825 1146 3917 promissiones,
1175 3826 1313 3896 vocavit

333 3944 439 4017 gentes
465 3927 515 3997 ad
542 3926 744 3997 societatem
776 3926 964 4019 Evangelii
995 3944 1031 4000 et
1060 3930 1312 3999 beneficiorum

332 4030 483 4101 ueniae.
537 4028 723 4100 Postremo
746 4032 850 4101 etiam
867 4032 1014 4106 radidit
1031 4032 1209 4101 bonorum
1227 4057 1313 4123 ope-

330 4158 398 4205 rum
411 4132 638 4217 doctrinam,
663 4145 697 4202 et
712 4135 842 4204 erudiit
855 4134 1016 4223 singulos
1032 4137 1178 4205 ordines
1195 4130 1312 4204 borni·

330 4262 428 4329 oum,
462 4236 616 4319 milites,
646 4235 801 4321 iudices,
834 4236 1019 4327 coniuges,
1046 4251 1078 4307 et
1102 4238 1313 4307 monstravit

333 4364 399 4409 vera
425 4341 526 4409 bona
550 4360 657 4429 opera
680 4338 831 4409 omissus
853 4333 1314 4433 cereumniishypocritieis,

337 4444 514 4513 attendent
528 4456 644 4511 morte
659 4454 805 4511 testatus
820 4454 886 4525 est,
900 4465 939 4510 se
955 4437 1042 4512 haec
1061 4466 1140 4510 vere
1157 4442 1313 4533 profiterr

334 4560 466 4637 propter
487 4542 626 4627 Deum,
660 4557 695 4611 et
722 4558 903 4633 expectare
926 4568 946 4614 a
969 4545 1046 4617 Deo
1067 4546 1312 4618 testimonium

328 4649 361 4717 io
373 4650 445 4721 vita
462 4661 624 4719 aeterna.
673 4642 772 4715 Haec
785 4648 963 4733 recensui,
985 4662 1026 4719 ut
1039 4648 1235 4736 cogitemus
1250 4673 1313 4716 vo·

324 4752 495 4822 tationem
515 4746 660 4818 loannis
673 4748 797 4838 ingens
814 4744 880 4819 Dei
894 4751 1105 4819 beneficium
1123 4750 1247 4833 luisse,
1276 4762 1312 4821 et
1344 4768 1347 4776 '

325 4855 508 4924 videamus
524 4851 745 4942 complexum
761 4872 836 4921 esse
848 4865 959 4923 totam
974 4853 1174 4925 doctrinam
1190 4848 1310 4921 Eccle-

252 5025 253 5031 ,
324 4958 401 5025 siae.
454 4952 675 5025 Addcndnm
698 4967 750 5024 est
773 4968 809 5025 et
828 4949 914 5037 hoc,
938 4954 1075 5026 nullam
1093 4969 1164 5028 tam
1182 4955 1313 5024 claram
1382 5022 1390 5037 ,

323 5057 578 5130 revelationem
604 5056 768 5126 traditam
790 5077 865 5125 esse
886 5059 932 5127 de
952 5058 1067 5129 tribus
1083 5058 1244 5150 personis
1256 5057 1313 5126 di·

322 5160 501 5243 vinitatis,
530 5171 662 5251 quanta
695 5154 784 5227 baec
807 5172 881 5249 est,
910 5183 1002 5252 quae
1031 5160 1247 5231 describitur
1274 5160 1312 5229 iu

322 5266 500 5359 baptismo
519 5256 675 5341 Christi,
701 5262 765 5332 nbi
788 5261 884 5331 viclet
909 5259 1061 5333 loannes
1079 5264 1210 5353 aperiri
1233 5286 1313 5333 coe

323 5367 417 5453 lom,
441 5364 545 5437 audit
566 5386 691 5433 vocem
713 5364 848 5433 aeterni
871 5365 980 5457 patris
996 5367 1149 5456 defilio,
1176 5367 1313 5457 quico-

1367 2233 1445 2310 pata
1473 2218 1636 2290 mactatio
1660 2221 1762 2305 agui,
1790 2225 1833 2290 acl
1857 2220 2122 2310 significandam
2149 2217 2239 2289 banc
2257 2219 2361 2290 victi-

1366 2342 1480 2412 mam,
1512 2321 1645 2392 scilicet
1671 2319 1857 2414 Messinm:
1892 2325 1974 2418 quia
2004 2323 2098 2391 enim
2126 2321 2222 2392 Deus
2255 2323 2361 2393 insti-

1366 2438 1481 2494 tuerat
1498 2439 1608 2494 certas
1631 2427 1874 2506 mactationes,
1901 2443 1933 2496 et
1952 2427 2092 2496 volebat
2106 2426 2235 2515 'uocari
2257 2427 2360 2494 obla-

1366 2527 1480 2596 tiones
1508 2549 1574 2616 pro
1604 2527 1771 2618 peccatis,
1804 2528 2050 2620 intelligebant
2085 2541 2200 2618 patres
2229 2541 2361 2597 restare

1366 2629 1471 2698 aliam
1487 2629 1683 2714 victimam,
1710 2631 1809 2700 errius
1826 2655 1906 2700 vera
1925 2631 2126 2701 obedientia
2148 2645 2236 2699 esset
2255 2631 2358 2698 subi·

1367 2745 1444 2801 tura
1461 2745 1600 2800 nostras
1624 2757 1774 2824 poenas,
1802 2747 1833 2803 et
1851 2735 2029 2826 placatura
2053 2734 2140 2801 iram
2158 2732 2234 2802 Dei.
2269 2730 2361 2800 'Nec

1366 2833 1584 2905 existimetur
1600 2857 1731 2903 numen
1750 2836 1911 2906 victimae
1930 2860 2002 2904 rem
2022 2835 2133 2904 levem
2153 2831 2365 2924 siguificare,

1367 2931 1459 3006 nibil
1477 2937 1612 3008 tristius
1629 2937 1698 3006 dici
1716 2953 1840 3030 potest.
1895 2937 2076 3026 Significat
2094 2939 2187 3006 enim
2206 2957 2293 3016 rem,
2320 2938 2359 3004 ln

1366 3062 1473 3133 quam
1490 3041 1588 3111 Deus
1609 3041 1737 3126 exerit,
1763 3065 1825 3110 seu
1848 3041 2001 3112 elltrnclit
2027 3039 2116 3109 iram
2141 3063 2263 3122 suam,
2289 3061 2359 3130 qua

1366 3144 1465 3212 ardet
1491 3145 1658 3215 adversus
1685 3158 1875 3235 peccatum.
1927 3140 2097 3231 Est'ergo
2128 3167 2183 3211 res
2206 3165 2263 3211 rea
2287 3144 2361 3210 irae

1366 3243 1455 3327 Dei,
1484 3257 1518 3313 et
1536 3245 1708 3322 destinata
1725 3247 1851 3330 morti,
1878 3267 1939 3312 seu
1958 3247 2083 3328 exitio,
2109 3261 2254 3335 propter
2272 3245 2359 3312 iram

1366 3344 1436 3416 Dei
1453 3347 1623 3416 adversus
1646 3362 1840 3436 peceatum.
1893 3345 1951 3416 Sic
1971 3350 2062 3436 apud
2081 3344 2231 3416 Paulum
2254 3341 2361 3414 Chri-

1367 3462 1440 3520 stus
1466 3447 1597 3519 dicitur
1618 3461 1819 3539 peccatum,
1846 3474 1907 3519 seu
1932 3450 2170 3521 maledictum.
2223 3443 2360 3517 Eodem

1366 3552 1473 3621 modo
1491 3568 1524 3623 et
1539 3548 1662 3621 Esaias
1677 3552 1837 3645 loquitur
1852 3578 1926 3643 cap.
1944 3549 2021 3624 53.:
2048 3552 2140 3642 Quia
2157 3565 2267 3645 ponet
2281 3552 2361 3619 ani-

1365 3680 1459 3725 mam
1475 3678 1573 3722 suam
1593 3668 1791 3747 peccatum,
1819 3656 1933 3741 idest,
1959 3654 2109 3725 bostiam
2127 3680 2190 3747 pro
2207 3666 2361 3747 peccato,
2395 3650 2400 3658 ’

1365 3760 1499 3829 videbit
1519 3780 1638 3827 semen
1653 3758 1875 3849 longaevum.

1466 3890 1530 3965 Est
1554 3918 1635 3985 ergo
1656 3894 1695 3963 in
1710 3896 1947 3989 appellatione
1962 3896 2045 3985 agni
2062 3916 2135 3964 non
2149 3904 2287 3963 tantum
2302 3888 2360 3959 in-

1366 3998 1552 4069 nocentiae
1572 4012 1607 4067 et
1624 3998 1813 4089 patientiae
1828 3991 2054 4091 metaphora,
2080 4011 2121 4067 ut
2134 3993 2268 4063 indocti
2292 4017 2360 4084 pu-

1366 4114 1463 4183 tant,
1490 4102 1548 4169 sed
1570 4100 1657 4184 alia,
1685 4124 1758 4168 rem
1774 4100 1962 4171 maximam
1983 4114 2016 4170 et
2038 4122 2202 4171 arcanam
2226 4094 2361 4183 siguifi-

1365 4226 1468 4289 cans,
1512 4202 1675 4273 videlicet
1701 4198 1905 4295 metaphora
1933 4200 2115 4282 victimae,
2151 4196 2361 4269 sustinentis

1365 4328 1504 4389 veram,
1541 4306 1719 4395 ingentem
1748 4319 1783 4375 et
1814 4304 2030 4374 ineffabilem
2055 4304 2144 4374 iram
2166 4296 2254 4385 Dei,
2290 4322 2359 4391 qun

1302 4442 1311 4459 ·
1365 4421 1548 4477 aversatur
1571 4418 1750 4498 peecatum
1781 4408 1821 4476 in
1844 4421 1969 4477 natura
1992 4402 2168 4488 humana,
2195 4415 2229 4472 et
2250 4399 2359 4469 desti-

1366 4523 1449 4579 nata
1470 4512 1515 4577 ad
1539 4510 1698 4583 exitium.
1750 4507 1869 4580 Huius
1888 4510 1962 4579 irae
1984 4505 2266 4597 magnitudinem
2291 4498 2360 4571 hu-

1366 4612 1464 4681 maui
1487 4613 1597 4683 animi
1619 4626 1742 4703 stupor
1762 4637 1836 4683 uon
1860 4625 1973 4707 potest
1997 4608 2134 4703 assequi
2160 4606 2360 4695 cogitando.

1367 4713 1437 4786 Sed
1463 4715 1555 4785 serio
1576 4714 1680 4785 irasci
1703 4710 1819 4785 Deum
1835 4727 2058 4799 statuamus,
2089 4736 2168 4783 cerm
2193 4710 2235 4778 sit
2260 4731 2359 4775 mens

1364 4818 1547 4886 liberrime
1562 4840 1679 4907 agens,
1706 4832 1739 4887 et
1756 4842 1836 4887 vere
1851 4840 2016 4887 aversans
2031 4827 2224 4907 peccatum.
2258 4808 2358 4901 Qua-

1365 4944 1403 4989 re
1416 4914 1640 4989 horribiliter
1654 4918 1807 4992 declarat
1824 4944 1925 4991 suum
1942 4919 2127 5003 iudicium,
2145 4930 2178 4985 et
2195 4914 2359 5003 indigna-

1365 5036 1499 5092 trouem
1524 5024 1692 5093 adversus
1714 5038 1913 5115 peccatum,
1938 5022 1977 5091 in
1998 5020 2123 5114 po'enis
2145 5016 2299 5099 diaboli,
2325 5026 2359 5082 et

1365 5120 1514 5197 humaui
1545 5126 1682 5215 generis
1707 5123 1867 5199 infinitis.
1926 5120 2109 5195 Hactenus
2132 5124 2175 5190 de
2199 5116 2358 5221 appella-

1365 5228 1461 5299 tione
1478 5228 1577 5319 agni,
1603 5250 1664 5297 seu
1682 5226 1863 5311 victimae,
1891 5226 2046 5299 breviter
2062 5224 2147 5297 dixi.

1405 5381 1412 5396 ’
1465 5364 1636 5437 Nominat
1653 5376 1772 5435 autem
1786 5388 1915 5454 agnum
1933 5362 2011 5438 Dei.
2058 5334 2359 5451 Haec‘desnipuo

322 5494 395 5539 nm
416 5468 574 5545 astabat,
601 5467 697 5539 videt
712 5464 888 5557 Spiritum
908 5483 1071 5539 sanctum
1089 5471 1312 5543 descendere.
1367 5466 1474 5537 etiam
1498 5468 1669 5557 singulari
1692 5467 1843 5537 consilio
1863 5468 1984 5538 addita
2001 5480 2063 5537 eet.
2117 5462 2256 5539 Caeteri
2275 5460 2357 5549 agni

324 5570 479 5645 'lantum
502 5569 616 5659 igitur
637 5571 818 5639 doctorem
839 5581 875 5639 et
898 5584 1021 5643 testem
1042 5570 1249 5656 audiamus,
1279 5586 1313 5642 et
1363 5570 1508 5641 mactati
1526 5594 1544 5638 a
1560 5570 1718 5663 patribus
1735 5584 1796 5640 aut
1810 5570 2054 5640 sacerdotibus
2066 5567 2132 5641 etsi
2155 5579 2255 5638 eraut
2273 5563 2358 5657 typi,

328 5676 397 5747 eius
416 5672 612 5747 conciones
632 5671 804 5743 acerrimo
827 5674 948 5744 studio
968 5674 1198 5759 meditemur,
1223 5698 1314 5767 qnae
1365 5685 1483 5741 tamen
1499 5696 1572 5741 uon
1589 5684 1690 5743 erant
1706 5696 1725 5741 a
1741 5673 1823 5743 Deo
1836 5672 2029 5742 consecrati
2045 5684 2079 5743 et
2093 5669 2214 5751 uncti,
2239 5680 2279 5737 ιιι
2295 5666 2358 5735 fir·
2422 5742 2430 5745 ,

327 5780 386 5849 etsi
407 5777 568 5851 breviter
590 5775 697 5843 nohis
720 5789 805 5845 stant
828 5776 1000 5862 traditae,
1025 5792 1143 5848 tamen
1166 5779 1311 5847 uuiver-
1364 5789 1443 5845 rent
1460 5774 1641 5857 victimae,
1667 5799 1732 5845 nec
1754 5774 1981 5866 peculiariter
1996 5776 2046 5848 ad
2062 5769 2129 5841 hoe
2151 5769 2274 5839 donati
2290 5792 2355 5837 uo-

325 5904 393 5955 sam
420 5879 604 5954 Ecclesiae
634 5878 833 5948 doctrinam
864 5880 1158 5973 complectuntur.
1217 5878 1314 5949 Haec
1366 5878 1555 5962 bisernnt,
1581 5894 1620 5949 ιιι
1640 5878 1762 5949 fierent
1785 5873 1932 5947 hostiae.
1983 5874 2167 5945 Postremo
2190 5896 2255 5941 nec
2277 5894 2356 5938 sen·
