5825 6950
566 737 641 814 aaa
1173 720 1299 794 run.
1326 721 1444 798 mun.
1471 689 1681 802 schram
1708 721 2009 802 axaearrca.
2510 733 2572 804 ns

564 920 652 989 test,
676 897 775 977 bunc
790 910 1010 993 contemtum
1027 920 1109 966 vere
1140 917 1217 964 esse
1246 911 1446 987 peceatum:
1476 923 1558 990 ergo
1714 898 1905 990 Praecepto
1930 900 1974 968 dc
1997 898 2152 970 vitandis
2174 900 2349 969 scandalis
2369 899 2488 972 adiecit
2503 925 2577 994 qua-

566 1007 683 1101 omnis
714 1004 806 1074 actio
837 1014 962 1072 contra
993 998 1247 1070 conscientiam
1285 1014 1338 1070 cst
1367 1025 1448 1070 vere
1479 1026 1559 1095 pec·
1615 1021 1697 1074 mor
1733 1004 1907 1085 rationes,
1950 1001 2074 1094 plenas
2112 997 2338 1074 Christianae
2378 1004 2577 1074 eruditionis.

568 1125 700 1194 catum.
1616 1104 1734 1174 Prima
1749 1115 1863 1174 sumta
1882 1117 1933 1173 est
1956 1127 1998 1172 ex
2022 1124 2149 1192 genere
2165 1127 2330 1196 operum,
2355 1105 2447 1197 quod
2470 1105 2579 1172 videli-

534 1230 538 1235 ·
793 1192 800 1210 ’
1618 1221 1671 1276 cet
1693 1229 1778 1276 usus
1801 1229 1921 1274 rerum
1946 1205 2120 1276 divinitus
2142 1207 2327 1277 ordinatus
2350 1220 2386 1276 et
2406 1228 2580 1291 concessus,

1618 1331 1679 1400 por
1692 1329 1765 1376 sese
1781 1332 1854 1376 non
1868 1307 1914 1377 sit
1928 1308 2153 1389 immundus,
2170 1331 2231 1378 scu
2248 1303 2457 1399 prohibitus.
2504 1306 2582 1391 Scio,

1620 1410 1757 1502 inquit,
1789 1407 1881 1478 nihil
1903 1431 1977 1478 essc
2006 1433 2192 1480 commune
2215 1431 2278 1504 per
2298 1433 2381 1482 sese.
2439 1409 2585 1500 Appellat

738 1267 799 1344 Tu
816 1271 900 1371 quis
917 1294 972 1360 es,
997 1267 1065 1368 pai
1079 1261 1222 1338 indicos
1237 1265 1390 1358 aliam?

675 1409 806 1481 Tradit
827 1409 986 1500 regulam
1008 1404 1240 1476 necessariam
1263 1405 1302 1475 in
1320 1401 1496 1493 Ecclesia,
1519 1433 1565 1478 ne

575 1515 663 1609 qaid
679 1515 850 1587 iaciansus
874 1524 997 1581 contra
1020 1509 1285 1581 conscientiam.
1338 1508 1466 1582 Postea
1483 1535 1566 1602 pro-

576 1615 684 1694 hibet¹
700 1629 841 1686 mutuas
861 1611 1177 1682 condemnationes
1205 1612 1245 1680 in
1268 1635 1336 1684 usu
1356 1611 1568 1682 indifferen-

452 1764 457 1773 ·
577 1723 687 1802 tium,
712 1733 753 1788 ut
767 1717 903 1786 rituum
928 1713 1096 1798 decibis,
1122 1711 1267 1797 diebus,
1300 1728 1336 1785 et
1356 1716 1438 1783 aliis
1460 1713 1566 1786 huius

437 1812 446 1824 ⁶
554 1813 729 1912 'generis
783 1815 951 1888 Etaddit·
972 1829 1221 1903 argumentum
1243 1817 1287 1886 de
1315 1817 1460 1886 iudicio.
1510 1816 1581 1889 lu·.

580 1925 716 1992 dicium
741 1935 792 1990 est
808 1915 960 1989 Christi:
988 1941 1070 2006 ergo
1092 1941 1158 1986 uos
1181 1941 1256 1985 non
1280 1922 1450 1988 debemus
1467 1921 1570 1988 nobis

581 2045 747 2112 arrogare
769 2023 964 2104 iudicium,
989 2019 1155 2088 videlicet
1177 2022 1222 2088 de
1243 2022 1459 2090 conscientia
1484 2022 1569 2090 alte-

581 2129 777 2210 rius,‘non
798 2125 843 2192 de
868 2137 1013 2191 externo
1028 2121 1121 2192 facto
1142 2121 1257 2210 palam
1284 2123 1422 2194 illicito.
1475 2121 1572 2192 Haec

584 2228 708 2316 regula
732 2228 801 2298 late
833 2235 945 2316 patet,
979 2224 1069 2293 sicut
1090 2236 1126 2292 et
1147 2223 1229 2292 illa:
1261 2222 1381 2294 Nolite
1404 2218 1572 2298 iudicare.

585 2330 668 2400 Non
680 2329 781 2402 enim
798 2322 1035 2417 probibentur
1053 2325 1272 2411 ministeria,
1295 2329 1429 2397 seilicet
1441 2328 1573 2399 doctri-

588 2456 658 2516 na,
688 2444 750 2500 aut
779 2428 977 2499 admonitio
1003 2429 1178 2512 fraterna,
1206 2439 1267 2498 aut
1287 2430 1443 2500 officium
1464 2431 1574 2518 magi-

589 2545 732 2606 stratus.
784 2529 881 2600 Haec
894 2532 988 2598 enim
1005 2523 1138 2599 habent
1153 2531 1317 2600 mandata
1337 2532 1418 2616 Dei,
1443 2547 1477 2601 et
1494 2545 1577 2602 sunt

556 2644 562 2648 ’
589 2634 723 2706 iudicia
739 2631 913 2702 divinitus
930 2631 1104 2701 instituta.
1157 2630 1229 2700 Sed
1251 2630 1488 2722 prohibentur
1504 2637 1576 2725 pri-

589 2751 671 2806 vata
696 2735 847 2819 iudicia,
880 2729 948 2803 hoc
970 2749 1039 2817 est,
1065 2734 1379 2804 condemnationes
1402 2751 1499 2806 extra
1517 2737 1577 2804 illa

590 2838 659 2910 tria
691 2828 823 2919 olhcia,
855 2859 945 2926 quac
973 2835 1154 2924 recensui,
1198 2835 1361 2906 videlicet
1400 2852 1498 2908 ortae
1538 2863 1579 2906 ex

592 2941 720 3008 morbo
737 2938 866 3021 arrimi,
893 2936 1157 3018 malevolentia,
1172 2950 1233 3006 aut
1248 2940 1412 3009 vanitate.
1465 2941 1580 3010 Dein-

591 3042 636 3115 de
661 3039 854 3122 iudicium,
886 3041 981 3130 quod
1003 3039 1053 3108 fit.
1067 3061 1131 3127 per
1152 3037 1353 3120 hominem,
1379 3043 1455 3110 fieri
1478 3045 1581 3112 debet

592 3144 639 3210 de
660 3154 806 3210 externo
829 3141 921 3208 lacto
946 3139 1083 3209 illicito.
1145 3139 1218 3210 Sed
1240 3157 1291 3212 est
1312 3145 1580 3214 usitatissimum

592 3243 786 3314 inmundo
810 3241 1027 3310 calumniose
1050 3243 1277 3332 interpretari
1300 3244 1457 3314 aliorum·
1478 3249 1582 3328 dicta,

594 3359 630 3417 et
650 3346 741 3422 sacta
763 3368 838 3418 non
863 3342 999 3416 illicita.
1050 3341 1147 3414 Haec
1170 3346 1302 3414 iudicia
1329 3347 1367 3414 in
1390 3371 1456 3416 usu
1473 3349 1582 3418 indil-

593 3447 784 3517 fcrentium
808 3445 987 3537 improbat
1009 3442 1160 3531 Paulus,
1196 3466 1231 3518 et
1252 3462 1346 3519 vetat
1367 3453 1583 3520 condemna-

538 3615 542 3624 ,
594 3550 710 3618 tiones
725 3562 869 3639 propter
880 3538 1069 3616 dissimiles
1085 3548 1174 3617 ritus
1191 3550 1473 3621 indifferentium
1495 3554 1583 3637 ficri,

595 3649 688 3719 sicut
703 3651 790 3719 olim
814 3650 958 3718 fuerunt
982 3652 1173 3717 certamina
1198 3655 1242 3719 de
1266 3654 1323 3723 die
1337 3652 1513 3743 Paschae,
1541 3664 1585 3727 dc
1665 3660 1669 3665 ’

598 3753 828 3837 sermentato,
854 3764 889 3821 et
905 3745 1110 3821 huiusmodi
1133 3752 1214 3826 alia.

795 3912 933 3988 Verum
958 3912 1063 3989 illud
1082 3912 1240 3992 iudicate
1266 3929 1403 4017 magis.

655 4073 659 4081 ·
703 4047 817 4121 Addit
831 4066 1055 4144 praeceptum
1071 4054 1116 4122 de
1132 4054 1285 4127 vitandis
1302 4060 1485 4129 scandalis.
1520 4056 1588 4129 Di-

512 4160 517 4165 “
602 4166 697 4224 ctum
733 4168 786 4223 est
814 4177 920 4246 supra
949 4158 995 4223 de
1026 4154 1175 4225 diversis
1206 4161 1394 4247 generibus
1417 4161 1587 4233 scandali.

544 4343 548 4351 Ι
602 4254 709 4325 Nunc
742 4269 880 4325 tantum
901 4257 1061 4349 loquitur
1083 4260 1127 4325 de
1157 4254 1224 4328 hoc
1246 4284 1392 4347 genere,
1425 4265 1589 4335 videlicet

603 4378 683 4428 cum
699 4372 759 4428 aut
782 4358 967 4427 liberiores
981 4358 1179 4428 abutuntur
1201 4360 1379 4443 libertate,
1403 4378 1465 4435 aut
1483 4389 1590 4434 econ-

604 4474 659 4528 tra
684 4460 867 4547 duriores,
893 4460 957 4551 qui
985 4472 1103 4529 tamen
1127 4485 1201 4529 non
1228 4476 1310 4531 sunt
1333 4458 1589 4536 hostcsEvan-

603 4560 705 4649 gelii,
748 4556 1013 4659 reprehendunt
1049 4586 1151 4630 usum
1184 4563 1369 4637 libertatis.
1438 4566 1588 4661 Utrique

602 4663 816 4751 obiurgandi
840 4679 941 4747 sunt,
970 4676 1005 4731 et
1028 4686 1229 4755 quanquam
1262 4670 1393 4737 abusus
1414 4666 1590 4740 libertatis

603 4779 654 4833 est
678 4766 950 4851 vituperandus,
981 4766 1162 4831 tamenin
1190 4766 1297 4835 altera
1321 4785 1418 4856 parte
1441 4772 1520 4860 plus
1538 4788 1587 4841 est

602 4867 701 4949 sitii,
722 4891 812 4960 qliae
833 4867 939 4936 etiam
958 4879 1103 4953 propter
1125 4867 1324 4954 gratuitatis
1343 4872 1492 4961 speciem
1508 4876 1589 4971 plus

602 4983 721 5052 nocet,
754 4970 899 5060 quando
931 4968 1142 5037 morosiores
1170 4969 1329 5041 sauciant
1356 4975 1587 5046 conscientias

602 5071 763 5156 piorum,
791 5070 852 5159 qui
871 5067 1034 5137 libertate
1051 5084 1221 5153 utuntur,
1246 5085 1282 5143 et
1299 5076 1478 5147 deterrent
1494 5081 1589 5146 mnl·

602 5186 657 5254 tos
677 5169 854 5257 simplices
881 5169 928 5237 ab
949 5166 1162 5261 Evametio,
1189 5184 1223 5241 et
1245 5173 1283 5241 in
1307 5177 1430 5246 multis
1453 5181 1587 5247 contri-

601 5283 697 5340 stant
724 5268 898 5359 Spiritum
928 5285 1102 5340 sanctum.
1163 5270 1253 5343 Cum
1274 5278 1382 5365 igitur
1397 5280 1435 5346 in
1451 5293 1587 5348 utram-

601 5394 671 5463 que
684 5384 818 5460 partem
835 5371 1032 5460 plurimum
1051 5374 1099 5443 sit
1111 5374 1282 5463 periculi,
1308 5404 1398 5469 opus
1412 5395 1465 5451 est
1479 5376 1587 5450 Chri·

601 5473 725 5543 stianis
747 5495 874 5561 magna
897 5471 1100 5562 diligentia,
1126 5500 1172 5544 ne
1195 5497 1354 5565 peccent,
1380 5494 1441 5551 aut
1464 5506 1582 5552 moro-

599 5576 648 5659 sis
667 5571 1021 5664 reprehensionibus,
1055 5590 1116 5645 aut
1140 5578 1253 5649 abusu
1283 5583 1477 5667 libertatis,
1519 5591 1579 5655 sed

598 5688 739 5748 teneam
756 5692 879 5768 caput,
906 5678 943 5747 id
959 5690 1027 5757 est,
1051 5680 1271 5765 doctrinam,
1297 5691 1393 5775 quod
1416 5678 1473 5753 hic
1497 5710 1580 5757 usus

594 5776 640 5847 sit
667 5777 892 5863 indifferens,
930 5792 971 5849 ut
990 5775 1123 5849 Paulus
1147 5782 1265 5877 inquit
1295 5792 1327 5855 1.
1344 5782 1508 5866 Corinth.
1525 5790 1577 5861 dn

590 5872 771 5951 Brauon
786 5883 1009 5961 commendat
1029 5904 1097 5953 nos
1114 5878 1201 5957 Deo.

1620 1513 1715 1584 enim
1741 1533 1952 1594 commune,
1986 1506 2231 1602 prophanum,
2266 1510 2449 1596 illicitum,
2480 1505 2584 1602 prohi-

1621 1615 1755 1694 bitum,
1799 1615 1872 1683 noo
1909 1631 2087 1697 sanctum,
2128 1636 2226 1684 more
2263 1613 2420 1686 ludaico.
2484 1610 2587 1682 ludaei

1622 1716 1717 1786 enim
1744 1739 1823 1787 cum
1847 1728 2020 1785 vocentur
2046 1716 2199 1808 populus
2215 1716 2303 1800 Dei,
2331 1729 2365 1786 ct
2385 1728 2535 1798 sanctus,
2556 1715 2585 1782 id

1622 1832 1694 1902 est,
1719 1832 1898 1909 separatus
1911 1841 1931 1887 a
1945 1818 2112 1906 gentibus
2126 1821 2170 1891 ad
2185 1819 2321 1889 cultum
2340 1817 2424 1898 Dei,
2437 1811 2585 1886 vocabant

1624 1933 1743 1990 sancta
1766 1919 1907 2004 omnia,
1933 1940 2087 2013 quorum
2111 1943 2195 1990 ersus
2220 1921 2499 2018 ipsisconcessus
2517 1933 2586 1988 erra.

1624 2019 1671 2092 Et
1686 2021 1830 2114 quidem
1846 2035 1947 2092 erant
1961 2035 2096 2106 sancta,
2111 2023 2195 2114 quia
2209 2021 2310 2091 era'nt
2323 2021 2484 2090 ordinata
2498 2021 2587 2086 verbo
2622 2022 2623 2044 ¹

1626 2121 1703 2196 Dei.
1763 2119 1920 2196 Econtra
1949 2118 2135 2214 prophana
2161 2137 2195 2194 et
2225 2118 2404 2215 prohibita
2428 2120 2590 2190 nominant

1627 2225 1848 2310 communia,
1873 2227 2004 2305 idest,
2031 2249 2105 2295 non
2130 2240 2267 2311 saneta,
2295 2249 2370 2294 non
2393 2235 2538 2314 separata
2555 2228 2590 2289 ad

1628 2351 1732 2397 rasum
1750 2327 1876 2418 populi
1893 2327 2016 2412 sancti,
2043 2331 2102 2396 scd
2121 2329 2250 2420 quibus
2265 2323 2403 2396 Gentes
2418 2325 2591 2394 utebantur.

1629 2429 1724 2497 Haec
1737 2431 1781 2497 dc
1796 2431 2034 2521 appellatione
2049 2444 2187 2500 tantum
2198 2431 2289 2497 dixi:
2307 2453 2405 2498 nunc
2421 2428 2491 2517 ipsa
2505 2425 2589 2493 etiarn

1630 2532 1749 2620 regula
1767 2531 2027 2616 consideretur,
2054 2553 2143 2624 quae
2158 2532 2315 2600 breviter
2340 2526 2398 2599 hic
2411 2529 2529 2599 tradita
2542 2540 2589 2608 est,

1630 2633 1717 2702 alibi
1749 2657 1834 2702 vero
1866 2633 2045 2723 copiosius
2076 2633 2286 2724 explicatur,
2332 2633 2481 2714 scillcet,
2513 2631 2585 2721 quod

1631 2733 1864 2824 Evangelium
1881 2757 1954 2804 non
1971 2736 2129 2826 requirat
2151 2748 2263 2804 certas
2286 2729 2587 2804 observationesci-

1633 2841 1779 2920 borum,
1807 2837 1966 2920 dierum,
2001 2837 2172 2919 vestium,
2198 2851 2234 2906 ct
2257 2838 2392 2905 similes
2414 2827 2527 2902 causae
2545 2855 2589 2899 su·

1632 2963 1696 3030 pra
1713 2952 1880 3009 tractatae
1897 2953 1999 3022 sunt,
2024 2937 2109 3031 quia
2127 2935 2365 3027 Evangelium
2390 2941 2487 3006 docet
2506 2935 2592 3028 pradis

1635 3054 1777 3130 propter
1789 3037 1991 3120 Christum,
2017 3064 2094 3108 non
2116 3056 2261 3132 propter
2285 3056 2407 3110 nostra
2428 3061 2524 3129 opera
2537 3049 2591 3138 ‘ml

1634 3143 1896 3212 observationes
1913 3142 2044 3211 remitti
2060 3158 2210 3232 peccata.
2264 3142 2368 3226 ltcm,
2379 3138 2591 3228 'Evangelirrn

1635 3244 1737 3313 affert
1768 3244 1944 3313 iusticiam
1981 3256 2016 3314 et
2045 3245 2152 3312 vitam
2182 3245 2403 3336 spiritualem
2432 3257 2465 3312 et
2494 3261 2593 3330 perpe-

1637 3361 1745 3416 tuam.
1801 3341 1859 3414 Ad
1885 3340 1977 3416 hanc
1997 3340 2090 3414 nibil
2114 3347 2251 3416 iaciunt
2273 3345 2530 3416 observationes
2548 3363 2593 3407 er·

1637 3462 1757 3520 ternae
1776 3448 1939 3518 ciborum
1957 3461 1992 3519 et
2005 3448 2191 3523 similium.

1874 3606 1969 3683 Nisi
1983 3610 2016 3681 ei
2039 3610 2105 3709 qui
2120 3610 2313 3683 existimat
2335 3622 2398 3689 alc.

1742 3746 1888 3819 Adiecit
1906 3750 2052 3837 regulae.
2068 3752 2312 3840 appendicem.
2377 3748 2525 3829 Munda,
2547 3736 2597 3811 hoc

1641 3863 1710 3935 est,
1743 3852 1839 3921 licita
1870 3850 1945 3919 beri
1974 3850 2098 3921 illicita
2133 3853 2197 3937 iis,
2228 3874 2384 3944 quorum
2413 3844 2598 3919 conscientia

1641 3954 1776 4023 iudicat
1789 3975 1862 4021 esse
1880 3952 2016 4022 illicita.
2043 3952 2129 4023 ldeo
2145 3949 2204 4022 hic
2219 3955 2321 4027 locus
2337 3954 2516 4042 diligenter
2528 3969 2597 4017 con·

1640 4055 1850 4124 siderandus
1880 4068 1952 4135 est,
1979 4069 2019 4125 ut
2044 4056 2221 4127 discamus
2245 4080 2331 4125 vere
2351 4068 2521 4147 peccatum
2540 4070 2597 4115 esse

1642 4159 1755 4226 lacere
1780 4170 1902 4225 contra
1923 4156 2185 4230 coriscien'tiam.
2243 4156 2309 4229 Est
2337 4159 2431 4225 enim
2452 4148 2598 4224 sententia

1642 4254 1749 4327 huius
1764 4259 1866 4327 dicti:
1893 4254 1977 4327 Cibi
1990 4283 2101 4346 geraus
2117 4284 2179 4351 per
2190 4282 2226 4327 se
2245 4262 2391 4354 quidem
2415 4273 2464 4327 est
2479 4256 2600 4329 licitum,

1642 4363 1703 4429 sed
1725 4361 1786 4452 qui
1811 4360 2036 4450 improbante
2057 4362 2271 4431 conscicntia
2294 4362 2464 4445 vescitur,
2488 4359 2515 4425 is
2535 4376 2599 4444 pet·

1643 4470 1714 4532 cat':
1753 4461 1847 4549 Quia
1881 4464 1995 4531 facere
2028 4462 2164 4556 aliquid
2187 4464 2374 4535 dubitante
2403 4463 2456 4531 vel
2489 4460 2597 4545 impm·

1641 4565 1749 4634 hante
1764 4564 2000 4655 conscientia,
2025 4583 2076 4636 cst
2091 4588 2194 4655 agere
2213 4590 2256 4635 ex
2278 4579 2456 4639 contemtu
2478 4559 2554 4642 Dei,
2575 4566 2599 4621 el

1641 4669 1717 4736 sine
1731 4666 1807 4739 fide.

1729 4829 1773 4909 V
1768 4858 1867 4907 erum
1886 4833 1925 4903 si
1941 4810 2090 4933 propter
2112 4832 2229 4907 cibam
2246 4836 2367 4929 frater
2388 4846 2469 4906 tuos
2486 4842 2539 4903 m.

1743 4970 1906 5043 Secunda
1933 4973 2023 5043 ratio
2048 4988 2164 5043 sumta
2186 4998 2226 5042 ex
2249 4974 2365 5043 officio
2381 4965 2599 5043 fraternacdi-

1643 5074 1822 5157 lectionis,
1861 5088 1896 5142 ct
1917 5089 1969 5147 cst
2000 5072 2183 5163 magnifice
2213 5091 2424 5167 exaggerata.
2488 5070 2599 5140 Contra

1640 5177 1831 5246 fraternam
1848 5176 2073 5247 dilectionem
2090 5193 2139 5247 est
2156 5202 2284 5247 nocere
2312 5180 2404 5247 aliis:
2438 5198 2513 5263 ergo
2533 5186 2598 5237 cave

1641 5302 1686 5346 ne
1710 5294 1767 5347 tua
1791 5279 1947 5367 exempla
1971 5296 2120 5349 noceant
2141 5279 2232 5351 aliis.
2283 5278 2532 5370 Argumentum
2552 5290 2597 5336 ac·

1640 5387 1884 5449 commodetur
1904 5385 1949 5447 ad
1974 5383 2164 5473 utrosque,
2190 5384 2233 5451 ad
2258 5383 2452 5465 institutos,
2477 5376 2532 5471 qui
2550 5392 2597 5479 pej

1639 5484 1794 5551 talanter
1817 5484 2214 5569 abutunturlibertate,
2240 5488 2334 5554 etad
2359 5505 2526 5561 morosos,
2549 5492 2596 5563 ψη

1636 5588 1760 5654 acerbe
1790 5585 1950 5656 indicant
1981 5590 2026 5654 de
2054 5587 2235 5657 utentibus
2271 5589 2441 5655 libertate.
2505 5579 2595 5661 Saepe

1635 5688 1729 5754 enim
1757 5686 1817 5755 illa
1841 5690 2011 5757 acerbitas
2041 5689 2256 5759 iudiciorum
2289 5694 2438 5758 deterret
2461 5682 2595 5750 intirmos

1633 5790 1678 5857 ab
1691 5788 1904 5875 Evangelio,
1932 5807 1963 5859 et
1979 5791 2109 5859 sanciat
2125 5808 2258 5861 mentes
2275 5792 2377 5861 etiam
2397 5778 2593 5856 mediocriter

1632 5892 1870 5962 confirmatas:
1912 5891 1985 5963 imo
2023 5896 2208 5967 contristat
2238 5894 2411 5993 Spiritum
2446 5896 2592 5959 sanctum
