5825 6950
467 650 476 661 ’
600 690 700 780 tut
988 723 992 739 .
1205 671 2042 759 rumumscuumttsuuruca
2247 690 2264 746 ·.
2296 690 2317 761 .ῑ
2376 745 2383 761 .
2451 697 2580 783 ‘aare

601 882 699 952 tuna,
726 875 838 939 taceat
854 859 965 956 prior.
1018 847 1591 941 Item,1.Themalonicens.5.:
1643 849 1724 923 Non
1738 865 1931 946 sequantur
1946 852 2177 944 cogitationes
2192 866 2291 946 ausa,
2316 862 2376 933 sed
2394 865 2458 940 siat
2476 894 2579 947 mama.

603 968 780 1062 Spiritum
811 990 855 1036 ne
885 962 1098 1050 extinguite,
1135 951 1340 1052 prophetias
1366 979 1413 1026 ne
1433 969 1593 1028 coutem-
1641 977 1698 1024 res
1716 968 1984 1047 praeceptorum
2010 958 2096 1029 Deir
2125 959 2297 1055 Sequitur
2317 987 2388 1034 ron
2407 992 2472 1039 esse
2492 978 2580 1047 ambi.

602 1072 688 1143 nite.
735 1068 876 1140 'Omnia
900 1068 1062 1157 probate,
1093 1062 1188 1155 quod
1213 1060 1348 1129 honum
1369 1073 1437 1143 est,
1463 1072 1591 1134 tenete.
1643 1056 1833 1145 gnitatem,
1859 1059 1916 1127 cui
1940 1056 2099 1131 humano
2129 1062 2263 1134 iudicio
2284 1068 2393 1158 possit
2409 1074 2484 1144 addi
2502 1074 2583 1149 inter-

602 1170 682 1245 Hoc
708 1172 813 1241 modo
837 1172 879 1241 ad
901 1168 1126 1239 restitandum
1146 1161 1417 1233 samosatenum
1451 1162 1588 1251 privato
1646 1159 1826 1251 pretaticu'
1998 1154 2013 1164 “

602 1276 721 1345 studio
751 1288 895 1364 propter
922 1270 1070 1359 gloriam
1094 1264 1161 1335 Dei
1191 1276 1434 1333 convenerunt
1464 1266 1591 1356 procul
1743 1258 1822 1335 Etsi
1838 1276 1956 1333 atatem
1971 1263 2130 1355 delege,
2154 1278 2192 1338 et
2209 1267 2257 1339 de
2283 1272 2584 1361 pmmissionibnset

602 1374 798 1467 Gregorius
815 1370 1114 1445 Neocaesariensis
1131 1380 1166 1438 et
1185 1366 1259 1437 alii.
1311 1368 1364 1436 Ac
1387 1366 1471 1435 talia
1495 1390 1588 1435 sem·
1643 1364 1688 1431 de
1717 1366 2127 1453 articulistrecessariis,
2153 1391 2240 1442 'non
2268 1386 2324 1444 sat
2349 1376 2586 1466 amhipaiuain

600 1504 666 1573 per
687 1494 771 1550 sunt
794 1502 895 1547 verae
917 1472 1094 1545 Ecclesiae
1118 1468 1271 1555 iudicia,
1303 1472 1590 1563 quandocunque
1640 1465 1781 1557 scriptis
1807 1464 2023 1558 propheticis
2044 1484 2078 1541 et
2100 1472 2322 1562 apostolicis,
2346 1490 2457 1547 tanen
2476 1483 2583 1573 qaiain

601 1598 684 1653 suut
700 1576 876 1651 Ecclesiae
898 1575 1122 1646 mediocriter
1143 1572 1346 1654 restitutae,
1371 1583 1411 1640 ut
1435 1594 1501 1640 nos
1525 1573 1591 1641 ad·
1640 1570 1930 1641 contentionibus
1951 1570 2057 1639 etiam
2083 1573 2187 1661 plane
2215 1577 2314 1649 dicta
2330 1580 2478 1649 'dirersis
2499 1585 2585 1655 iuter-

587 1678 725 1755 -hihitis
739 1682 817 1751 aliis
834 1680 900 1772 piis
915 1704 955 1749 ac
972 1676 1120 1747 eruditis
1138 1674 1242 1757 viris,
1268 1668 1337 1741 hoc
1357 1674 1464 1741 modo
1485 1696 1589 1763 saepe
1643 1672 1900 1761 pretationibus
1923 1675 2224 1747 transformantur
2239 1680 2278 1747 in
2292 1680 2587 1771 plorassenteatiaa,

599 1782 852 1876 Anabaptistas
885 1781 1116 1853 refutavimus
1143 1800 1183 1843 ac
1217 1775 1477 1845 damnavimus.
1535 1774 1589 1843 De
1642 1777 1784 1862 prodest
1819 1778 1944 1845 audire
1977 1778 2180 1850 testimonia
2203 1782 2370 1870 purioris
2388 1781 2549 1855 Ecclesiae
2561 1790 2588 1856 in

581 1888 665 1977 ⁸tali
694 1886 828 1955 iudicio
859 1908 932 1952 nnn
955 1880 1140 1976 tyrannico
1157 1875 1312 1945 Basilius
1328 1876 1504 1969 loquitur,
1529 1876 1589 1944 in·
1641 1875 1820 1968 aliquibus
1838 1876 2014 1957 materiis,
2040 1893 2076 1949 et
2091 1902 2132 1951 cs
2146 1883 2368 1955 confessead
2378 1886 2503 1969 fontes,
2523 1912 2588 1981 qnae

601 1990 744 2083 quiens:
767 1984 870 2061 :attat
883 1987 976 2057 εἰσιν
989 1978 1192 2063 ἐπίσκοποι,
1207 1977 1376 2071 κληθῶσι
1390 1978 1440 2057 εἰς
1449 1972 1587 2073 ἄκρόο-
1640 1995 1720 2047 cum
1737 1979 1898 2049 videmus
1913 1981 2025 2067 magis
2038 2004 2234 2071 congruere
2248 2008 2335 2056 carra
2345 1988 2507 2073 fontibus,
2519 1992 2588 2058 nd·

503 2143 517 2159 .
599 2112 672 2164 σιν.
718 2086 817 2162 'Euri
836 2091 970 2181 κλῆρος
992 2079 1087 2156 κατὰ
1107 2085 1235 2154 πᾶσαν
1253 2085 1323 2151 τοῦ
1336 2080 1432 2151 θεοῦ
1454 2105 1586 2175 napoc-
1641 2093 1716 2153 tum
1751 2082 2014 2154 confirmamur.
2038 2097 2073 2157 et
2106 2082 2162 2156 bis
2188 2087 2275 2176 ipsis
2300 2090 2512 2163 testimoniis.
2553 2090 2587 2162 tl

598 2188 708 2281 κίον,
748 2188 1052 2283 σοναχθήτωσαν
1079 2182 1114 2255 οἱ
1142 2176 1411 2274 δοκιμώτατοι,
1453 2175 1592 2281 λεγὲτω
1640 2206 1843 2275 quanquam
1869 2182 2119 2255 samosatenus
2138 2203 2253 2260 astute
2277 2192 2432 2281 disputat
2460 2194 2495 2261 in
2518 2192 2588 2261 dieto

597 2290 692 2387 μετὰ
714 2287 917 2387 ποῤῥησίας
940 2286 960 2361 ὁ
983 2280 1232 2383 βουλόμενος,
1257 2282 1323 2357 ἵνα
1342 2277 1526 2382 ἔλεγχοςῇ
1543 2282 1587 2356 τὸ
1617 2349 1621 2378 ,
1641 2280 1813 2355 lobannis
1832 2285 1873 2357 la
1896 2282 1993 2379 ἀρχῇ
2016 2278 2065 2379 ἦν
2086 2283 2107 2361 ci
2129 2282 2260 2388 λόγος,
2285 2293 2517 2384 unuintelligi
2530 2316 2587 2382 prr·

597 2390 844 2496 γιγνόμενον,
870 2386 935 2465 καὶ
952 2386 1005 2485 μὴ
1021 2383 1200 2483 λοιδορία.
1616 2481 1619 2490 Ι
1638 2410 1762 2457 sonam
1776 2388 1923 2460 nomine
1938 2388 2060 2487 λόγος,
2081 2404 2297 2465 tamencum
2310 2395 2460 2485 legimus
2474 2395 2586 2475 irenaei,

699 2497 861 2570 Secunda
878 2494 1039 2589 quaestio
1054 2507 1105 2563 est
1128 2493 1173 2566 de
1196 2512 1320 2559 norma
1330 2540 1340 2576 ,
1363 2487 1462 2559 iuxta
1480 2512 1587 2581 quam
1639 2488 1804 2578 Gregorii
1818 2488 2139 2579 Neocaesarisnsis,
2163 2509 2202 2567 et
2220 2496 2377 2569 aliorum
2395 2498 2587 2589 pmbatorun

595 2601 828 2673 iudicandum
849 2612 914 2669 est.
977 2592 1048 2665 Hic
1076 2618 1151 2663 aon
1173 2593 1325 2663 dubium
1349 2604 1402 2661 est
1424 2614 1586 2663 normam
1637 2592 1870 2683 interpretum
1891 2594 2102 2677 sententias,
2132 2613 2293 2690 prosunt.
2305 2595 2394 2671 baec
2423 2600 2583 2669 testimonia

597 2726 672 2775 esse
700 2704 795 2794 ipsos
833 2702 947 2771 libros
982 2692 1207 2790 pmpheticos
1240 2707 1275 2764 et
1308 2695 1521 2786 apostolicos
1551 2710 1587 2767 et
1637 2696 1680 2763 ad
1710 2716 1775 2764 nos
1806 2696 1986 2769 docendos
2015 2711 2050 2766 et
2071 2700 2354 2776 confirmandos..
2413 2701 2494 2772 laico
2517 2703 2584 2769 auin

581 2806 777 2899 symbola,
817 2804 857 2873 in
879 2800 1010 2896 quibua
1036 2796 1215 2891 praecipui
1244 2796 1384 2867 articuli
1411 2798 1585 2890 propositi
1616 2791 1734 2866 'usus
1749 2797 1983 2875 ministerium
2001 2800 2037 2867 in
2054 2795 2212 2873 Ecclesia
2226 2818 2363 2890 amat,
2384 2818 2426 2875 ut
2439 2800 2582 2893 Ephral

594 2908 636 2977 in
660 2908 762 2979 libris
788 2900 1003 2997 propheticis
1028 2916 1062 2972 et
1082 2899 1285 2993 apostolicis
1309 2898 1463 2968 brevitet·
1487 2925 1585 2971 com·
1637 2899 1898 2989 scriptumest,
1929 2900 2287 2977 Necircuml'eraruus
2311 2908 2420 2978 variis
2441 2904 2581 2975 doctrina-

594 3006 765 3103 prehensi
788 3022 883 3079 sunt.
951 3000 1000 3077 Et
1022 3027 1102 3075 curn
1132 3002 1406 3071 deliramentum
1437 3000 1584 3096 aliquod
1636 3024 1715 3069 rum
1731 3002 1863 3086 ventis,
1887 3004 1950 3071 sed
1970 3003 2042 3072 siut
2064 3006 2175 3098 aliqui
2191 3012 2296 3078 tes‘tes
2314 3032 2419 3079 verae
2440 3006 2580 3077 doctrine

595 3124 729 3203 pugnat
752 3135 830 3181 cunr
862 3108 1047 3200 perspicuo
1080 3105 1230 3178 articulo
1253 3102 1382 3174 tradito
1416 3103 1586 3183 inlibris
1636 3104 1967 3194 sineambiguitate.
2019 3104 2064 3176 Et
2081 3109 2184 3181 iussit
2199 3112 2317 3180 audiri
2335 3109 2521 3181 Ecclesiam
2542 3110 2586 3177 do

594 3208 811 3305 propheticis
832 3226 894 3281 aut
915 3208 1135 3301 apostolicis,
1168 3221 1229 3276 aut
1253 3206 1442 3299 symbolis,
1467 3209 1584 3277 ruani-
1636 3205 1778 3275 ctricem
1794 3221 1828 3278 et
1845 3207 2089 3291 monitricem,
2113 3211 2206 3281 sicut
2220 3212 2512 3306 inquitSamson:
2534 3204 2586 3279 Nisi

595 3316 682 3387 festa
708 3329 761 3386 est
782 3314 989 3385 diiudicatio
1015 3310 1111 3379 iuxta
1131 3304 1222 3377 hanc
1244 3308 1420 3397 regulam-2
1449 3309 1585 3403 Siquis
1635 3308 1796 3377 arassetis
1810 3311 2011 3379 meavitula
2019 3360 2031 3394 ,
2060 3336 2133 3381 uon
2150 3312 2387 3387 invenissetis.
2434 3312 2479 3385 Et
2491 3314 2528 3382 ad
2541 3309 2588 3379 Pe·

595 3416 694 3489 aliud
712 3414 944 3505 Evangelium
968 3413 1086 3497 docet,
1112 3405 1300 3481 anathema
1317 3410 1381 3494 sit,
1406 3426 1447 3483 ut
1463 3412 1584 3482 Mani·
1637 3424 1730 3482 trum
1746 3410 1879 3505 inquit:
1901 3409 1949 3484 Et
1964 3419 2582 3490 tuconversnsconlirmafratrestnos.

594 3516 673 3593 chai
691 3519 849 3603 furores,
875 3517 959 3589 item
976 3513 1158 3605 Pelagiaui
1180 3537 1261 3584 cum
1277 3515 1473 3606 perspicuis
1497 3518 1584 3588 arti·
1738 3510 1927 3585 Audienda
1941 3528 1992 3584 est
2013 3515 2123 3604 igitur
2144 3541 2226 3588 uera
2241 3515 2401 3592 Ecclesia
2422 3535 2461 3592 ut
2482 3515 2591 3588 doctrix

522 3619 528 3624 ’
595 3622 684 3694 culis
701 3623 918 3712 pugnabant.
1637 3629 1670 3686 et
1684 3617 1873 3697 monitrix,
1899 3617 1961 3688 sed
1985 3617 2074 3687 fides
2091 3619 2227 3690 nitatur
2252 3625 2364 3693 serbo
2385 3621 2462 3702 Dei.
2508 3616 2591 3690 Cotu-

695 3717 767 3798 Sed
785 3719 842 3794 hic
856 3721 1030 3792 obiiciunt
1043 3715 1250 3809 Sophistae,
1275 3717 1386 3788 multa
1403 3739 1477 3786 esse
1491 3719 1584 3790 dicta
1635 3719 1823 3790 monefacti
1848 3719 1955 3808 igitur
1978 3721 2024 3789 ab
2038 3716 2196 3792 Ecclesia
2221 3727 2445 3796 conferamus
2464 3722 2592 3793 testimo·

594 3827 741 3900 obscura
757 3838 793 3896 et
808 3825 970 3922 ambigua
990 3823 1027 3890 in
1043 3821 1145 3890 libris
1159 3814 1376 3911 propheticis
1392 3833 1429 3891 et
1441 3835 1583 3912 aposto·
1634 3823 1694 3890 nia
1717 3822 1793 3892 eius
1815 3822 1860 3892 ad
1881 3824 2008 3892 fontes.
2058 3818 2110 3893 Et
2130 3838 2229 3913 grata
2244 3829 2465 3900 confirmatio
2484 3837 2531 3894 est
2543 3825 2591 3892 bo·

593 3929 682 4000 licis.
733 3925 854 4017 Quare
869 3949 989 3995 vocem
1006 3923 1133 3992 iudicis
1147 3923 1369 3994 contendunt
1383 3925 1581 3993 autefereu-
1635 3948 1702 3992 nae
1716 3925 1847 4010 menti,
1872 3926 1963 3994 scire
1976 3946 2013 3994 se
2030 3949 2105 3994 nou
2127 3927 2307 3998 discedere
2327 3954 2349 4000 a
2366 3949 2532 4000 cnnoeusu
2547 3945 2591 3990 vt·

595 4033 678 4100 dam
702 4043 776 4100 esse
795 4027 898 4098 libris
919 4021 1135 4118 propheticis
1160 4038 1195 4094 et
1216 4025 1427 4114 apostolicis.
1502 4025 1581 4096 Hoc
1634 4050 1693 4096 rae
1716 4026 1912 4108 Ecclesiae,
1941 4041 1975 4099 ct
1995 4050 2068 4097 uuo
2091 4027 2220 4118 spiritu
2242 4045 2278 4101 et
2299 4055 2375 4102 una
2402 4052 2484 4100 voce
2502 4027 2592 4096 Deum

594 4144 775 4221 praetextu
793 4131 854 4200 alii
877 4130 1049 4224 synodos,
1075 4126 1137 4195 alii
1154 4125 1284 4218 Papam
1304 4127 1506 4199 anteferunt
1525 4124 1581 4199 his
1634 4131 1800 4199 invocare
1815 4153 1894 4200 curn
1913 4153 1994 4198 vera
2010 4127 2189 4216 Ecclesia,
2215 4133 2308 4204 sicut
2322 4133 2464 4204 Psalmo
2479 4133 2534 4204 21.
2552 4124 2592 4195 dl·

595 4235 716 4319 libris,
750 4233 841 4304 sicut
865 4232 902 4300 in
925 4229 1085 4324 quolibet
1107 4251 1234 4318 regno,
1266 4251 1347 4296 cum
1378 4229 1416 4296 in
1444 4229 1581 4320 legibus
1632 4232 1746 4303 citur:
1788 4229 1830 4299 ln
1860 4233 1980 4301 medio
2012 4229 2191 4302 Ecclesiae
2222 4234 2383 4306 laudabo·
2412 4249 2456 4308 te.
2512 4229 2592 4311 ltern,

595 4331 875 4429 deprehenditur
889 4331 1085 4405 obscuritas
1100 4344 1163 4401 aut
1175 4329 1402 4418 ambiguitas,
1425 4334 1580 4402 autefer-
1633 4333 1774 4405 Psalmo
1793 4334 1895 4403 110.:
1923 4332 2130 4404 Confitebur
2147 4335 2215 4409 tibi
2226 4335 2384 4408 Domine
2405 4339 2443 4406 in
2466 4329 2592 4410 concilio

596 4453 656 4510 tur
681 4461 755 4509 vox
779 4437 873 4526 regis
896 4435 1073 4526 explicans
1094 4433 1243 4502 obscure
1262 4432 1317 4500 vel
1343 4433 1508 4524 ambigue
1524 4436 1581 4504 di·
1632 4450 1668 4508 et
1692 4436 1962 4526 congregatione
1983 4437 2171 4510 iustorum.
2242 4435 2291 4513 Et
2321 4441 2361 4510 in
2394 4439 2545 4509 fontibus
2563 4455 2591 4499 ex

595 4556 703 4616 ctum.
751 4538 797 4610 Et
820 4539 859 4606 iu
881 4535 1041 4627 imperiis
1064 4557 1205 4602 necesse
1228 4547 1280 4604 est
1305 4536 1523 4627 acquiescere
1541 4539 1580 4608 in
1633 4552 1705 4610 tota
1729 4538 1975 4609 narrationum
1998 4538 2090 4608 serie
2106 4540 2218 4611 ‘unica
2240 4556 2276 4613 et
2303 4543 2425 4613 nativa
2445 4534 2592 4611 sententia

596 4667 635 4713 ea
660 4640 910 4733 explicatione,
937 4637 1071 4729 alioqui
1094 4637 1216 4706 nullus
1235 4636 1316 4705 finis
1338 4651 1426 4708 esset
1450 4639 1579 4712 litium.
1633 4644 1829 4735 plerunque
1851 4641 2006 4710 inveniri
2029 4653 2152 4731 potest.
2208 4641 2269 4715 Sic
2290 4658 2325 4716 et
2349 4668 2448 4714 nune
2467 4641 2590 4711 adiuva·

593 4743 673 4815 Hoc
700 4743 899 4832 exemplum
929 4739 1114 4832 politicum
1147 4739 1365 4810 transferunt
1393 4736 1580 4834 Sophistae
1632 4744 1775 4814 mutin
1798 4743 1919 4814 multis
1942 4745 2192 4815 controversiis
2214 4768 2234 4815 a
2258 4747 2368 4817 veteri
2385 4735 2590 4816 etsinceriori

593 4849 639 4918 ad
662 4845 791 4917 iudicia
810 4840 1000 4914 Ecclesiae.
1631 4844 1801 4916 Ecclesia.
1853 4845 2085 4916 Manifestum
2103 4862 2155 4919 est
2174 4849 2211 4916 in
2230 4849 2345 4940 prima
2359 4846 2516 4920 Ecclesia
2535 4861 2589 4910 nou

696 4945 766 5018 Sed
791 4944 1077 5034 respondendum
1099 4954 1167 5015 est:
1194 4940 1248 5014 De
1271 4944 1433 5016 doctrina
1457 4969 1579 5018 neces·
1629 4950 1739 5018 fuisse
1773 4948 1926 5040 privatas
1953 4947 2093 5021 Missas.
2153 4949 2261 5022 Hunc
2291 4973 2429 5022 morem
2464 4970 2537 5019 ctam
2557 4940 2589 5011 tl

593 5049 705 5134 saria,
730 5048 830 5118 nulla
845 5060 897 5117 est
911 5046 1120 5135 ambiguitas
1135 5046 1174 5115 in
1194 5046 1295 5118 libris
1312 5043 1529 5140 propheticis
1543 5064 1578 5120 et
1631 5050 1734 5120 Pauli
1759 5053 1850 5121 dieta
1866 5052 2099 5137 conferimus,
2134 5054 2296 5124 videmus
2316 5077 2399 5123 eum
2423 5064 2589 5138 congruere

593 5151 797 5242 apostolicis
812 5163 846 5222 et
862 5149 902 5218 in
927 5148 1121 5243 symbolis,
1147 5149 1177 5216 si
1198 5149 1275 5219 sine
1297 5152 1521 5220 cavillatione
1541 5167 1577 5224 et
1628 5177 1709 5224 cum
1733 5149 1802 5223 hoc
1824 5155 1939 5237 dicto,
1972 5157 2003 5226 t.
2017 5150 2181 5229 Corinth.
2202 5154 2281 5229 tt:
2311 5153 2406 5226 Cum
2423 5143 2591 5224 convenitis

592 5255 713 5325 dextre
735 5252 999 5338 intelligantur,
1031 5251 1187 5340 inspecta
1208 5265 1378 5343 perpetua
1397 5253 1575 5324 narratio·
1628 5257 1672 5325 ad
1694 5279 1840 5326 coenam
1863 5253 2033 5335 Domini,
2058 5270 2236 5348 expectate
2254 5269 2422 5328 caeteros.
2473 5252 2524 5321 De
2543 5249 2589 5318 ba·

591 5379 680 5428 num
696 5355 803 5440 serie,
829 5368 866 5427 et
876 5374 993 5424 secum
1009 5353 1312 5423 consentientibus
1325 5353 1514 5439 membris,
1534 5370 1575 5426 nt
1626 5357 1755 5449 ptismn
1782 5358 1959 5428 infantum
1983 5358 2089 5429 etiarn
2116 5357 2452 5453 Augustinus-citat
2483 5355 2589 5446 primae
2625 5376 2626 5379 ¹

592 5459 631 5528 in
653 5481 865 5552 quacunque
887 5455 1179 5548 interpretatione
1205 5454 1280 5524 lieri
1306 5457 1420 5529 debet.
1488 5455 1574 5528 ideo
1624 5457 1800 5529 Ecclesiae
1824 5463 2128 5534 consuetudinem.
2183 5459 2231 5534 Et
2257 5458 2436 5551 Origenes
2457 5469 2586 5546 expresse

591 5554 800 5634 ECorinth.
816 5558 852 5629 4.
868 5557 1015 5628 dicitur:
1042 5555 1083 5627 Si
1102 5553 1571 5649 velatumssestEvangelium
1624 5563 1743 5655 inquit
1768 5561 1804 5634 6.
1821 5563 1935 5653 capite
1952 5565 1995 5631 ad
2013 5560 2208 5641 Romanos.
2261 5563 2387 5658 ltaque
2402 5576 2439 5633 et
2454 5551 2582 5630 Ecclesia

592 5676 774 5745 nostrum,
801 5663 839 5730 in
858 5655 914 5729 his
928 5658 990 5752 qui
1006 5670 1173 5749 pereunt,
1196 5659 1351 5728 velatum
1367 5673 1428 5730 est.
1623 5665 1669 5734 ab
1687 5659 1869 5752 Apostolis
1891 5666 2119 5736 traditionem
2139 5668 2290 5758 accepit,
2322 5667 2430 5740 ctiam
2452 5651 2583 5754 parrulss

690 5761 779 5836 item
796 5785 877 5832 cum
894 5781 1051 5850 expresse
1068 5773 1290 5850 praeceptum
1306 5761 1366 5832 sit:
1390 5757 1491 5832 Nihil
1508 5765 1570 5832 ad·
1623 5768 1709 5834 dare
1730 5764 1956 5856 baptismum.
2007 5763 2054 5836 Et
2077 5769 2116 5837 id
2136 5771 2249 5859 magis
2272 5768 2438 5858 congruit
2456 5755 2582 5834 cumdi-

590 5869 673 5948 das,
702 5855 1002 5948 nihildetrahss,
1034 5861 1131 5933 etin
1164 5859 1569 5956 Numeriscapite15.:
1622 5867 1687 5939 ctis
1707 5865 1747 5936 in
1772 5868 1957 5961 scriptura.
2032 5867 2176 5942 Certum
2204 5889 2256 5946 eat
2282 5853 2579 5965 promissionestl
