5825 6950
592 627 690 717 1215
1177 622 1304 705 enac.
1330 624 1449 714 uae.
1475 629 1687 731 semera
1715 634 2018 763 annorum.
2069 574 2074 577 ’
2155 640 2159 647 ·
2229 697 2233 707 .
2509 672 2581 753 22„

596 821 750 883 maneat.
796 800 915 877 Lucae
941 802 1021 876 1o.:
1059 794 1133 889 Qui
1157 823 1221 871 vos
1243 803 1362 885 audit,
1396 828 1453 875 me
1477 808 1578 883 audit
1641 836 1767 886 omnes
1789 812 2041 907 cogitationes,
2073 820 2188 897 bonas
2213 823 2438 923 intentiones,
2471 864 2583 921 canat„

599 916 716 989 Roma
738 915 787 983 1.:
814 907 1047 995 Evangelium
1064 914 1116 1002 est
1132 903 1363 995 potentiaDei
1378 908 1422 977 ad
1440 910 1590 999 salutem
1641 926 1676 984 et
1701 918 1971 1007 assuefactiones
1998 916 2234 999 bumaomnm
2266 933 2411 1021 virium,
2439 943 2505 1013 siue
2522 947 2583 1043 spi.

600 1015 700 1089 omni
714 1010 884 1087 credenti.
934 1000 1158 1104 Esaiae55.;
1180 1002 1339 1077 Verbum
1356 1034 1472 1079 meum
1492 1015 1586 1104 qarod
1641 1018 1713 1087 ritu
1741 1034 1863 1113 sancto
1892 1027 2105 1097 accendente
2133 1054 2257 1101 verum
2280 1024 2439 1109 timorem
2464 1042 2534 1133 llei,
2561 1070 2586 1125 et

601 1115 801 1210 egredietur
815 1114 859 1181 de
875 1134 936 1181 ore
953 1133 1042 1192 meo,
1057 1133 1130 1179 non
1148 1109 1276 1179 redibit
1293 1111 1334 1178 ad
1353 1136 1408 1179 me
1425 1138 1590 1202 vacuum,
1641 1144 1760 1191 veram
1792 1121 1957 1193 fiduciam
1987 1141 2021 1199 et
2051 1129 2313 1205 invocationem
2345 1140 2404 1210 lilii
2428 1144 2502 1232 Dei,
2535 1178 2584 1245 qua

601 1222 661 1293 sed
689 1216 814 1287 alliciet
833 1212 976 1309 omnia,
1002 1217 1093 1305 qu'ae
1115 1207 1209 1282 volo.
1261 1208 1483 1288 Esaiae51.:
1519 1215 1588 1290 Po·
1641 1222 2340 1311 cordaliberanturexverisdoloribus.
2392 1240 2586 1327 flamm,

604 1323 660 1396 sui
675 1321 782 1389 verba
800 1340 875 1385 mea
892 1316 931 1385 in
950 1340 1012 1385 ore
1033 1328 1112 1400 tuo,
1138 1327 1173 1385 et
1191 1316 1319 1386 umbra
1340 1340 1467 1405 manus
1493 1342 1590 1389 meas
1642 1326 1805 1397 nominat
1835 1328 1996 1419 literam,
2029 1334 2163 1420 idest,
2204 1339 2316 1429 pictas
2345 1343 2537 1423 imitationes
2560 1359 2588 1428 in

630 1436 784 1513 rotegam
814 1434 866 1505 te,
905 1431 944 1489 ut
974 1418 1110 1508 plantes
1138 1418 1266 1490 coelos.
1318 1412 1591 1519 lobannis17.:
1642 1441 1809 1514 menteet
1826 1432 1979 1501 externis
1995 1438 2185 1521 membris,
2211 1466 2303 1534 quse
2323 1468 2483 1523 nunaunt
2499 1458 2590 1533 sitast

603 1450 685 1599 idon
705 1548 770 1615 pro
793 1518 849 1614 lais
865 1534 1001 1592 tantum
1020 1533 1104 1604 oro,
1131 1520 1192 1589 sed
1216 1520 1321 1589 etiam
1350 1546 1414 1611 pro
1438 1524 1504 1611 iis,
1529 1527 1590 1618 qui
1644 1544 1760 1625 motus
1784 1531 1942 1621 divini...
1976 1534 2036 1609 Sic
2051 1539 2219 1633 ¹loquitur
2244 1546 2291 1615 de
2318 1547 2415 1619 litera
2437 1550 2590 1631 Romal:

605 1626 774 1701 credllurl
790 1637 874 1694 sunt
890 1647 952 1712 per
970 1619 1127 1691 Verbum
1145 1644 1266 1691 ⁰⁰¹'Uffl
1284 1622 1322 1691 ln
1341 1649 1409 1699 ¹¹¹0·
1641 1626 1874 1704 Circumcisio
1892 1638 2011 1707 cordis
2028 1641 2156 1731 spiritu
2171 1668 2242 1715 noo
2259 1647 2373 1723 litera.
2397 1648 2438 1721 Et
2451 1653 2591 1737 licoat,

706 1726 802 1797 Haec
819 1740 853 1796 et
870 1724 999 1793 similia
1016 1723 1217 1795 testimonia
1234 1724 1307 1795 sint
1324 1726 1428 1796 nobis
1444 1726 1482 1795 in
1500 1752 1591 1810 con-¹
1643 1731 1859 1820 serviamus¹
1871 1738 1912 1807 in
1934 1744 2092 1819 novitate
2114 1746 2279 1836 spiritus,
2306 1773 2379 1823 non
2400 1753 2436 1825 in
2456 1772 2592 1835 vestutate

606 1843 748 1922 spectu,
783 1838 940 1911 utcerto
965 1839 1181 1912 statuamus,
1207 1851 1299 1895 vere
1324 1830 1444 1919 colligi
1470 1828 1591 1905 Eccle.
1645 1836 1778 1915 literae,
1850 1917 1855 1927 .
2045 1920 2049 1931 Ι

604 1938 692 2005 siam
709 1928 1593 2025 Deo,quandocunqueetubicunquesonatvon
1680 1963 1684 1969 ¹
1745 1938 1901 2031 Spiritus
1921 1942 2304 2034 signifieat‘verissitne
2325 1950 2392 2027 hoc
2414 1959 2487 2031 loco
2508 1960 2594 2057 Spiri-

604 2031 790 2128 Evangelii
809 2032 1034 2123 incorrupta,
1061 2030 1400 2114 etidministerium
1417 2058 1499 2105 vere
1520 2057 1592 2108 esse
1643 2054 1719 2113 tum
1745 2057 1925 2132 sanctum,
1962 2052 2213 2137 procedentem
2236 2057 2283 2125 ab
2312 2072 2453 2132 aeterno
2475 2077 2594 2155 patreet

605 2138 737 2209 efficax.
789 2130 892 2204 Hauc
934 2130 1242 2229 confirmationem
1282 2137 1387 2206 nobis
1426 2137 1594 2207 omnibus
1644 2142 1718 2211 filio
1745 2146 1905 2217 Domino
1939 2164 2061 2223 nostro
2086 2146 2166 2235 leru
2196 2152 2351 2233 Christo·
2423 2161 2594 2239 Cumania

605 2226 837 2313 neeessariam
860 2258 934 2306 esse
956 2233 1185 2325 perspicuum
1207 2250 1277 2320 est,
1324 2262 1414 2329 quae
1441 2239 1594 2311 illustrat
1645 2268 1730 2315 voce
1752 2242 1939 2338 Evangelii
1956 2269 2100 2353 accepta
2127 2260 2346 2348 partilium,
2385 2264 2445 2357 qui
2467 2268 2595 2340 eattae.

605 2332 796 2417 articulum
818 2336 990 2437 symboli:
1024 2335 1138 2412 Credo
1161 2361 1234 2412 esse
1255 2335 1451 2416 Ecclesiam
1472 2336 1594 2429 carbo,
1645 2347 1730 2416 bum
1753 2351 2039 2442 aeterni'patri's,
2074 2362 2349 2434 reconciliamur
2371 2380 2505 2439 aeterno
2525 2374 2596 2461 patri,

604 2446 729 2528 limm,
755 2455 957 2514 ⁵³11010ffl¹¹¹
980 2440 1280 2537 t0fflm11¹¹lottm
1392 2509 1397 2520 .
1644 2447 1751 2533 simul
1768 2451 1813 2523 ab
1828 2466 1972 2529 aeterno
1987 2474 2086 2549 patre
2109 2474 2143 2534 et
2168 2464 2240 2538 filio
2262 2466 2505 2541 effunditnriu
2520 2478 2594 2545 corda

708 2541 1062 2643 Esttautemlillostre
1081 2542 1323 2613 testimonium
1342 2538 1414 2626 hoc
1435 2545 1593 2638 locopo⁴
1645 2566 1764 2621 nostra
1785 2551 1940 2645 Spiritus
1963 2575 2124 2647 sanctus,
2151 2580 2185 2636 et
2207 2589 2288 2637 vere
2311 2566 2448 2643 habitat
2469 2573 2504 2643 io
2523 2577 2594 2647 nobis
2635 2588 2636 2681 t

606 2632 741 2734 limma·
766 2650 898 2742 ‘le-‘lm
918 2657 1040 2736 ΡΜκδ
1062 2645 1190 2719 dmm·
1242 2642 1332 2717 cum
1358 2647 1593 2742 Primulssali⁰
1646 2654 1840 2755 dillssllit,
1865 2658 1994 2733 liberat
2012 2686 2078 2733 nos
2096 2690 2137 2737 ex
2159 2669 2346 2742 doloribus
2364 2674 2594 2762 inferorumtt

606 2752 696 2847 legis
726 2775 800 2824 oon
827 2748 935 2819 luerit
962 2746 1098 2832 inanis,
1142 2749 1200 2819 sed
1234 2740 1400 2834 babuerit
1429 2772 1512 2823 suos
1543 2751 1592 2821 al·
1646 2758 1801 2828 vivificat
1817 2782 1903 2847 nos,
1928 2762 2046 2837 incoat
2059 2789 2190 2840 novam
2211 2773 2327 2845 lucem
2357 2789 2391 2848 et
2417 2777 2595 2867 sapientiam

604 2857 744 2935 iectus,
793 2841 1082 2921 constitutionem
1117 2850 1271 2952 ‚politiae
1315 2850 1516 2937 Mosaicae,
1560 2867 1595 2944 et
1646 2870 1679 2929 et
1698 2871 1815 2958 motus
1832 2884 1911 2933 cum
1929 2862 2006 2949 Deo
2020 2886 2264 2961 congruentes,
2289 2888 2329 2949 ul
2343 2880 2520 2951 manifesta
2531 2884 2595 2955 teti·

607 2958 721 3027 multa
745 2952 946 3047 testimonia
980 2951 1197 3041 praesentiae
1217 2950 1306 3021 Dei:
1352 2952 1497 3042 Quanto
1519 2978 1594 3025 ma·
1646 2961 1766 3031 monia
1785 2963 1987 3039 adfirmant.

604 3059 659 3150 gis
681 3082 749 3127 vox
781 3052 968 3145 Evangelii
993 3053 1062 3125 erit
1093 3053 1235 3136 efficax,
1287 3069 1322 3125 et
1350 3079 1432 3125 vere
1462 3057 1595 3127 adferet
1671 3140 1674 3152 ι
1759 3060 1906 3141 Galatas
1941 3085 2087 3162 quarto:
2122 3072 2346 3153 Misit'Deus
2380 3082 2534 3172 spiritum
2553 3082 2595 3154 ilii

606 3175 747 3233 aeterna
769 3160 885 3242 bona,
911 3178 1001 3253 quae
1025 3156 1220 3249 promittit,
1253 3181 1333 3226 cum
1357 3173 1502 3251 propter
1526 3154 1594 3229 boc
1646 3164 1702 3239 aui
1720 3164 1759 3235 io
1778 3170 1884 3239 corda
1901 3188 2040 3260 nostra,
2066 3176 2276 3252 clamantem
2291 3179 2398 3255 Abba
2416 3198 2517 3277 pater.

604 3262 844 3335 ministerium
884 3259 1004 3349 priora
1044 3258 1164 3328 omnia
1206 3260 1297 3328 lacta
1339 3261 1422 3330 sint.
1495 3258 1593 3349 Quid
1750 3265 1850 3367 litio
1869 3267 1968 3356 Actis
1984 3277 2097 3369 capita
2111 3284 2283 3367 secundos
2304 3282 2443 3357 Dextra
2459 3284 2520 3359 Dei
2532 3288 2597 3357 exal·

606 3366 704 3438 enim
728 3365 910 3455 prodesset
933 3361 1059 3449 politia
1072 3360 1224 3438 mortuis
1241 3360 1593 3451 patribusdbrabae,
1645 3381 1751 3453 tatus,
1772 3373 2163 3461 promissionemsancti
2179 3382 2336 3477 Spiritus
2351 3391 2597 3482 accipiensapa·

607 3465 722 3552 isaac,
748 3464 875 3542 iacob,
900 3466 963 3558 qni
981 3488 1057 3532 eam
1073 3488 1260 3557 nunquam
1278 3465 1471 3538 viderunt?
1511 3466 1595 3542 Atta
1647 3474 2589 3572 treeffuditeum,quemnoncvoavidetigepwdffi,

604 3570 715 3659 igitur
732 3568 866 3641 maiora
885 3568 978 3638 boue
998 3580 1239 3656 expectarunt.
1264 3635 1268 3655 ,
1290 3565 1364 3640 Sed
1381 3569 1426 3638 de
1441 3562 1497 3641 lais
1516 3593 1594 3640 ver·
1747 3573 1795 3652 Et
1810 3572 1980 3652 lobannis
1999 3582 2076 3660 ta:
2104 3585 2211 3662 Dabit
2227 3592 2330 3662 vobis
2350 3594 2458 3666 alium
2480 3595 2599 3688 paracle·

603 3671 719 3744 bisin
742 3685 837 3744 terto
861 3683 980 3762 postea
1003 3670 1189 3762 dicemus„
1283 3703 1289 3710 ·
1583 3748 1587 3757 ,
1646 3688 1742 3764 lum,
1762 3693 1802 3750 ut
1819 3697 1958 3757 maneat
1974 3687 2156 3760 vobiscum
2171 3691 2211 3762 io
2232 3696 2501 3788 sempiternum,
2522 3697 2598 3790 spiri·

630 3829 634 3837 .
705 3769 782 3844 Alii
804 3771 1006 3842 somniant:
1046 3768 1196 3840 Etiamsi
1214 3793 1299 3848 ¹non
1326 3784 1379 3842 est
1400 3771 1519 3842 inanis
1542 3774 1615 3842 fa:
1647 3793 1722 3854 tum
1741 3781 1909 3857 veritatis,

602 3875 689 3951 buta
712 3871 968 3963 sangonam,
994 3884 1113 3945 tamen
1138 3884 1194 3955 est,
1209 3885 1348 3947 tantum
1371 3873 1444 3956 les,
1472 3887 1506 3945 ct
1529 3870 1595 3948 bac
1746 3878 1797 3980 Et
1815 3881 2008 3970 Zachariae
2030 3891 2110 3968 ΗΛ
2136 3889 2333 3970 Effundam
2361 3923 2469 3992 super
2488 3903 2599 3974 domun

603 3976 791 4067 disciplina
822 3973 985 4046 homines
1014 3988 1099 4045 sunt
1129 3973 1232 4061 iusti,
1276 4000 1383 4068 quam
1415 3991 1596 4066 praestant
1647 3981 1764 4058 David
1792 3989 1957 4078 spiritum
1979 3996 2111 4084 gratiae
2131 4011 2165 4072 et
2190 4023 2351 4090 precum.
2416 3999 2489 4078 lltsi
2513 4003 2600 4074 brevit

603 4080 742 4148 viribus
762 4071 953 4171 humanis,
992 4090 1140 4148 naturae
1167 4089 1348 4171 utcunque
1371 4079 1595 4167 imitantibus
1647 4089 1836 4178 descriptio
1861 4106 1931 4176 est,
1958 4109 2077 4168 tamen
2099 4103 2273 4189 ostendit,
2300 4129 2413 4196 quara
2435 4105 2600 4194 deturSpi·

602 4183 729 4272 legem,
1080 4246 1084 4259 .
1140 4244 1145 4258 .
1189 4214 1193 4222 ·
1648 4190 1738 4265 ritus
1754 4205 1915 4281 sanctus,
1941 4211 1975 4266 et
1990 4201 2076 4293 quld
2093 4201 2232 4275 intersit
2248 4206 2343 4278 iuter
2358 4209 2524 4278 iusticiam
2541 4205 2599 4275 nod

704 4279 800 4355 Huic
815 4278 925 4355 falsae
940 4274 1207 4366 imaginationi,
1232 4280 1276 4349 de
1295 4304 1364 4376 qua
1390 4279 1595 4365 c11111Pstt1·¹
1648 4289 1867 4388 Testamenti
1884 4313 1919 4370 et
1934 4299 2065 4391 legem,
2093 4328 2167 4396 qus·
2181 4308 2237 4377 vel
2253 4312 2478 4382 condemnati
2496 4311 2598 4380 carinus

602 4381 821 4476 doapostolis
845 4403 984 4474 semper
1005 4381 1169 4464 dimicat,
1210 4384 1361 4474 opponit
1377 4401 1594 4478 ‘sequentem
1647 4393 1685 4460 in
1702 4407 1870 4482 mortem,
1897 4414 1955 4472 vet
1968 4416 2151 4497 utcunque
2164 4425 2382 4503 praestamus
2399 4411 2598 4506 disciplinam

603 4481 816 4566 antithesin:
843 4480 1046 4564 Deus‚leeit
1070 4505 1135 4552 nos
1158 4483 1339 4556 ministros
1362 4510 1436 4556 non
1462 4488 1596 4575 literae,
1647 4492 1732 4575 ldeo
1751 4498 1845 4566 enim
1861 4525 1926 4598 per
1939 4500 2174 4596 Evangelium
2188 4513 2294 4586 datur
2309 4511 2464 4604 Spiritus
2479 4525 2597 4594 sanctus,

603 4591 664 4665 sed
698 4586 871 4679 spiritus:
919 4585 1022 4656 litera
1049 4585 1144 4654 euim
1175 4587 1330 4684 occidit,
1358 4591 1419 4660 scd
1449 4591 1596 4682 spiritus
1649 4611 1688 4668 ut
1712 4599 1998 4688 primum-corda
2023 4610 2179 4686 sentiant
2201 4635 2239 4684 se
2268 4619 2409 4688 esseio
2429 4617 2545 4708 gratia,
2576 4625 2597 4682 tl

602 4691 772 4770 vivificat.
1541 4778 1545 4786 ,
1647 4718 1838 4790 agnoscant
1860 4706 1972 4777 lilium
1988 4712 2077 4796 Dei,
2107 4738 2298 4809 perquem
2320 4731 2354 4790 et
2369 4733 2508 4810 propter
2521 4737 2595 4810 queo

716 4788 788 4860 Hic
833 4789 990 4882 primum
1035 4789 1290 4882 adpellationes
1335 4791 1593 4870 discernantur.
1647 4805 1752 4873 datur
1773 4808 1933 4880 remissio
1955 4829 2200 4903 peccatorum,
2226 4821 2416 4912 sicutipse
2436 4815 2596 4916 inquitlo

604 4887 784 4982 Origenes
801 4906 836 4964 et
853 4887 957 4962 multi
980 4891 1061 4979 alii,
1084 4893 1176 4964 sicot
1191 4891 1504 4984 pseudoapostoli,
1532 4924 1594 4972 eo·
1648 4899 1730 4978 han.
1758 4907 1836 4978 tlt:
1873 4910 1952 5002 lpse
1973 4939 2031 4984 me
2051 4916 2274 5004 glorificabit.
2345 4923 2483 5014 Spiritu
2507 4931 2595 4992 santlv

605 4996 764 5085 gitarunt
802 4991 1039 5082 Evangelium
1079 4994 1192 5084 legem
1237 4996 1434 5078 moralem,
1477 5013 1511 5071 et
1552 5029 1594 5074 eo
1647 5012 1858 5082 accendente
1873 5016 2000 5100 corda,
2029 5018 2199 5092 beneficia
2216 5025 2423 5098 mediatoris
2438 5042 2595 5116 agnoscun-

605 5095 904 5181 commodiorem,
931 5119 1037 5188 quam
1061 5095 1129 5166 tuit
1151 5095 1329 5182 Mosaica,
1354 5099 1437 5192 quia
1461 5117 1511 5172 est
1535 5129 1616 5176 en„¹
1647 5124 1725 5194 tur,
1752 5126 1786 5183 et
1805 5138 1886 5186 vera
1903 5118 2031 5188 liducia
2053 5121 2317 5199 misericordiae
2340 5145 2481 5221 propter
2495 5121 2593 5196 medis·

604 5200 781 5291 peditior,
822 5221 889 5266 nec
916 5210 1042 5292 onerat
1063 5211 1183 5290 gentes
1209 5203 1430 5288 ceremoniis,
1482 5201 1526 5276 lit
1550 5208 1594 5278 ti.
1646 5225 1758 5282 torem
1783 5220 1974 5305 promissae
1994 5222 2225 5300 vivificamur.
2277 5225 2592 5321 Aesimulpraesta

605 5315 717 5374 teram
749 5300 918 5393 intelligit
946 5295 1116 5390 Origines
1148 5304 1389 5385 ceremonias,
1428 5307 1592 5395 spiritum
1645 5313 1693 5382 tia
1717 5312 1785 5384 Dei
1812 5321 1983 5407 sentitur,
2015 5337 2049 5394 et
2071 5326 2108 5396 fit
2132 5351 2213 5398 vera
2239 5329 2429 5405 invocatio.
2478 5321 2590 5419 litqtlt

605 5404 934 5496 interpretationem
973 5403 1211 5494 allegoricam.
1262 5399 1360 5502 Haec
1401 5401 1592 5498 Origenica
1645 5415 1720 5506 ipse
1736 5416 1891 5509 Spiritus
1906 5439 2046 5496 sanctus
2061 5441 2114 5497 est
2127 5443 2245 5504 motor
2258 5432 2421 5520 divinus,
2447 5449 2479 5504 et
2492 5431 2536 5500 ler
2549 5420 2591 5496 liei

604 5506 835 5576 deliramenta
859 5505 946 5576 falsa
965 5519 1000 5576 et
1020 5506 1242 5604 explodenda
1265 5521 1359 5577 sunt.
1409 5504 1592 5582 Etscieu·
1646 5543 1719 5588 non
1735 5519 1901 5607 fataliter,
1918 5549 1982 5596 nec
1997 5529 2035 5598 in
2050 5531 2185 5618 angelis
2196 5556 2260 5606 nee
2274 5534 2312 5606 io
2326 5532 2530 5610 bominibus.
2544 5523 2590 5596 nltl

606 5607 692 5675 darm
710 5620 780 5696 est,
803 5607 940 5679 literam
965 5607 1038 5677 dici
1058 5629 1203 5675 omnem
1225 5606 1425 5683 doctrinam
1446 5611 1536 5706 legis
1561 5628 1596 5687 et
1646 5620 1722 5711 ipso
1734 5623 1812 5697 Deo
1830 5629 1866 5695 in
1885 5626 1934 5698 eis
1952 5629 2091 5704 lucente
2100 5629 2208 5726 etleos
2222 5652 2398 5722 movente,
2412 5639 2477 5708 iam
2492 5645 2555 5704 sunt
2565 5629 2589 5695 itt

603 5700 808 5796 Evangelii,
825 5709 1044 5780 intellectum
1058 5707 1183 5780 literae
1197 5704 1408 5783 historicum
1419 5735 1481 5784 seu
1497 5716 1592 5788 iusta
1647 5722 1776 5794 sanctis
1800 5727 1903 5799 initia
1927 5745 2089 5804 aeternae
2112 5735 2204 5806 vitae
2225 5749 2260 5810 et
2280 5736 2434 5812 iustitiae
2457 5753 2589 5808 aeternat,

604 5808 779 5895 sermonis
819 5807 1071 5906 proprietatem
1114 5822 1151 5882 et
1190 5809 1397 5908 allegorias,
1439 5817 1595 5914 denique
1648 5826 1738 5900 sicut
1771 5842 1804 5903 et
1836 5855 1918 5902 mor
1948 5834 2082 5906 dicitur
2113 5835 2153 5907 in
2178 5833 2246 5910 boc
2267 5843 2380 5935 eapite
2403 5841 2515 5916 tertio:
2537 5832 2588 5906 litt
