5825 6950
379 688 446 770 ιιι
649 689 749 767 nu.
801 686 1168 813 ιιιιιιιιιιιιιο
1191 690 1349 771 rrrsr.
1375 684 1526 767 raum
1540 682 1622 769 ιιι
1640 682 1910 770 nouenos
1958 690 2123 777 cant
2330 664 2423 782 ιιι

381 863 504 957 padus
527 864 672 959 qnidam
695 860 902 953 hominnm,
934 864 1077 961 quibos
1092 869 1284 965 pdssniprie
1299 872 1363 941 de-
1413 864 1510 937 libot
1537 864 1653 935 deut:
1676 860 1795 937 ·Bons
1831 866 2071 957 emetientis,
2111 884 2148 945 et
2182 874 2407 951 ommam

382 972 559 1042 terrentur
560 984 736 1088 potentes:
945 1004 948 1012 <
1224 1005 1229 1019 ·
1414 966 1624 1040 consiliunt.¹

421 1096 440 1141 ιι
428 1064 540 1189 ’βίοι
551 1066 713 1162 μάλιστα
726 1073 804 1152 τοῖς
820 1070 997 1167 πονηροῖς
1014 1065 1167 1164 ἥδεται,
1318 1106 1320 1114 ·
1455 1062 1731 1141 ’Ἀσύνθιτοι
1760 1092 1836 1141 nno
1863 1084 2043 1145 servantes
2066 1078 2170 1165 picta
2193 1081 2231 1150 in
2247 1084 2402 1172 promis

420 1165 568 1265 πράττει
585 1169 640 1245 δ’ὁ
656 1167 801 1255 κόλαξ’
785 1173 919 1267 duroto
934 1168 1107 1259 aanor,
1132 1154 1289 1269 (leriuga
1410 1110 1589 1243 sionibus
1601 1167 1782 1257 honestis,
1821 1176 2062 1247 contractibus
2091 1194 2153 1249 aut
2182 1184 2400 1267 foederibus,

311 1275 319 1374 ξ
421 1268 715 1371 invasorium,
730 1269 958 1369 ὁκακοήθηι
977 1271 1208 1374 rpiruie‘yss.
1410 1288 1444 1345 st
1465 1285 1527 1345 sut
1546 1274 1625 1343 sine
1644 1274 1719 1343 ulla
1735 1276 1960 1347 excusatione
1981 1278 2161 1366 fallentes,
2187 1298 2248 1355 aut
2270 1285 2399 1405 sophi-

469 1374 644 1447 Ριὶιιιιιιιι
662 1380 786 1449 locum
809 1380 937 1449 tribuit
966 1372 1208 1449 Adseutatori.
1268 1374 1360 1446 Nam
1408 1377 1495 1447 stirs
1515 1375 1699 1447 eludentes
1719 1378 1903 1467 promissa.
1958 1376 2006 1451 Ut
2027 1378 2184 1453 Thraces
2210 1388 2303 1477 pacti
2333 1391 2397 1459 tri.

378 1472 427 1547 hic
442 1478 670 1553 dulcissimus
686 1495 755 1553 est.
779 1478 968 1551 Proximus
982 1492 1033 1549 est
1046 1480 1200 1565 delator
1223 1502 1284 1550 seu
1300 1502 1360 1549 su·
1408 1478 1505 1568 ginta
1529 1479 1668 1550 dierum
1691 1478 1848 1549 indutias
1870 1493 1979 1551 noctu
1997 1484 2263 1572 populabantur
2283 1512 2398 1578 agros,

374 1602 491 1661 torro,
530 1581 591 1671 qui
616 1582 682 1651 ἰιιιι
709 1584 858 1669 gratiam
885 1580 1102 1673 perferendis
1127 1582 1287 1663 fabellis,
1319 1604 1358 1653 ac
1408 1580 1491 1673 quia
1517 1580 1657 1649 dicrum
1682 1603 1757 1650 oon
1785 1582 1946 1652 noctium
1968 1583 2125 1655 indutias
2149 1590 2241 1679 pacti
2269 1609 2395 1664 esseru.

374 1681 808 1761 instruendiscalumoiis.
841 1684 1005 1755 Tertium
1027 1683 1146 1755 locum
1168 1678 1358 1755 habetatur
1408 1683 1566 1753 Araden
1580 1683 1702 1752 crebra
1717 1695 1803 1752 sunt
1817 1683 1987 1780 perfidiae
2001 1689 2180 1778 exempla
2200 1706 2240 1761 nt
2254 1694 2393 1765 drctom

369 1776 530 1875 ιιοήθης,
562 1784 624 1875 qui
644 1787 746 1857 novit
769 1784 928 1857 alludere
949 1785 1005 1855 ad
1016 1780 1165 1855 Domini
1186 1788 1358 1871 adfectus,
1410 1782 1792 1873 Virgiliiomnibnsin
1812 1808 1874 1853 ore
1897 1786 1961 1855 sit:
1989 1784 2171 1879 Nusquam
2197 1805 2271 1863 tots
2296 1796 2395 1868 lides.

367 1884 463 1959 bono
497 1886 616 1957 studio
652 1886 746 1957 lucta
776 1911 873 1959 secus
904 1888 1147 1979 interpretari,
1188 1888 1357 1959 odiam
1409 1882 1513 1957 ltern:
1539 1884 1642 1972 Qum
1659 1887 1772 1956 credis
1796 1886 1904 1970 lidos,
1929 1887 2066 1977 effuge,
2095 1904 2192 1963 tutus
2214 1895 2295 1965 eris
2345 1895 2396 1969 Et
2451 1916 2454 1927 ·

367 1989 530 2057 rendere.
696 2000 700 2007 '
1406 1983 1497 2057 illud
1527 1984 1752 2077 Epicharmi:
1796 1991 1893 2082 νῆφε
1918 1984 1983 2059 καὶ
2010 1987 2181 2086 μέμνησο
2213 1993 2393 2085 ἀπιστεῖν,

470 2088 737 2189 θιιιιιτιιγιῖς
708 2112 783 2161 sive
813 2092 926 2163 active
954 2089 1029 2161 sive
1058 2092 1195 2184 passive
1226 2090 1354 2181 accipi·
1407 2086 1537 2186 ἄρθρα
1550 2093 1670 2161 ταῦτα
1685 2092 1849 2209 φρενῶν.
2434 2168 2443 2185 ‚

366 2204 444 2274 tur,
494 2190 667 2279 significat
713 2193 828 2283 palam
872 2196 1148 2266 contumeliosos
1189 2196 1357 2265 adversos
1497 2190 1717 2289 ’Ἀστοργοῃ
1731 2216 1793 2284 qur
1784 2191 1986 2262 naturales
1998 2194 2155 2264 adfectus
2170 2219 2249 2285 erga
2265 2220 2394 2289 paren

365 2292 504 2379 Deum,
536 2292 660 2385 quales
690 2309 777 2366 sunt
806 2293 918 2367 ἄθεοι
939 2298 1108 2367 omnibus
1138 2297 1358 2387 temporibus
1405 2307 1478 2376 tes,
1504 2294 1684 2375 sobolem,
1708 2295 1850 2371 iratres,
1884 2307 1946 2363 aut
1966 2296 2056 2363 bene
2079 2298 2224 2366 meritos
2250 2317 2395 2374 exuunt.

366 2394 494 2471 multi,
529 2395 592 2487 qui
616 2397 826 2489 nequidem
852 2398 1079 2469 dissimulant
1101 2422 1185 2470 suos
1208 2401 1357 2477 furores,
1406 2390 1675 2493 Nemoropyni
1701 2409 1788 2467 sont
1806 2396 1894 2465 boni
1916 2397 2093 2477 adfectus,
2119 2399 2203 2489 quia
2225 2397 2324 2471 Deus
2346 2405 2394 2473 ita

367 2497 459 2567 sicut
481 2493 680 2568 Mezentius
701 2501 794 2587 apud
822 2496 1039 2587 Virgilium,
1066 2496 1310 2571 Sennacherib
1324 2513 1358 2568 ct
1406 2498 1568 2569 condidit
1583 2499 1711 2583 corda,
1736 2497 1942 2588 praesertim
1959 2498 1998 2567 in
2014 2494 2240 2582 hominibus,
2267 2518 2307 2573 ut
2323 2507 2392 2573 rni-

281 2685 286 2696 .
367 2595 546 2689 Rapsacen
569 2599 608 2667 in
634 2594 784 2671 historia
802 2597 946 2676 ¹liuciae.
984 2597 1206 2673 ‘Antiochus
1238 2602 1278 2669 iu
1301 2596 1358 2669 hi·
1406 2599 1518 2669 rabili
1537 2601 1693 2693 quodam
1715 2600 1869 2669 naturali
1891 2599 2058 2669 incendio
2083 2618 2203 2673 ament
2224 2620 2391 2693 cognatos

287 2769 292 2784 ,
369 2700 478 2769 storia
500 2698 816 2786 Maccahaeorum,
857 2703 1053 2775 assimiles
1077 2705 1222 2799 tyranni
1244 2702 1358 2794 pluri·
1407 2716 1577 2795 tanquam
1609 2722 1693 2770 susc
1722 2716 1870 2771 naturae
1900 2716 2047 2790 partem.
2109 2702 2186 2773 lmo
2213 2706 2252 2774 in
2280 2723 2392 2778 matre

289 2805 301 2872 ¹.
371 2800 439 2886 mi,
469 2801 534 2892 qui
547 2805 909 2894 aperteprofitentur,
935 2828 1062 2877 seesse
1083 2803 1200 2877 hostes
1213 2803 1293 2882 Dei.
1406 2806 1518 2875 ubera
1546 2803 1682 2895 pectori
1702 2804 1822 2873 addita
1852 2816 1953 2888 suut,
1987 2819 2134 2897 propter
2164 2802 2228 2875 has
2254 2832 2391 2879 causas:

459 2898 687 2999 Ἕφειιρετιις
698 2910 829 2978 κακῶν
841 2908 1004 2978 nomioit
1026 2910 1229 2980 inventores
1245 2932 1358 2979 novo·
1407 2905 1588 2991 Primum,
1625 2918 1667 2977 nt
1692 2905 1750 2974 lac
1768 2906 1898 2976 melius
1927 2921 2102 2998 coquatur
2122 2906 2239 2978 calore
2262 2913 2393 2987 cordis.

373 3030 447 3076 nrm
464 3004 658 3091 scelerum,
685 3021 720 3077 et
744 3032 857 3079 novos
881 3023 1022 3081 autores
1043 3011 1219 3083 malorum
1240 3034 1358 3081 exem·
1407 3006 1569 3091 Deinde,
1593 3020 1635 3079 nt
1658 3030 1679 3077 a
1701 3007 1809 3077 corde
1823 3007 2088 3098 etiarnspiritns
2110 3021 2259 3080 etamor
2274 3024 2391 3083 traor-

373 3109 533 3198 plorum‚
558 3122 601 3179 ιιι
621 3106 776 3181 Lamech
798 3112 935 3203 primus
957 3112 1117 3183 discessit
1129 3120 1157 3195 [a
1173 3132 1255 3183 vers
1273 3136 1357 3183 con·
1404 3111 1578 3180 fundatur
1600 3110 1640 3178 in
1667 3109 1821 3193 foetum,
1853 3122 1888 3179 et
1917 3123 2065 3181 mutuos
2088 3135 2189 3180 amor
2221 3129 2390 3203 perpetuo

311 3267 319 3310 :
373 3210 457 3299 logii
483 3209 725 3295 institutione,
748 3224 784 3281 et
796 3214 904 3285 simul
920 3215 1041 3306 plures
1067 3238 1194 3285 uxores
1219 3210 1358 3295 habuit,
1405 3212 1530 3300 flagret
1555 3212 1649 3281 inter
1667 3225 1830 3303 parentes
1851 3222 1889 3282 ct
1909 3224 2024 3281 ustos.
2091 3212 2186 3281 Nam
2208 3213 2248 3282 in
2266 3216 2390 3287 bestiis

371 3326 403 3381 et
421 3306 521 3381 hunc
535 3312 703 3385 vitiosum
718 3338 852 3385 morem
871 3315 909 3384 in
920 3316 1120 3385 muudum
1109 3316 1256 3396 iuverit,
1271 3341 1357 3386 con·
1405 3313 1810 3403 extinguitur-memoria
1825 3326 2012 3403 parentum
2029 3328 2064 3383 et
2079 3314 2224 3385 sobolis.

372 3412 1089 3492 traordinemioitioaDeoinrtitutum.
1141 3417 1357 3506 Talassunt,
1506 3413 1746 3488 Acdiscant
1736 3439 1788 3487 ιιι
1795 3410 1863 3486 hoc
1884 3416 1963 3486 loco
1985 3416 2153 3502 studiosi,
2178 3417 2390 3508 fugiendum

308 3514 429 3607 iqui
449 3515 489 3584 in
515 3515 607 3586 aulis
627 3520 825 3608 excogitant
846 3544 958 3591 novos
985 3525 1185 3611 praetextus
1208 3523 1357 3592 iniusta·
1405 3530 1439 3587 et
1470 3519 1733 3610 explodendum
1764 3540 1839 3588 esse
1865 3516 2067 3590 Stoicorum
2104 3542 2283 3607 errorem,
2325 3525 2389 3617 qni

310 3624 315 3647 ¹
370 3641 446 3686 rum
469 3616 749 3708 expilationum‚
774 3634 836 3692 aut
860 3622 923 3716 qui
945 3623 1083 3712 lingunt
1105 3645 1227 3693 causas
1253 3647 1358 3694 occu·
1404 3621 1937 3692 omnesadiectustollivoluut
1953 3644 1994 3689 ex
2010 3634 2147 3690 natura.
2201 3621 2391 3696 Manifesta

372 3718 624 3809 pandialiena·
675 3719 765 3792 ltem
781 3720 1012 3807 Mercatores,
1038 3724 1101 3816 qui
1118 3725 1357 3816 novssimpu-
1405 3722 1501 3792 enirn
1518 3723 1686 3792 reclamat
1701 3724 1757 3792 lex
1770 3723 1911 3806 divina
1931 3745 2023 3816 quae
2036 3724 2136 3794 drerl
2161 3723 2299 3814 Diligas
2312 3725 2390 3797 Do·

304 3778 315 3925 l
371 3835 483 3890 sturae
511 3823 728 3911 excogitant,
762 3839 902 3898 mutant
926 3826 1016 3896 iusta
1044 3827 1156 3916 pretia
1183 3841 1358 3912 monetae,
1405 3822 2068 3896 minumDsumtnnmcxtotocorde.
2119 3823 2228 3897 ltem:
2253 3825 2391 3918 Diliges

369 3923 560 3993 inveniunt
589 3949 689 3994 nova·
706 3928 895 3998 usurariam
917 3929 1155 4013 incrementa,
1189 3943 1222 4000 et
1246 3955 1357 3999 novos
1406 3925 1629 4016 proximum,
1643 3927 1733 3997 sicut
1750 3941 1785 3997 le
1799 3948 1930 4017 ipsum
1969 3923 2390 4019 thuidcminaeterno

306 4042 311 4067 ¹
370 4039 584 4113 praetextus.
636 4024 801 4120 Denique
818 4030 887 4102 late
902 4038 1008 4120 patet
1002 4025 1079 4100 hoc
1096 4033 1247 4118 malum,
1265 4033 1357 4103 mul·
1406 4043 1504 4116 patre
1517 4053 1642 4099 verum
1658 4041 1694 4100 et
1707 4029 1891 4100 ardentem
1906 4052 2062 4098 amorem
2078 4052 2152 4097 esse
2168 4053 2248 4120 erga
2264 4032 2391 4120 lilium,

370 4139 423 4198 tae
452 4129 761 4213 navarreorum,
795 4145 828 4202 et
857 4133 1226 4252 multacpraestigiae
1256 4158 1356 4204 erro
1405 4131 1517 4220 ipsius
1541 4155 1610 4200 vox
1632 4144 1801 4216 testatur,
1836 4153 1917 4201 curo
1952 4131 2087 4223 inquit:
2118 4130 2189 4201 Hic
2213 4146 2266 4203 est
2295 4135 2391 4208 tilius

368 4229 530 4317 gitantur
557 4230 605 4300 ad
636 4233 834 4302 excusanda
860 4233 1039 4304 scelera
1029 4255 1067 4303 ιιι
1089 4238 1233 4308 'multis
1265 4237 1357 4306 vitae
1407 4256 1506 4302 meus
1527 4233 1698 4313 dilectus,
1723 4257 1796 4326 quo
1819 4233 1987 4304 delector.
2018 4231 2392 4324 EtinDeoerganos

367 4329 533 4422 negotiis·
597 4347 601 4356 '
1189 4381 1195 4389 -
1406 4331 1571 4404 homines
1594 4358 1699 4404 verus
1725 4357 1826 4405 amor
1855 4347 1929 4419 eet,
1970 4347 2011 4404 ιιι
2032 4335 2202 4422 scripturn
2228 4350 2293 4405 est:
2329 4337 2389 4408 Sic

464 4423 674 4518 Ἀσύνιτοι,
708 4435 853 4521 furiosi,
884 4441 947 4532 qui
982 4441 1076 4510 coeci
1109 4451 1235 4510 contra
1261 4439 1354 4508 iudi·
1405 4436 1502 4506 Dens
1534 4437 1665 4506 dilexit
1686 4439 1861 4507 mundum
1893 4453 1959 4508 etc.
2019 4435 2063 4504 ln
2090 4436 2164 4504 lilio
2197 4437 2391 4509 mediatore

366 4536 461 4604 riurn
480 4537 681 4606 communis
694 4560 817 4608 resisus
832 4556 943 4611 ruunt
958 4542 1165 4633 praecipites
1178 4542 1216 4610 io
1233 4542 1351 4611 omnia
1406 4557 1575 4626 maguum
1589 4558 1664 4608 esse
1681 4537 1887 4608 incendium
1901 4538 2034 4607 amoris
2054 4559 2134 4626 erga
2156 4559 2221 4606 nos
2236 4540 2390 4609 certissi-

366 4637 519 4721 scelera,
545 4638 663 4706 etsibi
686 4639 771 4728 ipsis
794 4643 978 4714 manifesta
1001 4645 1155 4712 amentia
1175 4658 1356 4729 accersunt
1408 4663 1506 4708 mum
1521 4652 1587 4710 est.
1634 4637 1799 4733 Suntque
1821 4642 2009 4727 impressae
2030 4633 2391 4733 oropycihomiouro

367 4739 536 4822 esitium,
569 4753 610 4808 ιιι
631 4735 804 4821 Catilina,
834 4739 995 4814 Thomas
1020 4743 1261 4829 Monstrum,
1296 4745 1356 4836 qui
1408 4754 1574 4821 naturae,
1599 4757 1640 4810 ιιι
1655 4743 1727 4812 siut
1743 4740 2100 4812 commonefactiones
2120 4741 2164 4809 de
2186 4763 2307 4812 amore
2331 4766 2392 4812 se-

284 4897 285 4903 .
367 4842 492 4912 furens
507 4839 619 4910 movit
632 4842 844 4914 seditionem
860 4845 898 4914 in
915 4845 1111 4936 Turingin,
1136 4859 1170 4916 et
1193 4847 1357 4916 multitu·
1408 4842 1502 4914 teroi
1517 4843 1628 4934 patris
1644 4866 1724 4930 erga
1739 4844 1872 4928 filium,
1898 4855 1933 4912 et
1955 4863 2036 4930 erga
2051 4865 2129 4914 nos.

367 4943 513 5025 dinem,
538 4965 628 5033 quae
642 4947 830 5014 temerario
845 4971 1021 5018 concursu
1046 4948 1274 5031 confluxerat,
1298 4972 1357 5016 ar·
1510 4943 1599 5016 Vult
1617 4945 1724 5033 igitur
1738 4943 1852 5024 Deus,
1876 4944 2002 5012 esseio
2017 4944 2122 5015 nobis
2135 4939 2295 5014 adiectus
2306 4941 2393 5014 conss

369 5069 425 5114 ma
448 5067 574 5134 capere
602 5043 703 5114 iussit
735 5049 780 5116 ad
802 5049 973 5118 delendos
996 5051 1131 5121 vicinos
1163 5047 1358 5136 Principes,
1408 5060 1672 5135 gruentcsruae
1686 5047 1767 5135 legi.
1818 5043 1865 5115 Et
1887 5056 1971 5116 sunt
1992 5045 2104 5135 aliqui
2126 5045 2215 5114 boui
2234 5047 2392 5116 adlectus

370 5149 415 5218 sd
433 5147 657 5235 diripiendas
671 5147 887 5239 locupletum
911 5153 1105 5222 facultates.
1158 5148 1265 5234 hem,
1289 5150 1359 5220 Ne·
1410 5151 1448 5216 iu
1470 5148 1609 5219 naturis
1629 5172 1703 5216 non
1733 5149 1960 5226 monstrosis,
2000 5148 2062 5238 qui
2085 5147 2222 5216 etiamsi
2250 5163 2394 5238 propter

369 5249 455 5320 bulo
481 5247 773 5321 Monasteriensis
789 5251 828 5320 in
853 5250 1078 5336 Westvalia‚
1106 5254 1169 5345 qui
1188 5277 1224 5322 se
1242 5253 1360 5322 nomi·
1409 5273 1634 5320 communem
1649 5265 1797 5320 naturae
1810 5249 2098 5338 depravationem
2111 5249 2245 5341 aliquid
2263 5246 2395 5319 habent

369 5353 480 5422 nabat
499 5347 636 5437 Regem
650 5353 775 5440 templi
791 5350 873 5429 Dei.
923 5353 1026 5424 Hanc
1050 5354 1239 5424 amentiam
1259 5377 1362 5444 saepe
1411 5353 1584 5440 contagii,
1608 5365 1727 5422 tamen
1750 5349 1847 5420 Deus
1869 5373 1930 5418 eos
1955 5353 2145 5438 adprobat,
2172 5363 2207 5420 et
2229 5352 2307 5421 vult
2334 5375 2395 5421 eos

371 5455 500 5525 dicunt
531 5447 731 5542 Prophetae
768 5477 917 5543 posnam
954 5481 1029 5529 esse
1066 5457 1276 5547 impietatis,
1323 5470 1363 5524 ut
1411 5468 1503 5523 recte
1532 5455 1735 5542 gubernari.
1796 5452 1884 5522 Vult
1910 5466 1953 5523 nt
1973 5453 2123 5521 maritus
2144 5466 2239 5520 amet
2269 5455 2395 5521 conin-
2471 5531 2482 5550 ·

372 5551 501 5626 Esaiae
522 5552 580 5626 19.
615 5553 761 5624 Miscuit
789 5555 883 5624 inter
908 5580 968 5625 eos
986 5557 1150 5647 spiritum
1167 5559 1363 5646 vertiginis,
1411 5577 1510 5640 gem,
1540 5569 1701 5645 parentes
1724 5567 1844 5624 ament
1864 5568 1987 5637 natos,
2011 5554 2119 5620 irater
2138 5553 2302 5632 fratrem,
2328 5556 2394 5621 ad·

375 5657 558 5735 v,idelicet
593 5669 762 5748 tanquam
785 5657 979 5726 infundens
1003 5661 1041 5725 in
1064 5660 1245 5748 poculum.
1304 5661 1364 5729 Sic
1411 5657 1522 5726 lectus
1536 5656 1708 5725 beneficio
1723 5657 2001 5738 benefactorem
2025 5652 2101 5723 vult
2126 5649 2289 5722 homines
2311 5654 2396 5722 tuli-

377 5753 537 5845 Pharao,
581 5755 669 5828 Saul
712 5758 834 5828 etalii
868 5759 1146 5829 innumerabiles
1176 5761 1363 5830 manifesto
1414 5761 1480 5828 hus
1505 5759 1690 5827 vinculis'
1680 5773 1774 5828 mter
1797 5779 1873 5825 sese
1894 5756 2103 5824 coniunctos
2126 5766 2160 5823 et
2179 5753 2396 5824 consociatos

379 5861 496 5932 lurore
524 5881 561 5930 se
584 5871 618 5930 et
635 5859 725 5930 alios
749 5861 991 5952 perdiderunt.
1043 5861 1097 5932 Ac
1113 5875 1294 5955 utrunque
1311 5875 1363 5934 ta·
1416 5883 1501 5937 esse.
1553 5858 1602 5932 Ut
1618 5883 1713 5930 emm
1727 5859 1796 5930 dier
1814 5858 1925 5942 solet,
1942 5853 2084 5927 Bonum
2098 5868 2223 5926 natura
2239 5879 2295 5926 sur
2311 5879 2399 5926 ron

1824 5953 1910 6032 58*
