<?xml version="1.0" encoding="UTF-8"?>
<!DOCTYPE html PUBLIC "-//W3C//DTD XHTML 1.0 Transitional//EN"
    "http://www.w3.org/TR/xhtml1/DTD/xhtml1-transitional.dtd">
<html xmlns="http://www.w3.org/1999/xhtml" xml:lang="en" lang="en">
 <head>
  <title>
</title>
<meta http-equiv="Content-Type" content="text/html;charset=utf-8" />
  <meta name='ocr-system' content='tesseract 3.04.00' />
  <meta name='ocr-capabilities' content='ocr_page ocr_carea ocr_par ocr_line ocrx_word'/>
</head>
<body>
  <div class='ocr_page' id='page_1' title='image "./philippimelanth08bindgoog_0393.png"; bbox 0 0 5825 6950; ppageno 0'>
   <div class='ocr_carea' id='block_1_1' title="bbox 565 623 2566 724">
    <p class='ocr_par' dir='ltr' id='par_1_1' title="bbox 565 623 2566 724">
     <span class='ocr_line' id='line_1_1' title="bbox 565 623 2566 724; baseline -0.005 -2"><span class='ocrx_word' id='word_1_1' title='bbox 565 649 638 724; x_wconf 75' lang='lat' dir='ltr'>ast</span> <span class='ocrx_word' id='word_1_2' title='bbox 1158 625 1298 708; x_wconf 67' lang='lat' dir='ltr'>Pillla‘</span> <span class='ocrx_word' id='word_1_3' title='bbox 1313 625 1431 705; x_wconf 81' lang='lat' dir='ltr'>MEL.</span> <span class='ocrx_word' id='word_1_4' title='bbox 1457 623 1671 704; x_wconf 79' lang='lat' dir='ltr'><strong>SCRIPTA</strong></span> <span class='ocrx_word' id='word_1_5' title='bbox 1697 623 2006 704; x_wconf 75' lang='lat' dir='ltr'>uxuuuuca,</span> <span class='ocrx_word' id='word_1_6' title='bbox 2504 635 2566 716; x_wconf 74' lang='lat'>752</span> 
     </span>
    </p>
   </div>
   <div class='ocr_carea' id='block_1_2' title="bbox 569 797 2575 1308">
    <p class='ocr_par' dir='ltr' id='par_1_2' title="bbox 569 797 2575 1308">
     <span class='ocr_line' id='line_1_2' title="bbox 569 797 2569 898; baseline -0.009 -1"><span class='ocrx_word' id='word_1_7' title='bbox 569 826 679 898; x_wconf 88' lang='lat' dir='ltr'>tiores</span> <span class='ocrx_word' id='word_1_8' title='bbox 695 818 734 890; x_wconf 90' lang='lat' dir='ltr'>in</span> <span class='ocrx_word' id='word_1_9' title='bbox 749 808 905 888; x_wconf 74' lang='lat' dir='ltr'>Ecclesia</span> <span class='ocrx_word' id='word_1_10' title='bbox 928 803 1045 896; x_wconf 82' lang='lat' dir='ltr'>Papae</span> <span class='ocrx_word' id='word_1_11' title='bbox 1066 802 1191 896; x_wconf 82' lang='lat' dir='ltr'>procul</span> <span class='ocrx_word' id='word_1_12' title='bbox 1212 799 1394 873; x_wconf 72' lang='lat' dir='ltr'>recessisse</span> <span class='ocrx_word' id='word_1_13' title='bbox 1409 825 1430 871; x_wconf 87' lang='lat' dir='ltr'>a</span> <span class='ocrx_word' id='word_1_14' title='bbox 1445 800 1557 874; x_wconf 86' lang='lat' dir='ltr'>veteri</span> <span class='ocrx_word' id='word_1_15' title='bbox 1607 828 1688 875; x_wconf 87' lang='lat' dir='ltr'>nem</span> <span class='ocrx_word' id='word_1_16' title='bbox 1706 798 1913 894; x_wconf 77' lang='lat' dir='ltr'>Evangelii,</span> <span class='ocrx_word' id='word_1_17' title='bbox 1940 805 2002 880; x_wconf 91' lang='lat' dir='ltr'>illa</span> <span class='ocrx_word' id='word_1_18' title='bbox 2024 828 2109 876; x_wconf 91' lang='lat' dir='ltr'>vero</span> <span class='ocrx_word' id='word_1_19' title='bbox 2133 797 2389 876; x_wconf 89' lang='lat' dir='ltr'>monachornm</span> <span class='ocrx_word' id='word_1_20' title='bbox 2412 809 2569 886; x_wconf 82' lang='lat' dir='ltr'>ordinatio</span> 
     </span>
     <span class='ocr_line' id='line_1_3' title="bbox 571 877 2568 1004; baseline -0.01 -5"><span class='ocrx_word' id='word_1_21' title='bbox 571 931 698 1000; x_wconf 88' lang='lat' dir='ltr'>forma.</span> <span class='ocrx_word' id='word_1_22' title='bbox 750 909 882 988; x_wconf 78' lang='lat' dir='ltr'>Psalmi</span> <span class='ocrx_word' id='word_1_23' title='bbox 902 909 1048 1004; x_wconf 88' lang='lat' dir='ltr'>quidam</span> <span class='ocrx_word' id='word_1_24' title='bbox 1068 918 1103 975; x_wconf 79' lang='lat' dir='ltr'>el</span> <span class='ocrx_word' id='word_1_25' title='bbox 1117 905 1288 975; x_wconf 82' lang='lat' dir='ltr'>lectiones</span> <span class='ocrx_word' id='word_1_26' title='bbox 1302 929 1344 974; x_wconf 86' lang='lat' dir='ltr'>cx</span> <span class='ocrx_word' id='word_1_27' title='bbox 1361 901 1556 992; x_wconf 87' lang='lat' dir='ltr'>Evangelio</span> <span class='ocrx_word' id='word_1_28' title='bbox 1580 877 1584 997; x_wconf 72' lang='lat'>¹3</span> <span class='ocrx_word' id='word_1_29' title='bbox 1608 909 1655 978; x_wconf 89' lang='lat' dir='ltr'>sit</span> <span class='ocrx_word' id='word_1_30' title='bbox 1678 908 1940 997; x_wconf 67' lang='lat' dir='ltr'>superstitiosa,</span> <span class='ocrx_word' id='word_1_31' title='bbox 1983 920 2017 977; x_wconf 91' lang='lat' dir='ltr'>et</span> <span class='ocrx_word' id='word_1_32' title='bbox 2041 921 2178 978; x_wconf 92' lang='lat' dir='ltr'>tantum</span> <span class='ocrx_word' id='word_1_33' title='bbox 2201 908 2261 976; x_wconf 86' lang='lat' dir='ltr'>fiat</span> <span class='ocrx_word' id='word_1_34' title='bbox 2288 923 2430 1002; x_wconf 88' lang='lat' dir='ltr'>propter</span> <span class='ocrx_word' id='word_1_35' title='bbox 2455 913 2568 984; x_wconf 85' lang='lat' dir='ltr'>cultum</span> 
     </span>
     <span class='ocr_line' id='line_1_4' title="bbox 573 1000 2572 1104; baseline -0.012 4"><span class='ocrx_word' id='word_1_36' title='bbox 573 1025 831 1102; x_wconf 67' lang='lat' dir='ltr'>rrrllnbfflllut&#39;,</span> <span class='ocrx_word' id='word_1_37' title='bbox 871 1011 1082 1084; x_wconf 56' lang='lat' dir='ltr'>dicebamur</span> <span class='ocrx_word' id='word_1_38' title='bbox 1105 1029 1223 1098; x_wconf 69' lang='lat' dir='ltr'>l’s‘ces</span> <span class='ocrx_word' id='word_1_39' title='bbox 1250 1030 1313 1098; x_wconf 67' lang='lat'>9¹⁰</span> <span class='ocrx_word' id='word_1_40' title='bbox 1344 1002 1499 1074; x_wconf 62' lang='lat' dir='ltr'>Ecclesia</span> <span class='ocrx_word' id='word_1_41' title='bbox 1525 1021 1559 1076; x_wconf 69' lang='lat' dir='ltr'>el</span> <span class='ocrx_word' id='word_1_42' title='bbox 1582 1000 1584 1086; x_wconf 67' lang='grc' dir='ltr'>ἶ</span> <span class='ocrx_word' id='word_1_43' title='bbox 1609 1005 1852 1104; x_wconf 90' lang='lat' dir='ltr'>prohibitum,</span> <span class='ocrx_word' id='word_1_44' title='bbox 1877 1011 1973 1081; x_wconf 80' lang='lat' dir='ltr'>iuxta</span> <span class='ocrx_word' id='word_1_45' title='bbox 1986 1009 2095 1080; x_wconf 91' lang='lat' dir='ltr'>illud:</span> <span class='ocrx_word' id='word_1_46' title='bbox 2121 1007 2268 1079; x_wconf 75' lang='lat' dir='ltr'>Frustra</span> <span class='ocrx_word' id='word_1_47' title='bbox 2286 1034 2342 1079; x_wconf 90' lang='lat' dir='ltr'>me</span> <span class='ocrx_word' id='word_1_48' title='bbox 2357 1011 2572 1085; x_wconf 89' lang='lat' dir='ltr'>coluutmau·</span> 
     </span>
     <span class='ocr_line' id='line_1_5' title="bbox 573 1099 2573 1222; baseline -0.011 -27"><span class='ocrx_word' id='word_1_49' title='bbox 573 1128 738 1222; x_wconf 76' lang='lat' dir='ltr'>Repub,</span> <span class='ocrx_word' id='word_1_50' title='bbox 753 1133 872 1214; x_wconf 86' lang='lat' dir='ltr'>postea</span> <span class='ocrx_word' id='word_1_51' title='bbox 888 1114 1070 1208; x_wconf 73' lang='lat' dir='ltr'>presbyter</span> <span class='ocrx_word' id='word_1_52' title='bbox 1086 1122 1181 1179; x_wconf 90' lang='lat' dir='ltr'>stans</span> <span class='ocrx_word' id='word_1_53' title='bbox 1192 1111 1236 1178; x_wconf 91' lang='lat' dir='ltr'>ad</span> <span class='ocrx_word' id='word_1_54' title='bbox 1254 1132 1371 1192; x_wconf 88' lang='lat' dir='ltr'>aram,</span> <span class='ocrx_word' id='word_1_55' title='bbox 1390 1108 1561 1178; x_wconf 90' lang='lat' dir='ltr'>recitabat</span> <span class='ocrx_word' id='word_1_56' title='bbox 1582 1099 1584 1118; x_wconf 68' lang='lat'><strong>¹</strong></span> <span class='ocrx_word' id='word_1_57' title='bbox 1610 1113 1701 1183; x_wconf 90' lang='lat' dir='ltr'>datis</span> <span class='ocrx_word' id='word_1_58' title='bbox 1718 1107 1928 1196; x_wconf 89' lang='lat' dir='ltr'>hominum,</span> <span class='ocrx_word' id='word_1_59' title='bbox 1950 1126 1983 1182; x_wconf 90' lang='lat' dir='ltr'>et</span> <span class='ocrx_word' id='word_1_60' title='bbox 2003 1125 2120 1182; x_wconf 90' lang='lat' dir='ltr'>tamen</span> <span class='ocrx_word' id='word_1_61' title='bbox 2140 1111 2190 1180; x_wconf 95' lang='lat' dir='ltr'>ibi</span> <span class='ocrx_word' id='word_1_62' title='bbox 2207 1107 2436 1183; x_wconf 77' lang='lat' dir='ltr'>monachatus</span> <span class='ocrx_word' id='word_1_63' title='bbox 2450 1130 2573 1187; x_wconf 64' lang='lat' dir='ltr'>voratur</span> 
     </span>
     <span class='ocr_line' id='line_1_6' title="bbox 575 1209 2575 1308; baseline -0.011 -2"><span class='ocrx_word' id='word_1_64' title='bbox 575 1233 682 1306; x_wconf 84' lang='lat' dir='ltr'>verba</span> <span class='ocrx_word' id='word_1_65' title='bbox 697 1221 832 1298; x_wconf 77' lang='lat' dir='ltr'>Christi</span> <span class='ocrx_word' id='word_1_66' title='bbox 849 1222 893 1288; x_wconf 91' lang='lat' dir='ltr'>de</span> <span class='ocrx_word' id='word_1_67' title='bbox 907 1238 1016 1286; x_wconf 90' lang='lat' dir='ltr'>coena</span> <span class='ocrx_word' id='word_1_68' title='bbox 1033 1210 1201 1296; x_wconf 84' lang='lat' dir='ltr'>Domini,</span> <span class='ocrx_word' id='word_1_69' title='bbox 1221 1211 1351 1280; x_wconf 89' lang='lat' dir='ltr'>deinde</span> <span class='ocrx_word' id='word_1_70' title='bbox 1367 1211 1562 1280; x_wconf 86' lang='lat' dir='ltr'>distribue·</span> <span class='ocrx_word' id='word_1_71' title='bbox 1612 1214 1794 1306; x_wconf 87' lang='lat' dir='ltr'>perfectio.</span> <span class='ocrx_word' id='word_1_72' title='bbox 1841 1209 1937 1302; x_wconf 88' lang='lat' dir='ltr'>Ergo</span> <span class='ocrx_word' id='word_1_73' title='bbox 1953 1214 2093 1283; x_wconf 89' lang='lat' dir='ltr'>valeant</span> <span class='ocrx_word' id='word_1_74' title='bbox 2109 1214 2185 1284; x_wconf 87' lang='lat' dir='ltr'>eius</span> <span class='ocrx_word' id='word_1_75' title='bbox 2200 1215 2420 1299; x_wconf 85' lang='lat' dir='ltr'>testimonia,</span> <span class='ocrx_word' id='word_1_76' title='bbox 2441 1218 2527 1308; x_wconf 90' lang='lat' dir='ltr'>quod</span> <span class='ocrx_word' id='word_1_77' title='bbox 2540 1221 2575 1289; x_wconf 91' lang='lat' dir='ltr'>ad</span> 
     </span>
    </p>
   </div>
   <div class='ocr_carea' id='block_1_3' title="bbox 509 1313 2599 5171">
    <p class='ocr_par' dir='ltr' id='par_1_3' title="bbox 509 1313 2599 5171">
     <span class='ocr_line' id='line_1_7' title="bbox 573 1313 2577 1424; baseline -0.009 -18"><span class='ocrx_word' id='word_1_78' title='bbox 573 1339 636 1406; x_wconf 94' lang='lat' dir='ltr'>bat</span> <span class='ocrx_word' id='word_1_79' title='bbox 658 1327 791 1424; x_wconf 80' lang='lat' dir='ltr'>populo</span> <span class='ocrx_word' id='word_1_80' title='bbox 816 1329 1093 1397; x_wconf 58' lang='lat' dir='ltr'>testamenfum,</span> <span class='ocrx_word' id='word_1_81' title='bbox 1131 1316 1344 1407; x_wconf 64' lang='lat' dir='ltr'>Seqssssbalur</span> <span class='ocrx_word' id='word_1_82' title='bbox 1368 1314 1561 1402; x_wconf 67' lang='lat' dir='ltr'>gratiarum</span> <span class='ocrx_word' id='word_1_83' title='bbox 1612 1313 1797 1386; x_wconf 75' lang='lat' dir='ltr'>historiam</span> <span class='ocrx_word' id='word_1_84' title='bbox 1813 1317 1951 1401; x_wconf 88' lang='lat' dir='ltr'>attinet,</span> <span class='ocrx_word' id='word_1_85' title='bbox 1960 1331 2000 1387; x_wconf 90' lang='lat' dir='ltr'>ut</span> <span class='ocrx_word' id='word_1_86' title='bbox 2017 1315 2167 1385; x_wconf 88' lang='lat' dir='ltr'>sciamus</span> <span class='ocrx_word' id='word_1_87' title='bbox 2185 1316 2247 1410; x_wconf 89' lang='lat' dir='ltr'>qui</span> <span class='ocrx_word' id='word_1_88' title='bbox 2265 1317 2353 1388; x_wconf 89' lang='lat' dir='ltr'>ritus</span> <span class='ocrx_word' id='word_1_89' title='bbox 2367 1331 2448 1388; x_wconf 90' lang='lat' dir='ltr'>tuuc</span> <span class='ocrx_word' id='word_1_90' title='bbox 2464 1317 2577 1392; x_wconf 89' lang='lat' dir='ltr'>fuerint</span> 
     </span>
     <span class='ocr_line' id='line_1_8' title="bbox 574 1414 2577 1510; baseline -0.015 1"><span class='ocrx_word' id='word_1_91' title='bbox 574 1437 677 1510; x_wconf 87' lang='lat' dir='ltr'>actio.</span> <span class='ocrx_word' id='word_1_92' title='bbox 727 1425 798 1498; x_wconf 87' lang='lat' dir='ltr'>Hic</span> <span class='ocrx_word' id='word_1_93' title='bbox 824 1423 894 1495; x_wconf 84' lang='lat' dir='ltr'>fuis</span> <span class='ocrx_word' id='word_1_94' title='bbox 913 1420 1002 1490; x_wconf 90' lang='lat' dir='ltr'>ritus</span> <span class='ocrx_word' id='word_1_95' title='bbox 1030 1414 1180 1500; x_wconf 88' lang='lat' dir='ltr'>Missae,</span> <span class='ocrx_word' id='word_1_96' title='bbox 1214 1418 1309 1484; x_wconf 90' lang='lat' dir='ltr'>unde</span> <span class='ocrx_word' id='word_1_97' title='bbox 1338 1415 1563 1487; x_wconf 88' lang='lat' dir='ltr'>manifestum</span> <span class='ocrx_word' id='word_1_98' title='bbox 1613 1417 1750 1502; x_wconf 89' lang='lat' dir='ltr'>usitati,</span> <span class='ocrx_word' id='word_1_99' title='bbox 1786 1441 1861 1486; x_wconf 91' lang='lat' dir='ltr'>non</span> <span class='ocrx_word' id='word_1_100' title='bbox 1884 1420 1969 1489; x_wconf 91' lang='lat' dir='ltr'>liant</span> <span class='ocrx_word' id='word_1_101' title='bbox 1990 1420 2152 1510; x_wconf 87' lang='lat' dir='ltr'>dogmata</span> <span class='ocrx_word' id='word_1_102' title='bbox 2176 1433 2236 1490; x_wconf 91' lang='lat' dir='ltr'>aut</span> <span class='ocrx_word' id='word_1_103' title='bbox 2259 1418 2352 1508; x_wconf 87' lang='lat' dir='ltr'>lcgcs</span> <span class='ocrx_word' id='word_1_104' title='bbox 2377 1443 2416 1488; x_wconf 87' lang='lat' dir='ltr'>ex</span> <span class='ocrx_word' id='word_1_105' title='bbox 2437 1420 2506 1490; x_wconf 91' lang='lat' dir='ltr'>eius</span> <span class='ocrx_word' id='word_1_106' title='bbox 2526 1422 2577 1492; x_wconf 73' lang='lat' dir='ltr'>da-</span> 
     </span>
     <span class='ocr_line' id='line_1_9' title="bbox 577 1517 1882 1622; baseline -0.015 -12"><span class='ocrx_word' id='word_1_107' title='bbox 577 1553 647 1622; x_wconf 86' lang='lat' dir='ltr'>est,</span> <span class='ocrx_word' id='word_1_108' title='bbox 682 1529 830 1604; x_wconf 87' lang='lat' dir='ltr'>Missam</span> <span class='ocrx_word' id='word_1_109' title='bbox 856 1535 992 1594; x_wconf 90' lang='lat' dir='ltr'>tantum</span> <span class='ocrx_word' id='word_1_110' title='bbox 1021 1519 1129 1587; x_wconf 86' lang='lat' dir='ltr'>fuisse</span> <span class='ocrx_word' id='word_1_111' title='bbox 1154 1517 1462 1597; x_wconf 87' lang='lat' dir='ltr'>communionem,</span> <span class='ocrx_word' id='word_1_112' title='bbox 1499 1541 1564 1586; x_wconf 92' lang='lat' dir='ltr'>ncc</span> <span class='ocrx_word' id='word_1_113' title='bbox 1615 1520 1882 1613; x_wconf 80' lang='lat' dir='ltr'>scriptionibus.</span> 
     </span>
     <span class='ocr_line' id='line_1_10' title="bbox 576 1617 1566 1720; baseline -0.029 -7"><span class='ocrx_word' id='word_1_114' title='bbox 576 1641 684 1712; x_wconf 89' lang='lat' dir='ltr'>fuisse</span> <span class='ocrx_word' id='word_1_115' title='bbox 703 1631 795 1703; x_wconf 90' lang='lat' dir='ltr'>ullas</span> <span class='ocrx_word' id='word_1_116' title='bbox 819 1627 973 1720; x_wconf 89' lang='lat' dir='ltr'>privatas</span> <span class='ocrx_word' id='word_1_117' title='bbox 993 1619 1133 1692; x_wconf 89' lang='lat' dir='ltr'>Missas.</span> <span class='ocrx_word' id='word_1_118' title='bbox 1193 1617 1293 1707; x_wconf 86' lang='lat' dir='ltr'>Quin</span> <span class='ocrx_word' id='word_1_119' title='bbox 1320 1634 1354 1689; x_wconf 89' lang='lat' dir='ltr'>et</span> <span class='ocrx_word' id='word_1_120' title='bbox 1382 1617 1473 1688; x_wconf 87' lang='lat' dir='ltr'>illud</span> <span class='ocrx_word' id='word_1_121' title='bbox 1498 1618 1566 1686; x_wconf 89' lang='lat' dir='ltr'>mi-</span> 
     </span>
     <span class='ocr_line' id='line_1_11' title="bbox 577 1720 1567 1821; baseline -0.026 -8"><span class='ocrx_word' id='word_1_122' title='bbox 577 1742 729 1813; x_wconf 87' lang='lat' dir='ltr'>randum</span> <span class='ocrx_word' id='word_1_123' title='bbox 747 1745 817 1814; x_wconf 90' lang='lat' dir='ltr'>est,</span> <span class='ocrx_word' id='word_1_124' title='bbox 841 1728 936 1821; x_wconf 87' lang='lat' dir='ltr'>quod</span> <span class='ocrx_word' id='word_1_125' title='bbox 953 1747 1018 1792; x_wconf 90' lang='lat' dir='ltr'>nec</span> <span class='ocrx_word' id='word_1_126' title='bbox 1034 1720 1167 1791; x_wconf 87' lang='lat' dir='ltr'>mentio</span> <span class='ocrx_word' id='word_1_127' title='bbox 1183 1721 1221 1791; x_wconf 91' lang='lat' dir='ltr'>lit</span> <span class='ocrx_word' id='word_1_128' title='bbox 1237 1721 1428 1791; x_wconf 88' lang='lat' dir='ltr'>oblationis</span> <span class='ocrx_word' id='word_1_129' title='bbox 1449 1745 1495 1788; x_wconf 90' lang='lat' dir='ltr'>ne</span> <span class='ocrx_word' id='word_1_130' title='bbox 1517 1721 1567 1790; x_wconf 89' lang='lat' dir='ltr'>ri·</span> 
     </span>
     <span class='ocr_line' id='line_1_12' title="bbox 580 1818 2581 1932; baseline -0.01 -17"><span class='ocrx_word' id='word_1_131' title='bbox 580 1861 655 1916; x_wconf 90' lang='lat' dir='ltr'>tum</span> <span class='ocrx_word' id='word_1_132' title='bbox 671 1835 815 1932; x_wconf 88' lang='lat' dir='ltr'>quidem</span> <span class='ocrx_word' id='word_1_133' title='bbox 836 1840 994 1900; x_wconf 76' lang='lat' dir='ltr'>recenset</span> <span class='ocrx_word' id='word_1_134' title='bbox 1009 1823 1200 1896; x_wconf 76' lang='lat' dir='ltr'>offerentis.</span> <span class='ocrx_word' id='word_1_135' title='bbox 1252 1819 1349 1891; x_wconf 85' lang='lat' dir='ltr'>Haec</span> <span class='ocrx_word' id='word_1_136' title='bbox 1366 1827 1458 1917; x_wconf 87' lang='lat' dir='ltr'>apud</span> <span class='ocrx_word' id='word_1_137' title='bbox 1479 1819 1568 1892; x_wconf 90' lang='lat' dir='ltr'>Dio·</span> <span class='ocrx_word' id='word_1_138' title='bbox 1721 1821 1967 1893; x_wconf 85' lang='lat' dir='ltr'>Tertullianus</span> <span class='ocrx_word' id='word_1_139' title='bbox 1990 1834 2083 1892; x_wconf 89' lang='lat' dir='ltr'>recte</span> <span class='ocrx_word' id='word_1_140' title='bbox 2106 1820 2303 1893; x_wconf 83' lang='lat' dir='ltr'>confutavit</span> <span class='ocrx_word' id='word_1_141' title='bbox 2324 1818 2534 1894; x_wconf 84' lang='lat' dir='ltr'>Marcionem</span> <span class='ocrx_word' id='word_1_142' title='bbox 2554 1841 2581 1900; x_wconf 89' lang='lat' dir='ltr'>et</span> 
     </span>
     <span class='ocr_line' id='line_1_13' title="bbox 580 1919 2582 2040; baseline -0.016 -17"><span class='ocrx_word' id='word_1_143' title='bbox 580 1945 722 2040; x_wconf 72' lang='lat' dir='ltr'>nysium</span> <span class='ocrx_word' id='word_1_144' title='bbox 742 1932 928 2028; x_wconf 60' lang='lat' dir='ltr'>Praecipue</span> <span class='ocrx_word' id='word_1_145' title='bbox 950 1928 1093 2019; x_wconf 62' lang='grc' dir='ltr'>Ρῑθᾶθθῑ</span> <span class='ocrx_word' id='word_1_146' title='bbox 1116 1925 1324 2004; x_wconf 89' lang='lat' dir='ltr'>observare,</span> <span class='ocrx_word' id='word_1_147' title='bbox 1349 1937 1391 1994; x_wconf 76' lang='lat' dir='ltr'>ul</span> <span class='ocrx_word' id='word_1_148' title='bbox 1412 1924 1569 2014; x_wconf 90' lang='lat' dir='ltr'>autiqui-</span> <span class='ocrx_word' id='word_1_149' title='bbox 1619 1925 1777 2020; x_wconf 87' lang='lat' dir='ltr'>reliquos</span> <span class='ocrx_word' id='word_1_150' title='bbox 1795 1927 1870 1996; x_wconf 87' lang='lat' dir='ltr'>eius</span> <span class='ocrx_word' id='word_1_151' title='bbox 1887 1925 2051 1995; x_wconf 81' lang='lat' dir='ltr'>factionis</span> <span class='ocrx_word' id='word_1_152' title='bbox 2068 1919 2275 1995; x_wconf 87' lang='lat' dir='ltr'>haereticos.</span> <span class='ocrx_word' id='word_1_153' title='bbox 2319 1920 2485 1997; x_wconf 89' lang='lat' dir='ltr'>Continet</span> <span class='ocrx_word' id='word_1_154' title='bbox 2499 1928 2582 1999; x_wconf 77' lang='lat' dir='ltr'>utilis</span> 
     </span>
     <span class='ocr_line' id='line_1_14' title="bbox 579 2025 2583 2132; baseline -0.011 -12"><span class='ocrx_word' id='word_1_155' title='bbox 579 2063 687 2120; x_wconf 83' lang='lat' dir='ltr'>tatem</span> <span class='ocrx_word' id='word_1_156' title='bbox 704 2055 927 2132; x_wconf 88' lang='lat' dir='ltr'>opponamus</span> <span class='ocrx_word' id='word_1_157' title='bbox 945 2031 1009 2115; x_wconf 89' lang='lat' dir='ltr'>iis,</span> <span class='ocrx_word' id='word_1_158' title='bbox 1034 2027 1097 2122; x_wconf 92' lang='lat' dir='ltr'>qui</span> <span class='ocrx_word' id='word_1_159' title='bbox 1115 2027 1312 2098; x_wconf 87' lang='lat' dir='ltr'>defendunt</span> <span class='ocrx_word' id='word_1_160' title='bbox 1334 2027 1466 2098; x_wconf 88' lang='lat' dir='ltr'>abusus</span> <span class='ocrx_word' id='word_1_161' title='bbox 1480 2025 1571 2096; x_wconf 91' lang='lat' dir='ltr'>Mis·</span> <span class='ocrx_word' id='word_1_162' title='bbox 1621 2029 1822 2100; x_wconf 85' lang='lat' dir='ltr'>testimonia</span> <span class='ocrx_word' id='word_1_163' title='bbox 1848 2030 1892 2097; x_wconf 93' lang='lat' dir='ltr'>de</span> <span class='ocrx_word' id='word_1_164' title='bbox 1908 2025 2105 2111; x_wconf 87' lang='lat' dir='ltr'>Trinitate,</span> <span class='ocrx_word' id='word_1_165' title='bbox 2130 2026 2283 2100; x_wconf 88' lang='lat' dir='ltr'>recitans</span> <span class='ocrx_word' id='word_1_166' title='bbox 2305 2049 2381 2096; x_wconf 90' lang='lat' dir='ltr'>nou</span> <span class='ocrx_word' id='word_1_167' title='bbox 2401 2051 2496 2098; x_wconf 87' lang='lat' dir='ltr'>suam</span> <span class='ocrx_word' id='word_1_168' title='bbox 2520 2052 2583 2100; x_wconf 88' lang='lat' dir='ltr'>sen-</span> 
     </span>
     <span class='ocr_line' id='line_1_15' title="bbox 581 2128 2583 2222; baseline -0.015 10"><span class='ocrx_word' id='word_1_169' title='bbox 581 2169 714 2220; x_wconf 83' lang='lat' dir='ltr'>sarum.</span> <span class='ocrx_word' id='word_1_170' title='bbox 1622 2131 1788 2213; x_wconf 86' lang='lat' dir='ltr'>tentiam,</span> <span class='ocrx_word' id='word_1_171' title='bbox 1803 2132 1864 2198; x_wconf 89' lang='lat' dir='ltr'>scd</span> <span class='ocrx_word' id='word_1_172' title='bbox 1885 2142 2036 2199; x_wconf 89' lang='lat' dir='ltr'>veterem</span> <span class='ocrx_word' id='word_1_173' title='bbox 2052 2143 2228 2222; x_wconf 88' lang='lat' dir='ltr'>acceptam</span> <span class='ocrx_word' id='word_1_174' title='bbox 2245 2129 2289 2198; x_wconf 88' lang='lat' dir='ltr'>ab</span> <span class='ocrx_word' id='word_1_175' title='bbox 2305 2128 2494 2220; x_wconf 89' lang='lat' dir='ltr'>Apostolis.</span> <span class='ocrx_word' id='word_1_176' title='bbox 2523 2131 2583 2202; x_wconf 79' lang='lat' dir='ltr'>dd·</span> 
     </span>
     <span class='ocr_line' id='line_1_16' title="bbox 683 2225 2583 2326; baseline -0.008 -9"><span class='ocrx_word' id='word_1_177' title='bbox 683 2243 856 2318; x_wconf 78' lang='lat' dir='ltr'>Recensea</span> <span class='ocrx_word' id='word_1_178' title='bbox 878 2233 1113 2326; x_wconf 79' lang='lat' dir='ltr'>baptismum,</span> <span class='ocrx_word' id='word_1_179' title='bbox 1144 2225 1316 2317; x_wconf 72' lang='lat' dir='ltr'>chrisma,</span> <span class='ocrx_word' id='word_1_180' title='bbox 1348 2228 1590 2302; x_wconf 61' lang='lat' dir='ltr'>communio·</span> <span class='ocrx_word' id='word_1_181' title='bbox 1623 2256 1743 2303; x_wconf 89' lang='lat' dir='ltr'>versus</span> <span class='ocrx_word' id='word_1_182' title='bbox 1760 2231 1929 2301; x_wconf 86' lang='lat' dir='ltr'>Praxeam</span> <span class='ocrx_word' id='word_1_183' title='bbox 1953 2243 2045 2301; x_wconf 87' lang='lat' dir='ltr'>extat</span> <span class='ocrx_word' id='word_1_184' title='bbox 2068 2228 2288 2302; x_wconf 90' lang='lat' dir='ltr'>luculentum</span> <span class='ocrx_word' id='word_1_185' title='bbox 2304 2231 2534 2301; x_wconf 86' lang='lat' dir='ltr'>testimonium</span> <span class='ocrx_word' id='word_1_186' title='bbox 2550 2237 2583 2302; x_wconf 87' lang='lat' dir='ltr'>de</span> 
     </span>
     <span class='ocr_line' id='line_1_17' title="bbox 583 2329 2583 2439; baseline -0.01 -16"><span class='ocrx_word' id='word_1_187' title='bbox 583 2375 688 2439; x_wconf 89' lang='lat' dir='ltr'>nem,</span> <span class='ocrx_word' id='word_1_188' title='bbox 725 2359 765 2416; x_wconf 91' lang='lat' dir='ltr'>ut</span> <span class='ocrx_word' id='word_1_189' title='bbox 787 2340 879 2423; x_wconf 82' lang='lat' dir='ltr'>dixi,</span> <span class='ocrx_word' id='word_1_190' title='bbox 910 2329 1175 2408; x_wconf 83' lang='lat' dir='ltr'>ordinationem</span> <span class='ocrx_word' id='word_1_191' title='bbox 1198 2336 1505 2429; x_wconf 90' lang='lat' dir='ltr'>presbyterorum,</span> <span class='ocrx_word' id='word_1_192' title='bbox 1539 2344 1573 2404; x_wconf 92' lang='lat' dir='ltr'>et</span> <span class='ocrx_word' id='word_1_193' title='bbox 1618 2336 1750 2419; x_wconf 85' lang='lat' dir='ltr'>verbo,</span> <span class='ocrx_word' id='word_1_194' title='bbox 1784 2329 1853 2403; x_wconf 89' lang='lat' dir='ltr'>hoe</span> <span class='ocrx_word' id='word_1_195' title='bbox 1879 2347 1951 2418; x_wconf 89' lang='lat' dir='ltr'>est,</span> <span class='ocrx_word' id='word_1_196' title='bbox 1983 2335 2029 2402; x_wconf 96' lang='lat' dir='ltr'>de</span> <span class='ocrx_word' id='word_1_197' title='bbox 2049 2331 2122 2401; x_wconf 89' lang='lat' dir='ltr'>tilio</span> <span class='ocrx_word' id='word_1_198' title='bbox 2144 2329 2229 2418; x_wconf 89' lang='lat' dir='ltr'>Dei,</span> <span class='ocrx_word' id='word_1_199' title='bbox 2255 2334 2352 2427; x_wconf 90' lang='lat' dir='ltr'>quod</span> <span class='ocrx_word' id='word_1_200' title='bbox 2380 2332 2426 2404; x_wconf 87' lang='lat' dir='ltr'>sit</span> <span class='ocrx_word' id='word_1_201' title='bbox 2447 2357 2583 2424; x_wconf 88' lang='lat' dir='ltr'>persona,</span> 
     </span>
     <span class='ocr_line' id='line_1_18' title="bbox 585 2430 2524 2539; baseline -0.009 -15"><span class='ocrx_word' id='word_1_202' title='bbox 585 2474 728 2534; x_wconf 86' lang='lat' dir='ltr'>eorum,</span> <span class='ocrx_word' id='word_1_203' title='bbox 749 2445 810 2539; x_wconf 77' lang='lat' dir='ltr'>qtli</span> <span class='ocrx_word' id='word_1_204' title='bbox 829 2455 909 2512; x_wconf 68' lang='lat' dir='ltr'>vola</span> <span class='ocrx_word' id='word_1_205' title='bbox 924 2437 1117 2521; x_wconf 60' lang='lat' dir='ltr'>faciebam,</span> <span class='ocrx_word' id='word_1_206' title='bbox 1141 2448 1176 2506; x_wconf 69' lang='lat'>²1</span> <span class='ocrx_word' id='word_1_207' title='bbox 1190 2437 1396 2506; x_wconf 63' lang='lat' dir='ltr'>mellonem</span> <span class='ocrx_word' id='word_1_208' title='bbox 1412 2447 1573 2504; x_wconf 78' lang='lat' dir='ltr'>morino·</span> <span class='ocrx_word' id='word_1_209' title='bbox 1623 2439 1934 2529; x_wconf 87' lang='lat' dir='ltr'>etiam-antequam</span> <span class='ocrx_word' id='word_1_210' title='bbox 1953 2433 2123 2504; x_wconf 85' lang='lat' dir='ltr'>adsumsit</span> <span class='ocrx_word' id='word_1_211' title='bbox 2141 2430 2337 2504; x_wconf 80' lang='lat' dir='ltr'>humanam</span> <span class='ocrx_word' id='word_1_212' title='bbox 2360 2448 2524 2509; x_wconf 87' lang='lat' dir='ltr'>naturam.</span> 
     </span>
     <span class='ocr_line' id='line_1_19' title="bbox 585 2532 2583 2638; baseline -0.012 -11"><span class='ocrx_word' id='word_1_213' title='bbox 585 2580 688 2638; x_wconf 84' lang='lat' dir='ltr'>rum,</span> <span class='ocrx_word' id='word_1_214' title='bbox 713 2548 775 2623; x_wconf 90' lang='lat' dir='ltr'>ubi</span> <span class='ocrx_word' id='word_1_215' title='bbox 798 2555 916 2614; x_wconf 91' lang='lat' dir='ltr'>narrat</span> <span class='ocrx_word' id='word_1_216' title='bbox 933 2540 1053 2635; x_wconf 87' lang='lat' dir='ltr'>quales</span> <span class='ocrx_word' id='word_1_217' title='bbox 1076 2537 1210 2607; x_wconf 89' lang='lat' dir='ltr'>fuerint</span> <span class='ocrx_word' id='word_1_218' title='bbox 1228 2537 1448 2607; x_wconf 87' lang='lat' dir='ltr'>ceremoniae</span> <span class='ocrx_word' id='word_1_219' title='bbox 1470 2538 1575 2605; x_wconf 83' lang='lat' dir='ltr'>fasne·</span> <span class='ocrx_word' id='word_1_220' title='bbox 1725 2535 1913 2608; x_wconf 89' lang='lat' dir='ltr'>Caeterum</span> <span class='ocrx_word' id='word_1_221' title='bbox 1937 2551 1968 2606; x_wconf 89' lang='lat' dir='ltr'>et</span> <span class='ocrx_word' id='word_1_222' title='bbox 1994 2549 2127 2606; x_wconf 87' lang='lat' dir='ltr'>veteres</span> <span class='ocrx_word' id='word_1_223' title='bbox 2152 2532 2422 2626; x_wconf 87' lang='lat' dir='ltr'>reprehendunt</span> <span class='ocrx_word' id='word_1_224' title='bbox 2442 2541 2583 2631; x_wconf 81' lang='lat' dir='ltr'>quaedam</span> 
     </span>
     <span class='ocr_line' id='line_1_20' title="bbox 587 2627 2578 2737; baseline -0.01 -11"><span class='ocrx_word' id='word_1_225' title='bbox 587 2681 687 2737; x_wconf 91' lang='lat' dir='ltr'>rum,</span> <span class='ocrx_word' id='word_1_226' title='bbox 733 2670 815 2720; x_wconf 90' lang='lat' dir='ltr'>cum</span> <span class='ocrx_word' id='word_1_227' title='bbox 836 2647 986 2716; x_wconf 89' lang='lat' dir='ltr'>cadaver</span> <span class='ocrx_word' id='word_1_228' title='bbox 1007 2641 1046 2708; x_wconf 90' lang='lat' dir='ltr'>in</span> <span class='ocrx_word' id='word_1_229' title='bbox 1077 2640 1211 2731; x_wconf 88' lang='lat' dir='ltr'>templo</span> <span class='ocrx_word' id='word_1_230' title='bbox 1236 2639 1447 2711; x_wconf 89' lang='lat' dir='ltr'>collocatum</span> <span class='ocrx_word' id='word_1_231' title='bbox 1473 2650 1575 2723; x_wconf 88' lang='lat' dir='ltr'>esset,</span> <span class='ocrx_word' id='word_1_232' title='bbox 1625 2641 1701 2712; x_wconf 87' lang='lat' dir='ltr'>eius</span> <span class='ocrx_word' id='word_1_233' title='bbox 1733 2653 1866 2718; x_wconf 88' lang='lat' dir='ltr'>errata,</span> <span class='ocrx_word' id='word_1_234' title='bbox 1905 2637 2088 2728; x_wconf 90' lang='lat' dir='ltr'>videlicet,</span> <span class='ocrx_word' id='word_1_235' title='bbox 2128 2639 2222 2731; x_wconf 89' lang='lat' dir='ltr'>quod</span> <span class='ocrx_word' id='word_1_236' title='bbox 2258 2627 2435 2708; x_wconf 72' lang='lat' dir='ltr'>seeund&#39;as</span> <span class='ocrx_word' id='word_1_237' title='bbox 2468 2641 2578 2730; x_wconf 89' lang='lat' dir='ltr'>nuptias</span> 
     </span>
     <span class='ocr_line' id='line_1_21' title="bbox 588 2739 2582 2854; baseline -0.015 -26"><span class='ocrx_word' id='word_1_238' title='bbox 588 2766 770 2854; x_wconf 84' lang='lat' dir='ltr'>praesente</span> <span class='ocrx_word' id='word_1_239' title='bbox 785 2745 918 2842; x_wconf 92' lang='lat' dir='ltr'>populo</span> <span class='ocrx_word' id='word_1_240' title='bbox 935 2741 1177 2813; x_wconf 81' lang='lat' dir='ltr'>recitabantur</span> <span class='ocrx_word' id='word_1_241' title='bbox 1192 2741 1331 2834; x_wconf 89' lang='lat' dir='ltr'>aliquae</span> <span class='ocrx_word' id='word_1_242' title='bbox 1348 2742 1516 2811; x_wconf 83' lang='lat' dir='ltr'>lectiones</span> <span class='ocrx_word' id='word_1_243' title='bbox 1534 2764 1576 2809; x_wconf 85' lang='lat' dir='ltr'>ex</span> <span class='ocrx_word' id='word_1_244' title='bbox 1625 2746 1789 2825; x_wconf 88' lang='lat' dir='ltr'>damnat,</span> <span class='ocrx_word' id='word_1_245' title='bbox 1816 2755 1851 2811; x_wconf 90' lang='lat' dir='ltr'>et</span> <span class='ocrx_word' id='word_1_246' title='bbox 1864 2740 2016 2810; x_wconf 89' lang='lat' dir='ltr'>ridicule</span> <span class='ocrx_word' id='word_1_247' title='bbox 2030 2753 2319 2828; x_wconf 80' lang='lat' dir='ltr'>argumentatur:</span> <span class='ocrx_word' id='word_1_248' title='bbox 2348 2739 2429 2810; x_wconf 80' lang='lat' dir='ltr'>Non</span> <span class='ocrx_word' id='word_1_249' title='bbox 2446 2741 2582 2812; x_wconf 61' lang='lat' dir='ltr'>tientes.</span> 
     </span>
     <span class='ocr_line' id='line_1_22' title="bbox 589 2838 2586 2931; baseline -0.024 0"><span class='ocrx_word' id='word_1_250' title='bbox 589 2857 697 2931; x_wconf 83' lang='lat' dir='ltr'>sacris</span> <span class='ocrx_word' id='word_1_251' title='bbox 717 2851 830 2924; x_wconf 86' lang='lat' dir='ltr'>literis</span> <span class='ocrx_word' id='word_1_252' title='bbox 845 2850 890 2918; x_wconf 92' lang='lat' dir='ltr'>de</span> <span class='ocrx_word' id='word_1_253' title='bbox 910 2843 1174 2916; x_wconf 88' lang='lat' dir='ltr'>resurrectione.</span> <span class='ocrx_word' id='word_1_254' title='bbox 1224 2839 1365 2912; x_wconf 92' lang='lat' dir='ltr'>Deinde</span> <span class='ocrx_word' id='word_1_255' title='bbox 1387 2843 1576 2914; x_wconf 90' lang='lat' dir='ltr'>iubebatur</span> <span class='ocrx_word' id='word_1_256' title='bbox 1627 2844 1839 2917; x_wconf 77' lang='lat' dir='ltr'>trismurtue&#39;</span> <span class='ocrx_word' id='word_1_257' title='bbox 1856 2865 2001 2911; x_wconf 66' lang='lat' dir='ltr'>uxorem</span> <span class='ocrx_word' id='word_1_258' title='bbox 2020 2842 2158 2912; x_wconf 63' lang='lat' dir='ltr'>duem,</span> <span class='ocrx_word' id='word_1_259' title='bbox 2210 2838 2586 2913; x_wconf 56' lang='lat' dir='ltr'>Ducemvpduamstg</span> 
     </span>
     <span class='ocr_line' id='line_1_23' title="bbox 590 2939 2585 3054; baseline -0.009 -28"><span class='ocrx_word' id='word_1_260' title='bbox 590 2958 746 3054; x_wconf 83' lang='lat' dir='ltr'>populus</span> <span class='ocrx_word' id='word_1_261' title='bbox 776 2949 905 3042; x_wconf 89' lang='lat' dir='ltr'>gratias</span> <span class='ocrx_word' id='word_1_262' title='bbox 931 2969 1069 3037; x_wconf 86' lang='lat' dir='ltr'>agerem</span> <span class='ocrx_word' id='word_1_263' title='bbox 1102 2944 1285 3034; x_wconf 88' lang='lat' dir='ltr'>precibus.</span> <span class='ocrx_word' id='word_1_264' title='bbox 1317 2945 1412 3039; x_wconf 88' lang='lat' dir='ltr'>quod</span> <span class='ocrx_word' id='word_1_265' title='bbox 1437 2941 1496 3014; x_wconf 92' lang='lat' dir='ltr'>hic</span> <span class='ocrx_word' id='word_1_266' title='bbox 1521 2944 1577 3035; x_wconf 87' lang='lat' dir='ltr'>pie</span> <span class='ocrx_word' id='word_1_267' title='bbox 1628 2961 1719 3018; x_wconf 89' lang='lat' dir='ltr'>ctam</span> <span class='ocrx_word' id='word_1_268' title='bbox 1737 2970 1756 3014; x_wconf 93' lang='lat' dir='ltr'>a</span> <span class='ocrx_word' id='word_1_269' title='bbox 1771 2939 1995 3027; x_wconf 87' lang='lat' dir='ltr'>Christiano,</span> <span class='ocrx_word' id='word_1_270' title='bbox 2027 2943 2128 3013; x_wconf 79' lang='lat' dir='ltr'>duxit</span> <span class='ocrx_word' id='word_1_271' title='bbox 2150 2943 2270 3014; x_wconf 84' lang='lat' dir='ltr'>fratris</span> <span class='ocrx_word' id='word_1_272' title='bbox 2292 2946 2428 3016; x_wconf 88' lang='lat' dir='ltr'>rnortui</span> <span class='ocrx_word' id='word_1_273' title='bbox 2449 2967 2585 3016; x_wconf 83' lang='lat' dir='ltr'>uxorem:</span> 
     </span>
     <span class='ocr_line' id='line_1_24' title="bbox 592 3043 2053 3138; baseline -0.014 -6"><span class='ocrx_word' id='word_1_274' title='bbox 592 3058 796 3134; x_wconf 86' lang='lat' dir='ltr'>decessisset</span> <span class='ocrx_word' id='word_1_275' title='bbox 827 3054 866 3120; x_wconf 93' lang='lat' dir='ltr'>in</span> <span class='ocrx_word' id='word_1_276' title='bbox 895 3049 1077 3137; x_wconf 76' lang='lat' dir='ltr'>agnitione</span> <span class='ocrx_word' id='word_1_277' title='bbox 1108 3043 1308 3134; x_wconf 80' lang='lat' dir='ltr'>Evangelii.</span> <span class='ocrx_word' id='word_1_278' title='bbox 1367 3043 1577 3117; x_wconf 79' lang='lat' dir='ltr'>Addebatur</span> <span class='ocrx_word' id='word_1_279' title='bbox 1628 3071 1710 3138; x_wconf 88' lang='lat' dir='ltr'>ergo</span> <span class='ocrx_word' id='word_1_280' title='bbox 1746 3071 1819 3116; x_wconf 89' lang='lat' dir='ltr'>non</span> <span class='ocrx_word' id='word_1_281' title='bbox 1844 3060 1938 3116; x_wconf 89' lang='lat' dir='ltr'>recte</span> <span class='ocrx_word' id='word_1_282' title='bbox 1960 3045 2053 3120; x_wconf 87' lang='lat' dir='ltr'>facit.</span> 
     </span>
     <span class='ocr_line' id='line_1_25' title="bbox 591 3144 2588 3246; baseline -0.019 -11"><span class='ocrx_word' id='word_1_283' title='bbox 591 3156 814 3236; x_wconf 87' lang='lat' dir='ltr'>adhortatio,</span> <span class='ocrx_word' id='word_1_284' title='bbox 846 3167 888 3224; x_wconf 84' lang='lat' dir='ltr'>ut</span> <span class='ocrx_word' id='word_1_285' title='bbox 909 3151 977 3221; x_wconf 90' lang='lat' dir='ltr'>sibi</span> <span class='ocrx_word' id='word_1_286' title='bbox 999 3149 1149 3242; x_wconf 88' lang='lat' dir='ltr'>quisque</span> <span class='ocrx_word' id='word_1_287' title='bbox 1171 3162 1370 3238; x_wconf 88' lang='lat' dir='ltr'>precaretur</span> <span class='ocrx_word' id='word_1_288' title='bbox 1387 3149 1485 3246; x_wconf 93' lang='lat' dir='ltr'>pium</span> <span class='ocrx_word' id='word_1_289' title='bbox 1503 3148 1578 3218; x_wconf 81' lang='lat' dir='ltr'>exi·</span> <span class='ocrx_word' id='word_1_290' title='bbox 1726 3147 1836 3218; x_wconf 88' lang='lat' dir='ltr'>Ludit</span> <span class='ocrx_word' id='word_1_291' title='bbox 1851 3148 1956 3218; x_wconf 89' lang='lat' dir='ltr'>etiam</span> <span class='ocrx_word' id='word_1_292' title='bbox 1974 3149 2019 3218; x_wconf 88' lang='lat' dir='ltr'>de</span> <span class='ocrx_word' id='word_1_293' title='bbox 2041 3169 2151 3237; x_wconf 83' lang='lat' dir='ltr'>regno</span> <span class='ocrx_word' id='word_1_294' title='bbox 2172 3159 2399 3232; x_wconf 89' lang='lat' dir='ltr'>sauctorum,</span> <span class='ocrx_word' id='word_1_295' title='bbox 2430 3145 2520 3240; x_wconf 78' lang='lat' dir='ltr'>quod</span> <span class='ocrx_word' id='word_1_296' title='bbox 2536 3144 2588 3214; x_wconf 72' lang='lat' dir='ltr'>fin.</span> 
     </span>
     <span class='ocr_line' id='line_1_26' title="bbox 592 3245 2587 3342; baseline -0.013 -3"><span class='ocrx_word' id='word_1_297' title='bbox 592 3282 668 3340; x_wconf 92' lang='lat' dir='ltr'>tum</span> <span class='ocrx_word' id='word_1_298' title='bbox 685 3286 726 3332; x_wconf 80' lang='lat' dir='ltr'>ex</span> <span class='ocrx_word' id='word_1_299' title='bbox 743 3255 809 3330; x_wconf 90' lang='lat' dir='ltr'>hac</span> <span class='ocrx_word' id='word_1_300' title='bbox 825 3255 907 3326; x_wconf 87' lang='lat' dir='ltr'>vita.</span> <span class='ocrx_word' id='word_1_301' title='bbox 958 3251 1032 3322; x_wconf 92' lang='lat' dir='ltr'>Hic</span> <span class='ocrx_word' id='word_1_302' title='bbox 1048 3273 1124 3319; x_wconf 87' lang='lat' dir='ltr'>mos</span> <span class='ocrx_word' id='word_1_303' title='bbox 1136 3250 1204 3320; x_wconf 92' lang='lat' dir='ltr'>fuit</span> <span class='ocrx_word' id='word_1_304' title='bbox 1219 3251 1347 3342; x_wconf 91' lang='lat' dir='ltr'>plenus</span> <span class='ocrx_word' id='word_1_305' title='bbox 1365 3251 1520 3340; x_wconf 89' lang='lat' dir='ltr'>pietatis,</span> <span class='ocrx_word' id='word_1_306' title='bbox 1542 3263 1578 3320; x_wconf 95' lang='lat' dir='ltr'>et</span> <span class='ocrx_word' id='word_1_307' title='bbox 1627 3251 1757 3342; x_wconf 82' lang='lat' dir='ltr'>gabant</span> <span class='ocrx_word' id='word_1_308' title='bbox 1777 3252 1989 3320; x_wconf 89' lang='lat' dir='ltr'>duraturum</span> <span class='ocrx_word' id='word_1_309' title='bbox 2011 3271 2086 3318; x_wconf 89' lang='lat' dir='ltr'>esse</span> <span class='ocrx_word' id='word_1_310' title='bbox 2105 3248 2203 3319; x_wconf 88' lang='lat' dir='ltr'>mille</span> <span class='ocrx_word' id='word_1_311' title='bbox 2218 3273 2335 3320; x_wconf 92' lang='lat' dir='ltr'>annos</span> <span class='ocrx_word' id='word_1_312' title='bbox 2352 3250 2390 3318; x_wconf 91' lang='lat' dir='ltr'>in</span> <span class='ocrx_word' id='word_1_313' title='bbox 2408 3245 2470 3318; x_wconf 91' lang='lat' dir='ltr'>hac</span> <span class='ocrx_word' id='word_1_314' title='bbox 2487 3269 2587 3336; x_wconf 89' lang='lat' dir='ltr'>corpo·</span> 
     </span>
     <span class='ocr_line' id='line_1_27' title="bbox 592 3350 2587 3450; baseline -0.012 -12"><span class='ocrx_word' id='word_1_315' title='bbox 592 3367 699 3438; x_wconf 86' lang='lat' dir='ltr'>laude</span> <span class='ocrx_word' id='word_1_316' title='bbox 720 3361 859 3450; x_wconf 90' lang='lat' dir='ltr'>dignus.</span> <span class='ocrx_word' id='word_1_317' title='bbox 910 3353 1013 3444; x_wconf 87' lang='lat' dir='ltr'>Quae</span> <span class='ocrx_word' id='word_1_318' title='bbox 1036 3351 1131 3422; x_wconf 87' lang='lat' dir='ltr'>enim</span> <span class='ocrx_word' id='word_1_319' title='bbox 1154 3366 1299 3445; x_wconf 88' lang='lat' dir='ltr'>possunt</span> <span class='ocrx_word' id='word_1_320' title='bbox 1315 3353 1449 3420; x_wconf 89' lang='lat' dir='ltr'>maiora</span> <span class='ocrx_word' id='word_1_321' title='bbox 1470 3353 1578 3422; x_wconf 89' lang='lat' dir='ltr'>bene·</span> <span class='ocrx_word' id='word_1_322' title='bbox 1628 3354 1693 3424; x_wconf 91' lang='lat' dir='ltr'>rali</span> <span class='ocrx_word' id='word_1_323' title='bbox 1718 3353 1809 3435; x_wconf 89' lang='lat' dir='ltr'>vita,</span> <span class='ocrx_word' id='word_1_324' title='bbox 1848 3364 1930 3421; x_wconf 83' lang='lat' dir='ltr'>aute</span> <span class='ocrx_word' id='word_1_325' title='bbox 1954 3350 2081 3420; x_wconf 90' lang='lat' dir='ltr'>mundi</span> <span class='ocrx_word' id='word_1_326' title='bbox 2097 3351 2435 3441; x_wconf 87' lang='lat' dir='ltr'>conflagrationem,</span> <span class='ocrx_word' id='word_1_327' title='bbox 2474 3366 2504 3420; x_wconf 92' lang='lat' dir='ltr'>ct</span> <span class='ocrx_word' id='word_1_328' title='bbox 2526 3363 2587 3416; x_wconf 84' lang='lat' dir='ltr'>ante</span> 
     </span>
     <span class='ocr_line' id='line_1_28' title="bbox 545 3449 2593 3555; baseline -0.011 -15"><span class='ocrx_word' id='word_1_329' title='bbox 545 3461 550 3468; x_wconf 41' lang='lat'><strong>⁴</strong></span> <span class='ocrx_word' id='word_1_330' title='bbox 591 3470 671 3541; x_wconf 84' lang='lat' dir='ltr'>licia</span> <span class='ocrx_word' id='word_1_331' title='bbox 686 3461 852 3555; x_wconf 86' lang='lat' dir='ltr'>cogitari,</span> <span class='ocrx_word' id='word_1_332' title='bbox 876 3482 982 3551; x_wconf 88' lang='lat' dir='ltr'>quam</span> <span class='ocrx_word' id='word_1_333' title='bbox 997 3455 1034 3523; x_wconf 92' lang='lat' dir='ltr'>in</span> <span class='ocrx_word' id='word_1_334' title='bbox 1051 3453 1113 3524; x_wconf 93' lang='lat' dir='ltr'>illo</span> <span class='ocrx_word' id='word_1_335' title='bbox 1130 3454 1265 3544; x_wconf 87' lang='lat' dir='ltr'>ingenti</span> <span class='ocrx_word' id='word_1_336' title='bbox 1281 3454 1579 3545; x_wconf 88' lang='lat' dir='ltr'>agonc,retiucre</span> <span class='ocrx_word' id='word_1_337' title='bbox 1630 3452 2075 3540; x_wconf 87' lang='lat' dir='ltr'>novissimumiudieium,</span> <span class='ocrx_word' id='word_1_338' title='bbox 2108 3453 2277 3546; x_wconf 82' lang='lat' dir='ltr'>paulatim</span> <span class='ocrx_word' id='word_1_339' title='bbox 2295 3455 2396 3539; x_wconf 89' lang='lat' dir='ltr'>aliis,</span> <span class='ocrx_word' id='word_1_340' title='bbox 2421 3453 2516 3523; x_wconf 91' lang='lat' dir='ltr'>citius</span> <span class='ocrx_word' id='word_1_341' title='bbox 2534 3449 2593 3519; x_wconf 85' lang='lat' dir='ltr'>aliis</span> 
     </span>
     <span class='ocr_line' id='line_1_29' title="bbox 592 3552 2594 3654; baseline -0.012 -11"><span class='ocrx_word' id='word_1_342' title='bbox 592 3566 728 3643; x_wconf 89' lang='lat' dir='ltr'>Christi</span> <span class='ocrx_word' id='word_1_343' title='bbox 742 3560 979 3654; x_wconf 80' lang='lat' dir='ltr'>agnitionem,</span> <span class='ocrx_word' id='word_1_344' title='bbox 1006 3556 1168 3626; x_wconf 89' lang='lat' dir='ltr'>adiuvari</span> <span class='ocrx_word' id='word_1_345' title='bbox 1182 3582 1201 3624; x_wconf 92' lang='lat' dir='ltr'>a</span> <span class='ocrx_word' id='word_1_346' title='bbox 1217 3552 1363 3627; x_wconf 89' lang='lat' dir='ltr'>Christo</span> <span class='ocrx_word' id='word_1_347' title='bbox 1379 3570 1414 3627; x_wconf 89' lang='lat' dir='ltr'>et</span> <span class='ocrx_word' id='word_1_348' title='bbox 1428 3552 1581 3624; x_wconf 82' lang='lat' dir='ltr'>salvari?</span> <span class='ocrx_word' id='word_1_349' title='bbox 1629 3558 1763 3628; x_wconf 90' lang='lat' dir='ltr'>tardius</span> <span class='ocrx_word' id='word_1_350' title='bbox 1778 3554 2054 3645; x_wconf 87' lang='lat' dir='ltr'>resurgentibus.</span> <span class='ocrx_word' id='word_1_351' title='bbox 2108 3554 2188 3627; x_wconf 89' lang='lat' dir='ltr'>Hoc</span> <span class='ocrx_word' id='word_1_352' title='bbox 2204 3554 2390 3627; x_wconf 82' lang='lat' dir='ltr'>Iudaicum</span> <span class='ocrx_word' id='word_1_353' title='bbox 2412 3556 2594 3625; x_wconf 86' lang='lat' dir='ltr'>deliramen-</span> 
     </span>
     <span class='ocr_line' id='line_1_30' title="bbox 593 3656 2480 3751; baseline -0.016 -8"><span class='ocrx_word' id='word_1_354' title='bbox 593 3670 698 3743; x_wconf 87' lang='lat' dir='ltr'>Hauc</span> <span class='ocrx_word' id='word_1_355' title='bbox 712 3662 947 3737; x_wconf 84' lang='lat' dir='ltr'>ceremoniam</span> <span class='ocrx_word' id='word_1_356' title='bbox 964 3659 1145 3727; x_wconf 89' lang='lat' dir='ltr'>meliorem</span> <span class='ocrx_word' id='word_1_357' title='bbox 1168 3658 1345 3728; x_wconf 89' lang='lat' dir='ltr'>recentior</span> <span class='ocrx_word' id='word_1_358' title='bbox 1365 3672 1459 3730; x_wconf 89' lang='lat' dir='ltr'>aetas</span> <span class='ocrx_word' id='word_1_359' title='bbox 1478 3682 1581 3749; x_wconf 91' lang='lat' dir='ltr'>pror·</span> <span class='ocrx_word' id='word_1_360' title='bbox 1630 3673 1704 3733; x_wconf 87' lang='lat' dir='ltr'>turn</span> <span class='ocrx_word' id='word_1_361' title='bbox 1721 3682 1865 3751; x_wconf 88' lang='lat' dir='ltr'>prorsus</span> <span class='ocrx_word' id='word_1_362' title='bbox 1886 3657 2147 3749; x_wconf 79' lang='lat' dir='ltr'>explodendum</span> <span class='ocrx_word' id='word_1_363' title='bbox 2170 3670 2224 3729; x_wconf 80' lang='lat' dir='ltr'>est</span> <span class='ocrx_word' id='word_1_364' title='bbox 2245 3680 2290 3729; x_wconf 64' lang='grc' dir='ltr'>εχ</span> <span class='ocrx_word' id='word_1_365' title='bbox 2315 3656 2480 3729; x_wconf 56' lang='lat' dir='ltr'>Ecclesia,</span> 
     </span>
     <span class='ocr_line' id='line_1_31' title="bbox 594 3757 2592 3850; baseline -0.024 -3"><span class='ocrx_word' id='word_1_366' title='bbox 594 3796 655 3847; x_wconf 87' lang='lat' dir='ltr'>sus</span> <span class='ocrx_word' id='word_1_367' title='bbox 670 3766 845 3850; x_wconf 86' lang='lat' dir='ltr'>abolevit,</span> <span class='ocrx_word' id='word_1_368' title='bbox 869 3761 1016 3833; x_wconf 87' lang='lat' dir='ltr'>retentis</span> <span class='ocrx_word' id='word_1_369' title='bbox 1031 3773 1064 3832; x_wconf 90' lang='lat' dir='ltr'>et</span> <span class='ocrx_word' id='word_1_370' title='bbox 1079 3759 1266 3831; x_wconf 88' lang='lat' dir='ltr'>cumulatis</span> <span class='ocrx_word' id='word_1_371' title='bbox 1281 3760 1529 3833; x_wconf 86' lang='lat' dir='ltr'>deterioribus.</span> <span class='ocrx_word' id='word_1_372' title='bbox 1734 3759 1775 3830; x_wconf 84' lang='lat' dir='ltr'>ln</span> <span class='ocrx_word' id='word_1_373' title='bbox 1801 3760 1922 3829; x_wconf 66' lang='lat' dir='ltr'>libello</span> <span class='ocrx_word' id='word_1_374' title='bbox 1951 3762 1996 3829; x_wconf 65' lang='lat' dir='ltr'>de</span> <span class='ocrx_word' id='word_1_375' title='bbox 2030 3784 2161 3830; x_wconf 64' lang='lat' dir='ltr'><strong>comm</strong></span> <span class='ocrx_word' id='word_1_376' title='bbox 2183 3760 2309 3831; x_wconf 59' lang='lat' dir='ltr'>ming,</span> <span class='ocrx_word' id='word_1_377' title='bbox 2336 3761 2446 3831; x_wconf 62' lang='lat' dir='ltr'>must,</span> <span class='ocrx_word' id='word_1_378' title='bbox 2469 3757 2543 3829; x_wconf 55' lang='lat' dir='ltr'>,fleg</span> <span class='ocrx_word' id='word_1_379' title='bbox 2561 3757 2592 3823; x_wconf 60' lang='lat' dir='ltr'>d,</span> 
     </span>
     <span class='ocr_line' id='line_1_32' title="bbox 694 3856 2594 3956; baseline -0.016 -2"><span class='ocrx_word' id='word_1_380' title='bbox 694 3868 808 3945; x_wconf 63' lang='lat' dir='ltr'>Addit</span> <span class='ocrx_word' id='word_1_381' title='bbox 828 3878 946 3937; x_wconf 60' lang='lat' dir='ltr'>tutem</span> <span class='ocrx_word' id='word_1_382' title='bbox 960 3860 1172 3956; x_wconf 65' lang='lat' dir='ltr'>Di⁰¹¹ysluts</span> <span class='ocrx_word' id='word_1_383' title='bbox 1199 3877 1278 3952; x_wconf 90' lang='lat' dir='ltr'>post</span> <span class='ocrx_word' id='word_1_384' title='bbox 1299 3857 1392 3935; x_wconf 89' lang='lat' dir='ltr'>banc</span> <span class='ocrx_word' id='word_1_385' title='bbox 1412 3856 1581 3931; x_wconf 86' lang='lat' dir='ltr'>adhorta·</span> <span class='ocrx_word' id='word_1_386' title='bbox 1632 3862 1761 3933; x_wconf 88' lang='lat' dir='ltr'>ritibus</span> <span class='ocrx_word' id='word_1_387' title='bbox 1778 3857 1964 3947; x_wconf 88' lang='lat' dir='ltr'>humanis,</span> <span class='ocrx_word' id='word_1_388' title='bbox 1992 3873 2026 3931; x_wconf 89' lang='lat' dir='ltr'>et</span> <span class='ocrx_word' id='word_1_389' title='bbox 2046 3861 2235 3931; x_wconf 85' lang='lat' dir='ltr'>durissime</span> <span class='ocrx_word' id='word_1_390' title='bbox 2256 3862 2460 3934; x_wconf 89' lang='lat' dir='ltr'>declamitat</span> <span class='ocrx_word' id='word_1_391' title='bbox 2475 3864 2515 3931; x_wconf 89' lang='lat' dir='ltr'>de</span> <span class='ocrx_word' id='word_1_392' title='bbox 2528 3880 2594 3928; x_wconf 90' lang='lat' dir='ltr'>con-</span> 
     </span>
     <span class='ocr_line' id='line_1_33' title="bbox 509 3956 2594 4059; baseline -0.014 -5"><span class='ocrx_word' id='word_1_393' title='bbox 509 3978 513 3985; x_wconf 78' lang='grc'><em>’</em></span> <span class='ocrx_word' id='word_1_394' title='bbox 596 3976 732 4051; x_wconf 86' lang='lat' dir='ltr'>tionem</span> <span class='ocrx_word' id='word_1_395' title='bbox 759 3968 885 4041; x_wconf 88' lang='lat' dir='ltr'>abiisse</span> <span class='ocrx_word' id='word_1_396' title='bbox 914 3964 1177 4059; x_wconf 85' lang='lat' dir='ltr'>presbyterum,</span> <span class='ocrx_word' id='word_1_397' title='bbox 1216 3978 1250 4033; x_wconf 91' lang='lat' dir='ltr'>ct</span> <span class='ocrx_word' id='word_1_398' title='bbox 1278 3964 1475 4055; x_wconf 81' lang='lat' dir='ltr'>perfudisse</span> <span class='ocrx_word' id='word_1_399' title='bbox 1501 3964 1581 4033; x_wconf 91' lang='lat' dir='ltr'>olco</span> <span class='ocrx_word' id='word_1_400' title='bbox 1632 3964 1848 4052; x_wconf 84' lang='lat' dir='ltr'>sraetudine,</span> <span class='ocrx_word' id='word_1_401' title='bbox 1880 3956 2283 4034; x_wconf 86' lang='lat' dir='ltr'>habendarueamessc</span> <span class='ocrx_word' id='word_1_402' title='bbox 2310 3964 2487 4053; x_wconf 84' lang='lat' dir='ltr'>prolege.</span> <span class='ocrx_word' id='word_1_403' title='bbox 2544 3958 2594 4027; x_wconf 89' lang='lat' dir='ltr'>His</span> 
     </span>
     <span class='ocr_line' id='line_1_34' title="bbox 597 4060 2594 4163; baseline -0.017 -14"><span class='ocrx_word' id='word_1_404' title='bbox 597 4080 763 4159; x_wconf 87' lang='lat' dir='ltr'>cadaver,</span> <span class='ocrx_word' id='word_1_405' title='bbox 789 4084 823 4141; x_wconf 87' lang='lat' dir='ltr'>et</span> <span class='ocrx_word' id='word_1_406' title='bbox 839 4080 1019 4163; x_wconf 86' lang='lat' dir='ltr'>precatum</span> <span class='ocrx_word' id='word_1_407' title='bbox 1036 4088 1125 4151; x_wconf 88' lang='lat' dir='ltr'>esse,</span> <span class='ocrx_word' id='word_1_408' title='bbox 1151 4080 1191 4137; x_wconf 91' lang='lat' dir='ltr'>ut</span> <span class='ocrx_word' id='word_1_409' title='bbox 1206 4060 1302 4135; x_wconf 87' lang='lat' dir='ltr'>Deus</span> <span class='ocrx_word' id='word_1_410' title='bbox 1318 4066 1351 4133; x_wconf 92' lang='lat' dir='ltr'>ei</span> <span class='ocrx_word' id='word_1_411' title='bbox 1365 4066 1583 4138; x_wconf 86' lang='lat' dir='ltr'>condonaret</span> <span class='ocrx_word' id='word_1_412' title='bbox 1634 4066 1738 4139; x_wconf 88' lang='lat' dir='ltr'>dictis</span> <span class='ocrx_word' id='word_1_413' title='bbox 1755 4067 1793 4133; x_wconf 91' lang='lat' dir='ltr'>in</span> <span class='ocrx_word' id='word_1_414' title='bbox 1808 4061 1965 4135; x_wconf 87' lang='lat' dir='ltr'>Ecclesia</span> <span class='ocrx_word' id='word_1_415' title='bbox 1990 4065 2082 4135; x_wconf 90' lang='lat' dir='ltr'>male</span> <span class='ocrx_word' id='word_1_416' title='bbox 2099 4066 2266 4149; x_wconf 89' lang='lat' dir='ltr'>detortis,</span> <span class='ocrx_word' id='word_1_417' title='bbox 2291 4081 2334 4137; x_wconf 89' lang='lat' dir='ltr'>ut</span> <span class='ocrx_word' id='word_1_418' title='bbox 2351 4068 2408 4146; x_wconf 82' lang='lat' dir='ltr'>fic.</span> <span class='ocrx_word' id='word_1_419' title='bbox 2435 4066 2594 4134; x_wconf 63' lang='lat' dir='ltr'>confirma.</span> 
     </span>
     <span class='ocr_line' id='line_1_35' title="bbox 597 4164 2595 4262; baseline -0.008 -12"><span class='ocrx_word' id='word_1_420' title='bbox 597 4176 860 4256; x_wconf 82' lang='lat' dir='ltr'>infirmitatem,</span> <span class='ocrx_word' id='word_1_421' title='bbox 885 4167 1026 4262; x_wconf 85' lang='lat' dir='ltr'>quaein</span> <span class='ocrx_word' id='word_1_422' title='bbox 1044 4192 1085 4236; x_wconf 90' lang='lat' dir='ltr'>eo</span> <span class='ocrx_word' id='word_1_423' title='bbox 1104 4166 1238 4259; x_wconf 85' lang='lat' dir='ltr'>reliqua</span> <span class='ocrx_word' id='word_1_424' title='bbox 1262 4168 1383 4237; x_wconf 84' lang='lat' dir='ltr'>fuisset</span> <span class='ocrx_word' id='word_1_425' title='bbox 1399 4180 1479 4259; x_wconf 88' lang='lat' dir='ltr'>post</span> <span class='ocrx_word' id='word_1_426' title='bbox 1495 4190 1582 4236; x_wconf 92' lang='lat' dir='ltr'>con·</span> <span class='ocrx_word' id='word_1_427' title='bbox 1635 4183 1760 4239; x_wconf 90' lang='lat' dir='ltr'>rentur</span> <span class='ocrx_word' id='word_1_428' title='bbox 1782 4167 1940 4255; x_wconf 80' lang='lat' dir='ltr'>ingentes</span> <span class='ocrx_word' id='word_1_429' title='bbox 1965 4190 2102 4236; x_wconf 85' lang='lat' dir='ltr'>errores</span> <span class='ocrx_word' id='word_1_430' title='bbox 2123 4168 2292 4237; x_wconf 89' lang='lat' dir='ltr'>omuibus</span> <span class='ocrx_word' id='word_1_431' title='bbox 2316 4168 2503 4252; x_wconf 88' lang='lat' dir='ltr'>aetatibus,</span> <span class='ocrx_word' id='word_1_432' title='bbox 2530 4164 2595 4257; x_wconf 82' lang='lat' dir='ltr'>quit</span> 
     </span>
     <span class='ocr_line' id='line_1_36' title="bbox 598 4264 2595 4365; baseline -0.011 -12"><span class='ocrx_word' id='word_1_433' title='bbox 598 4278 810 4352; x_wconf 85' lang='lat' dir='ltr'>versionem.</span> <span class='ocrx_word' id='word_1_434' title='bbox 860 4270 987 4341; x_wconf 86' lang='lat' dir='ltr'>Postea</span> <span class='ocrx_word' id='word_1_435' title='bbox 1015 4270 1164 4339; x_wconf 89' lang='lat' dir='ltr'>cadaver</span> <span class='ocrx_word' id='word_1_436' title='bbox 1193 4270 1413 4339; x_wconf 90' lang='lat' dir='ltr'>condebatur</span> <span class='ocrx_word' id='word_1_437' title='bbox 1444 4269 1484 4338; x_wconf 91' lang='lat' dir='ltr'>in</span> <span class='ocrx_word' id='word_1_438' title='bbox 1512 4281 1584 4338; x_wconf 89' lang='lat' dir='ltr'>ter·</span> <span class='ocrx_word' id='word_1_439' title='bbox 1635 4292 1818 4365; x_wconf 88' lang='lat' dir='ltr'>nunquam</span> <span class='ocrx_word' id='word_1_440' title='bbox 1843 4281 1938 4340; x_wconf 90' lang='lat' dir='ltr'>tanta</span> <span class='ocrx_word' id='word_1_441' title='bbox 1959 4283 2012 4337; x_wconf 90' lang='lat' dir='ltr'>cst</span> <span class='ocrx_word' id='word_1_442' title='bbox 2034 4269 2218 4357; x_wconf 89' lang='lat' dir='ltr'>vigilantia</span> <span class='ocrx_word' id='word_1_443' title='bbox 2242 4264 2451 4355; x_wconf 89' lang='lat' dir='ltr'>hominum,</span> <span class='ocrx_word' id='word_1_444' title='bbox 2483 4282 2518 4339; x_wconf 93' lang='lat' dir='ltr'>ut</span> <span class='ocrx_word' id='word_1_445' title='bbox 2537 4286 2595 4335; x_wconf 86' lang='lat' dir='ltr'>ono</span> 
     </span>
     <span class='ocr_line' id='line_1_37' title="bbox 516 4368 2430 4465; baseline -0.009 -8"><span class='ocrx_word' id='word_1_446' title='bbox 516 4414 520 4423; x_wconf 91' lang='lat'><strong>·</strong></span> <span class='ocrx_word' id='word_1_447' title='bbox 598 4406 689 4455; x_wconf 89' lang='lat' dir='ltr'>ram.</span> <span class='ocrx_word' id='word_1_448' title='bbox 747 4374 826 4446; x_wconf 89' lang='lat' dir='ltr'>Hae</span> <span class='ocrx_word' id='word_1_449' title='bbox 848 4386 986 4446; x_wconf 90' lang='lat' dir='ltr'>tantum</span> <span class='ocrx_word' id='word_1_450' title='bbox 1011 4370 1155 4439; x_wconf 88' lang='lat' dir='ltr'>fuerunt</span> <span class='ocrx_word' id='word_1_451' title='bbox 1175 4371 1341 4439; x_wconf 91' lang='lat' dir='ltr'>funerum</span> <span class='ocrx_word' id='word_1_452' title='bbox 1363 4368 1585 4440; x_wconf 87' lang='lat' dir='ltr'>ceremoniae</span> <span class='ocrx_word' id='word_1_453' title='bbox 1636 4375 1809 4465; x_wconf 89' lang='lat' dir='ltr'>obrepant</span> <span class='ocrx_word' id='word_1_454' title='bbox 1824 4370 1963 4464; x_wconf 90' lang='lat' dir='ltr'>aliquae</span> <span class='ocrx_word' id='word_1_455' title='bbox 1980 4370 2125 4443; x_wconf 88' lang='lat' dir='ltr'>vitiosae</span> <span class='ocrx_word' id='word_1_456' title='bbox 2142 4372 2430 4446; x_wconf 87' lang='lat' dir='ltr'>consuetudines.</span> 
     </span>
     <span class='ocr_line' id='line_1_38' title="bbox 599 4468 2596 4573; baseline -0.009 -17"><span class='ocrx_word' id='word_1_457' title='bbox 599 4499 686 4556; x_wconf 91' lang='lat' dir='ltr'>tunc</span> <span class='ocrx_word' id='word_1_458' title='bbox 701 4478 867 4573; x_wconf 88' lang='lat' dir='ltr'>quidem,</span> <span class='ocrx_word' id='word_1_459' title='bbox 905 4474 1068 4543; x_wconf 90' lang='lat' dir='ltr'>nondum</span> <span class='ocrx_word' id='word_1_460' title='bbox 1086 4471 1123 4539; x_wconf 93' lang='lat' dir='ltr'>in</span> <span class='ocrx_word' id='word_1_461' title='bbox 1146 4468 1256 4540; x_wconf 89' lang='lat' dir='ltr'>Missa</span> <span class='ocrx_word' id='word_1_462' title='bbox 1275 4471 1379 4541; x_wconf 87' lang='lat' dir='ltr'>fiebat</span> <span class='ocrx_word' id='word_1_463' title='bbox 1400 4472 1586 4544; x_wconf 88' lang='lat' dir='ltr'>defuncto·</span> <span class='ocrx_word' id='word_1_464' title='bbox 1732 4470 2036 4545; x_wconf 88' lang='lat' dir='ltr'>Recensetautem</span> <span class='ocrx_word' id='word_1_465' title='bbox 2054 4470 2302 4543; x_wconf 87' lang='lat' dir='ltr'>Tertullianus</span> <span class='ocrx_word' id='word_1_466' title='bbox 2323 4474 2512 4543; x_wconf 89' lang='lat' dir='ltr'>admodum</span> <span class='ocrx_word' id='word_1_467' title='bbox 2530 4488 2596 4560; x_wconf 83' lang='lat' dir='ltr'>pne·</span> 
     </span>
     <span class='ocr_line' id='line_1_39' title="bbox 600 4570 2597 4669; baseline -0.009 -12"><span class='ocrx_word' id='word_1_468' title='bbox 600 4608 681 4657; x_wconf 91' lang='lat' dir='ltr'>rum</span> <span class='ocrx_word' id='word_1_469' title='bbox 709 4580 870 4659; x_wconf 85' lang='lat' dir='ltr'>mentio,</span> <span class='ocrx_word' id='word_1_470' title='bbox 920 4575 1035 4645; x_wconf 93' lang='lat' dir='ltr'>multo</span> <span class='ocrx_word' id='word_1_471' title='bbox 1062 4572 1183 4641; x_wconf 91' lang='lat' dir='ltr'>minus</span> <span class='ocrx_word' id='word_1_472' title='bbox 1212 4571 1428 4644; x_wconf 82' lang='lat' dir='ltr'>oflerebatur</span> <span class='ocrx_word' id='word_1_473' title='bbox 1459 4594 1587 4665; x_wconf 88' lang='lat' dir='ltr'>corpus</span> <span class='ocrx_word' id='word_1_474' title='bbox 1636 4573 1721 4644; x_wconf 92' lang='lat' dir='ltr'>riles</span> <span class='ocrx_word' id='word_1_475' title='bbox 1736 4598 1865 4656; x_wconf 89' lang='lat' dir='ltr'>mores,</span> <span class='ocrx_word' id='word_1_476' title='bbox 1878 4598 1923 4643; x_wconf 91' lang='lat' dir='ltr'>nc</span> <span class='ocrx_word' id='word_1_477' title='bbox 1942 4586 2019 4665; x_wconf 92' lang='lat' dir='ltr'>post</span> <span class='ocrx_word' id='word_1_478' title='bbox 2032 4573 2246 4666; x_wconf 88' lang='lat' dir='ltr'>baptismum</span> <span class='ocrx_word' id='word_1_479' title='bbox 2263 4575 2389 4666; x_wconf 86' lang='lat' dir='ltr'>primis</span> <span class='ocrx_word' id='word_1_480' title='bbox 2406 4570 2597 4669; x_wconf 87' lang='lat' dir='ltr'>septemdie·</span> 
     </span>
     <span class='ocr_line' id='line_1_40' title="bbox 600 4669 2596 4772; baseline -0.011 -11"><span class='ocrx_word' id='word_1_481' title='bbox 600 4682 748 4759; x_wconf 85' lang='lat' dir='ltr'>Domini</span> <span class='ocrx_word' id='word_1_482' title='bbox 773 4704 837 4772; x_wconf 83' lang='lat' dir='ltr'>pro</span> <span class='ocrx_word' id='word_1_483' title='bbox 861 4676 1021 4749; x_wconf 80' lang='lat' dir='ltr'>mortuis·</span> <span class='ocrx_word' id='word_1_484' title='bbox 1068 4670 1173 4742; x_wconf 76' lang='lat' dir='ltr'>Hanc</span> <span class='ocrx_word' id='word_1_485' title='bbox 1189 4669 1509 4770; x_wconf 88' lang='lat' dir='ltr'>prophanationem</span> <span class='ocrx_word' id='word_1_486' title='bbox 1531 4699 1588 4745; x_wconf 93' lang='lat' dir='ltr'>sa·</span> <span class='ocrx_word' id='word_1_487' title='bbox 1640 4675 2071 4746; x_wconf 86' lang='lat' dir='ltr'>buseaturinbelneum.</span> <span class='ocrx_word' id='word_1_488' title='bbox 2095 4674 2596 4769; x_wconf 85' lang='lat' dir='ltr'>ltem,utbaptizatispraebca·</span> 
     </span>
     <span class='ocr_line' id='line_1_41' title="bbox 601 4772 2598 4873; baseline -0.019 6"><span class='ocrx_word' id='word_1_489' title='bbox 601 4784 774 4859; x_wconf 60' lang='lat' dir='ltr'>‘immi</span> <span class='ocrx_word' id='word_1_490' title='bbox 799 4779 974 4873; x_wconf 66' lang='lat' dir='ltr'>P⁰⁵l²¹l⁰f</span> <span class='ocrx_word' id='word_1_491' title='bbox 996 4788 1091 4845; x_wconf 54' lang='grc' dir='ltr'>δεῖθ’</span> <span class='ocrx_word' id='word_1_492' title='bbox 1113 4776 1263 4845; x_wconf 63' lang='lat' dir='ltr'>“ddldlb</span> <span class='ocrx_word' id='word_1_493' title='bbox 1639 4791 1697 4848; x_wconf 90' lang='lat' dir='ltr'>tur</span> <span class='ocrx_word' id='word_1_494' title='bbox 1710 4790 1911 4867; x_wconf 86' lang='lat' dir='ltr'>gustantum</span> <span class='ocrx_word' id='word_1_495' title='bbox 1926 4776 1979 4847; x_wconf 92' lang='lat' dir='ltr'>lac</span> <span class='ocrx_word' id='word_1_496' title='bbox 1989 4777 2112 4849; x_wconf 88' lang='lat' dir='ltr'>etmel.</span> <span class='ocrx_word' id='word_1_497' title='bbox 2143 4774 2456 4872; x_wconf 88' lang='lat' dir='ltr'>lbi,inquit,etiam</span> <span class='ocrx_word' id='word_1_498' title='bbox 2471 4772 2598 4847; x_wconf 89' lang='lat' dir='ltr'>oblatio·</span> 
     </span>
     <span class='ocr_line' id='line_1_42' title="bbox 705 4876 2597 4971; baseline -0.007 -16"><span class='ocrx_word' id='word_1_499' title='bbox 705 4884 886 4956; x_wconf 82' lang='lat' dir='ltr'>Hactenus</span> <span class='ocrx_word' id='word_1_500' title='bbox 909 4883 953 4950; x_wconf 95' lang='lat' dir='ltr'>de</span> <span class='ocrx_word' id='word_1_501' title='bbox 974 4876 1166 4971; x_wconf 89' lang='lat' dir='ltr'>Dionysio:</span> <span class='ocrx_word' id='word_1_502' title='bbox 1200 4877 1240 4944; x_wconf 90' lang='lat' dir='ltr'>in</span> <span class='ocrx_word' id='word_1_503' title='bbox 1256 4899 1328 4969; x_wconf 89' lang='lat' dir='ltr'>quo</span> <span class='ocrx_word' id='word_1_504' title='bbox 1345 4877 1408 4946; x_wconf 88' lang='lat' dir='ltr'>etsi</span> <span class='ocrx_word' id='word_1_505' title='bbox 1429 4900 1584 4949; x_wconf 87' lang='lat' dir='ltr'>ccremo·</span> <span class='ocrx_word' id='word_1_506' title='bbox 1640 4902 1703 4949; x_wconf 90' lang='lat' dir='ltr'>ues</span> <span class='ocrx_word' id='word_1_507' title='bbox 1722 4903 1786 4970; x_wconf 93' lang='lat' dir='ltr'>pro</span> <span class='ocrx_word' id='word_1_508' title='bbox 1796 4877 1982 4962; x_wconf 75' lang='lat' dir='ltr'>defensetis,</span> <span class='ocrx_word' id='word_1_509' title='bbox 1996 4903 2060 4970; x_wconf 91' lang='lat' dir='ltr'>pro</span> <span class='ocrx_word' id='word_1_510' title='bbox 2076 4878 2246 4951; x_wconf 86' lang='lat' dir='ltr'>natalitiis</span> <span class='ocrx_word' id='word_1_511' title='bbox 2257 4904 2375 4951; x_wconf 90' lang='lat' dir='ltr'>annua</span> <span class='ocrx_word' id='word_1_512' title='bbox 2391 4882 2446 4950; x_wconf 92' lang='lat' dir='ltr'>die</span> <span class='ocrx_word' id='word_1_513' title='bbox 2463 4877 2597 4949; x_wconf 83' lang='lat' dir='ltr'>facimus.</span> 
     </span>
     <span class='ocr_line' id='line_1_43' title="bbox 602 4976 2598 5079; baseline -0.011 -18"><span class='ocrx_word' id='word_1_514' title='bbox 602 4990 684 5061; x_wconf 89' lang='lat' dir='ltr'>niae</span> <span class='ocrx_word' id='word_1_515' title='bbox 705 4986 897 5079; x_wconf 84' lang='lat' dir='ltr'>aliquando</span> <span class='ocrx_word' id='word_1_516' title='bbox 921 4982 1040 5050; x_wconf 90' lang='lat' dir='ltr'>miuus</span> <span class='ocrx_word' id='word_1_517' title='bbox 1062 4979 1207 5047; x_wconf 88' lang='lat' dir='ltr'>vitiosae</span> <span class='ocrx_word' id='word_1_518' title='bbox 1224 4992 1326 5063; x_wconf 88' lang='lat' dir='ltr'>sunt,</span> <span class='ocrx_word' id='word_1_519' title='bbox 1359 4992 1477 5048; x_wconf 89' lang='lat' dir='ltr'>tamen</span> <span class='ocrx_word' id='word_1_520' title='bbox 1505 4991 1590 5049; x_wconf 88' lang='lat' dir='ltr'>sunt</span> <span class='ocrx_word' id='word_1_521' title='bbox 1640 4982 1680 5051; x_wconf 89' lang='lat' dir='ltr'>ld</span> <span class='ocrx_word' id='word_1_522' title='bbox 1714 5004 1812 5050; x_wconf 91' lang='lat' dir='ltr'>nunc</span> <span class='ocrx_word' id='word_1_523' title='bbox 1836 4979 1945 5071; x_wconf 89' lang='lat' dir='ltr'>impie</span> <span class='ocrx_word' id='word_1_524' title='bbox 1972 4985 2186 5076; x_wconf 90' lang='lat' dir='ltr'>detorquent</span> <span class='ocrx_word' id='word_1_525' title='bbox 2213 4982 2404 5054; x_wconf 85' lang='lat' dir='ltr'>adversarii</span> <span class='ocrx_word' id='word_1_526' title='bbox 2437 4978 2542 5049; x_wconf 83' lang='lat' dir='ltr'>nostri</span> <span class='ocrx_word' id='word_1_527' title='bbox 2565 4976 2598 5045; x_wconf 88' lang='lat' dir='ltr'>ad</span> 
     </span>
     <span class='ocr_line' id='line_1_44' title="bbox 603 5074 2599 5171; baseline -0.007 -10"><span class='ocrx_word' id='word_1_528' title='bbox 603 5092 707 5163; x_wconf 86' lang='lat' dir='ltr'>initia</span> <span class='ocrx_word' id='word_1_529' title='bbox 735 5080 987 5164; x_wconf 89' lang='lat' dir='ltr'>monachatus,</span> <span class='ocrx_word' id='word_1_530' title='bbox 1026 5092 1060 5150; x_wconf 92' lang='lat' dir='ltr'>et</span> <span class='ocrx_word' id='word_1_531' title='bbox 1093 5076 1160 5149; x_wconf 90' lang='lat' dir='ltr'>boc</span> <span class='ocrx_word' id='word_1_532' title='bbox 1187 5081 1285 5168; x_wconf 85' lang='lat' dir='ltr'>gravi</span> <span class='ocrx_word' id='word_1_533' title='bbox 1312 5076 1589 5171; x_wconf 89' lang='lat' dir='ltr'>reprehensione</span> <span class='ocrx_word' id='word_1_534' title='bbox 1641 5080 1771 5151; x_wconf 89' lang='lat' dir='ltr'>Missas</span> <span class='ocrx_word' id='word_1_535' title='bbox 1792 5106 1856 5171; x_wconf 92' lang='lat' dir='ltr'>pro</span> <span class='ocrx_word' id='word_1_536' title='bbox 1881 5082 2041 5155; x_wconf 89' lang='lat' dir='ltr'>mortuis.</span> <span class='ocrx_word' id='word_1_537' title='bbox 2099 5081 2175 5153; x_wconf 92' lang='lat' dir='ltr'>Cur</span> <span class='ocrx_word' id='word_1_538' title='bbox 2202 5086 2334 5155; x_wconf 89' lang='lat' dir='ltr'>natales</span> <span class='ocrx_word' id='word_1_539' title='bbox 2364 5083 2544 5163; x_wconf 74' lang='lat' dir='ltr'>annuunt,</span> <span class='ocrx_word' id='word_1_540' title='bbox 2577 5074 2599 5141; x_wconf 79' lang='lat' dir='ltr'>sl</span> 
     </span>
    </p>
   </div>
   <div class='ocr_carea' id='block_1_4' title="bbox 1950 1666 2270 1744">
    <p class='ocr_par' dir='ltr' id='par_1_4' title="bbox 1950 1666 2270 1744">
     <span class='ocr_line' id='line_1_45' title="bbox 1950 1666 2270 1744; baseline 0 -4"><span class='ocrx_word' id='word_1_541' title='bbox 1950 1667 2005 1740; x_wconf 90' lang='lat' dir='ltr'>De</span> <span class='ocrx_word' id='word_1_542' title='bbox 2031 1666 2270 1744; x_wconf 86' lang='lat' dir='ltr'>Tertulliano.</span> 
     </span>
    </p>
   </div>
   <div class='ocr_carea' id='block_1_5' title="bbox 604 5178 2599 5889">
    <p class='ocr_par' dir='ltr' id='par_1_5' title="bbox 604 5178 2599 5889">
     <span class='ocr_line' id='line_1_46' title="bbox 604 5178 2599 5285; baseline -0.012 -20"><span class='ocrx_word' id='word_1_543' title='bbox 604 5195 752 5285; x_wconf 89' lang='lat' dir='ltr'>dignum</span> <span class='ocrx_word' id='word_1_544' title='bbox 767 5201 838 5266; x_wconf 85' lang='lat' dir='ltr'>est,</span> <span class='ocrx_word' id='word_1_545' title='bbox 865 5185 960 5276; x_wconf 91' lang='lat' dir='ltr'>quod</span> <span class='ocrx_word' id='word_1_546' title='bbox 985 5204 1057 5250; x_wconf 91' lang='lat' dir='ltr'>non</span> <span class='ocrx_word' id='word_1_547' title='bbox 1081 5183 1248 5251; x_wconf 88' lang='lat' dir='ltr'>discernit</span> <span class='ocrx_word' id='word_1_548' title='bbox 1266 5183 1358 5251; x_wconf 86' lang='lat' dir='ltr'>inter</span> <span class='ocrx_word' id='word_1_549' title='bbox 1372 5193 1589 5252; x_wconf 89' lang='lat' dir='ltr'>sacramenta</span> <span class='ocrx_word' id='word_1_550' title='bbox 1641 5194 1780 5252; x_wconf 90' lang='lat' dir='ltr'>tantum</span> <span class='ocrx_word' id='word_1_551' title='bbox 1807 5183 1971 5253; x_wconf 89' lang='lat' dir='ltr'>tribuunt</span> <span class='ocrx_word' id='word_1_552' title='bbox 1992 5182 2174 5255; x_wconf 87' lang='lat' dir='ltr'>autoritati</span> <span class='ocrx_word' id='word_1_553' title='bbox 2189 5184 2430 5256; x_wconf 85' lang='lat' dir='ltr'>Tertulliani?</span> <span class='ocrx_word' id='word_1_554' title='bbox 2469 5182 2532 5255; x_wconf 88' lang='lat' dir='ltr'>Sed</span> <span class='ocrx_word' id='word_1_555' title='bbox 2554 5178 2599 5245; x_wconf 87' lang='lat' dir='ltr'>ille</span> 
     </span>
     <span class='ocr_line' id='line_1_47' title="bbox 604 5279 2599 5375; baseline -0.017 -10"><span class='ocrx_word' id='word_1_556' title='bbox 604 5293 779 5365; x_wconf 85' lang='lat' dir='ltr'>divinitus</span> <span class='ocrx_word' id='word_1_557' title='bbox 802 5287 985 5365; x_wconf 90' lang='lat' dir='ltr'>instituta,</span> <span class='ocrx_word' id='word_1_558' title='bbox 1012 5295 1046 5352; x_wconf 90' lang='lat' dir='ltr'>et</span> <span class='ocrx_word' id='word_1_559' title='bbox 1068 5279 1241 5351; x_wconf 90' lang='lat' dir='ltr'>humanas</span> <span class='ocrx_word' id='word_1_560' title='bbox 1264 5283 1482 5355; x_wconf 87' lang='lat' dir='ltr'>traditiones.</span> <span class='ocrx_word' id='word_1_561' title='bbox 1535 5280 1590 5351; x_wconf 88' lang='lat' dir='ltr'>De</span> <span class='ocrx_word' id='word_1_562' title='bbox 1642 5309 1716 5353; x_wconf 93' lang='lat' dir='ltr'>non</span> <span class='ocrx_word' id='word_1_563' title='bbox 1733 5285 1890 5375; x_wconf 92' lang='lat' dir='ltr'>loquitur</span> <span class='ocrx_word' id='word_1_564' title='bbox 1906 5286 1950 5352; x_wconf 86' lang='lat' dir='ltr'>de</span> <span class='ocrx_word' id='word_1_565' title='bbox 1965 5284 2242 5361; x_wconf 64' lang='lat' dir='ltr'>coenaD0m501‚</span> <span class='ocrx_word' id='word_1_566' title='bbox 2292 5280 2599 5355; x_wconf 54' lang='lat' dir='ltr'>verumtamem,</span> 
     </span>
     <span class='ocr_line' id='line_1_48' title="bbox 604 5379 2599 5480; baseline -0.008 -18"><span class='ocrx_word' id='word_1_567' title='bbox 604 5392 796 5466; x_wconf 84' lang='lat' dir='ltr'>chrismate</span> <span class='ocrx_word' id='word_1_568' title='bbox 818 5388 966 5480; x_wconf 87' lang='lat' dir='ltr'>perinde</span> <span class='ocrx_word' id='word_1_569' title='bbox 990 5383 1167 5475; x_wconf 90' lang='lat' dir='ltr'>loquitur,</span> <span class='ocrx_word' id='word_1_570' title='bbox 1199 5398 1240 5454; x_wconf 92' lang='lat' dir='ltr'>ut</span> <span class='ocrx_word' id='word_1_571' title='bbox 1262 5386 1306 5453; x_wconf 92' lang='lat' dir='ltr'>de</span> <span class='ocrx_word' id='word_1_572' title='bbox 1327 5384 1523 5475; x_wconf 89' lang='lat' dir='ltr'>baptismo,</span> <span class='ocrx_word' id='word_1_573' title='bbox 1556 5394 1592 5454; x_wconf 87' lang='lat' dir='ltr'>et</span> <span class='ocrx_word' id='word_1_574' title='bbox 1643 5385 1821 5455; x_wconf 88' lang='lat' dir='ltr'>natalibus</span> <span class='ocrx_word' id='word_1_575' title='bbox 1843 5398 1876 5455; x_wconf 88' lang='lat' dir='ltr'>et</span> <span class='ocrx_word' id='word_1_576' title='bbox 1892 5386 2056 5456; x_wconf 86' lang='lat' dir='ltr'>funerum</span> <span class='ocrx_word' id='word_1_577' title='bbox 2070 5387 2322 5458; x_wconf 83' lang='lat' dir='ltr'>adferebantur</span> <span class='ocrx_word' id='word_1_578' title='bbox 2336 5390 2372 5457; x_wconf 91' lang='lat' dir='ltr'>in</span> <span class='ocrx_word' id='word_1_579' title='bbox 2391 5386 2514 5477; x_wconf 87' lang='lat' dir='ltr'>t&#39;empla</span> <span class='ocrx_word' id='word_1_580' title='bbox 2535 5379 2599 5461; x_wconf 89' lang='lat' dir='ltr'>cibi,</span> 
     </span>
     <span class='ocr_line' id='line_1_49' title="bbox 606 5480 2599 5592; baseline -0.01 -23"><span class='ocrx_word' id='word_1_581' title='bbox 606 5508 732 5592; x_wconf 85' lang='lat' dir='ltr'>aequat</span> <span class='ocrx_word' id='word_1_582' title='bbox 747 5483 916 5585; x_wconf 72' lang='grc' dir='ltr'><em>πάρεργα</em></span> <span class='ocrx_word' id='word_1_583' title='bbox 932 5484 1070 5585; x_wconf 70' lang='grc' dir='ltr'><strong><em>ἔργοις,</em></strong></span> <span class='ocrx_word' id='word_1_584' title='bbox 1091 5499 1130 5553; x_wconf 92' lang='lat' dir='ltr'>ut</span> <span class='ocrx_word' id='word_1_585' title='bbox 1147 5485 1192 5553; x_wconf 90' lang='lat' dir='ltr'>ita</span> <span class='ocrx_word' id='word_1_586' title='bbox 1211 5486 1335 5556; x_wconf 88' lang='lat' dir='ltr'>dicam.</span> <span class='ocrx_word' id='word_1_587' title='bbox 1388 5480 1590 5553; x_wconf 90' lang='lat' dir='ltr'>Monacho·</span> <span class='ocrx_word' id='word_1_588' title='bbox 1643 5500 1679 5557; x_wconf 86' lang='lat' dir='ltr'>et</span> <span class='ocrx_word' id='word_1_589' title='bbox 1696 5485 1764 5557; x_wconf 91' lang='lat' dir='ltr'>alia</span> <span class='ocrx_word' id='word_1_590' title='bbox 1782 5510 1927 5556; x_wconf 90' lang='lat' dir='ltr'>munera</span> <span class='ocrx_word' id='word_1_591' title='bbox 1946 5489 2171 5581; x_wconf 90' lang='lat' dir='ltr'>pauperibus.</span> <span class='ocrx_word' id='word_1_592' title='bbox 2223 5482 2599 5558; x_wconf 82' lang='lat' dir='ltr'>Haecvocabantoblu·</span> 
     </span>
     <span class='ocr_line' id='line_1_50' title="bbox 607 5580 2599 5686; baseline -0.014 -17"><span class='ocrx_word' id='word_1_593' title='bbox 607 5624 687 5669; x_wconf 91' lang='lat' dir='ltr'>rum</span> <span class='ocrx_word' id='word_1_594' title='bbox 715 5591 975 5664; x_wconf 90' lang='lat' dir='ltr'>ordinationem</span> <span class='ocrx_word' id='word_1_595' title='bbox 992 5587 1096 5656; x_wconf 90' lang='lat' dir='ltr'>etiam</span> <span class='ocrx_word' id='word_1_596' title='bbox 1115 5586 1263 5656; x_wconf 76' lang='lat' dir='ltr'>antefert</span> <span class='ocrx_word' id='word_1_597' title='bbox 1279 5587 1500 5656; x_wconf 90' lang='lat' dir='ltr'>ordinationi</span> <span class='ocrx_word' id='word_1_598' title='bbox 1522 5584 1592 5655; x_wconf 91' lang='lat' dir='ltr'>mi-</span> <span class='ocrx_word' id='word_1_599' title='bbox 1644 5587 1758 5662; x_wconf 89' lang='lat' dir='ltr'>tiones</span> <span class='ocrx_word' id='word_1_600' title='bbox 1784 5601 1817 5658; x_wconf 88' lang='lat' dir='ltr'>et</span> <span class='ocrx_word' id='word_1_601' title='bbox 1841 5580 2007 5686; x_wconf 77' lang='lat' dir='ltr'>oiyoinuc,</span> <span class='ocrx_word' id='word_1_602' title='bbox 2051 5604 2086 5661; x_wconf 88' lang='lat' dir='ltr'>et</span> <span class='ocrx_word' id='word_1_603' title='bbox 2109 5614 2186 5660; x_wconf 81' lang='lat' dir='ltr'>mus</span> <span class='ocrx_word' id='word_1_604' title='bbox 2214 5604 2289 5661; x_wconf 68' lang='lat' dir='ltr'>erat</span> <span class='ocrx_word' id='word_1_605' title='bbox 2313 5593 2357 5661; x_wconf 57' lang='lat' dir='ltr'>ab</span> <span class='ocrx_word' id='word_1_606' title='bbox 2380 5586 2534 5660; x_wconf 69' lang='lat' dir='ltr'>Erhntcis</span> <span class='ocrx_word' id='word_1_607' title='bbox 2554 5608 2599 5651; x_wconf 71' lang='lat' dir='ltr'>ac-</span> 
     </span>
     <span class='ocr_line' id='line_1_51' title="bbox 607 5679 2599 5784; baseline -0.013 -15"><span class='ocrx_word' id='word_1_608' title='bbox 607 5702 822 5775; x_wconf 90' lang='lat' dir='ltr'>nistrorum,</span> <span class='ocrx_word' id='word_1_609' title='bbox 861 5690 956 5784; x_wconf 89' lang='lat' dir='ltr'>quod</span> <span class='ocrx_word' id='word_1_610' title='bbox 983 5700 1035 5757; x_wconf 89' lang='lat' dir='ltr'>est</span> <span class='ocrx_word' id='word_1_611' title='bbox 1058 5688 1160 5756; x_wconf 87' lang='lat' dir='ltr'>valde</span> <span class='ocrx_word' id='word_1_612' title='bbox 1183 5688 1478 5780; x_wconf 86' lang='lat' dir='ltr'>vituperandum,</span> <span class='ocrx_word' id='word_1_613' title='bbox 1513 5712 1591 5757; x_wconf 90' lang='lat' dir='ltr'>cum</span> <span class='ocrx_word' id='word_1_614' title='bbox 1644 5704 1786 5782; x_wconf 87' lang='lat' dir='ltr'>ceptus,</span> <span class='ocrx_word' id='word_1_615' title='bbox 1828 5694 1887 5759; x_wconf 88' lang='lat' dir='ltr'>sed</span> <span class='ocrx_word' id='word_1_616' title='bbox 1922 5686 2090 5761; x_wconf 86' lang='lat' dir='ltr'>nonnihil</span> <span class='ocrx_word' id='word_1_617' title='bbox 2123 5706 2308 5765; x_wconf 66' lang='lat' dir='ltr'>correctus,</span> <span class='ocrx_word' id='word_1_618' title='bbox 2360 5679 2599 5761; x_wconf 64' lang='lat' dir='ltr'>N...nE1hnici</span> 
     </span>
     <span class='ocr_line' id='line_1_52' title="bbox 608 5790 2599 5889; baseline -0.007 -19"><span class='ocrx_word' id='word_1_619' title='bbox 608 5797 786 5870; x_wconf 90' lang='lat' dir='ltr'>ordinatio</span> <span class='ocrx_word' id='word_1_620' title='bbox 813 5793 1058 5863; x_wconf 88' lang='lat' dir='ltr'>ministrorum</span> <span class='ocrx_word' id='word_1_621' title='bbox 1091 5792 1266 5882; x_wconf 88' lang='lat' dir='ltr'>pertineat</span> <span class='ocrx_word' id='word_1_622' title='bbox 1289 5792 1332 5863; x_wconf 88' lang='lat' dir='ltr'>ad</span> <span class='ocrx_word' id='word_1_623' title='bbox 1359 5790 1592 5885; x_wconf 89' lang='lat' dir='ltr'>praedicatio·</span> <span class='ocrx_word' id='word_1_624' title='bbox 1645 5794 1778 5863; x_wconf 90' lang='lat' dir='ltr'>dabant</span> <span class='ocrx_word' id='word_1_625' title='bbox 1797 5792 2046 5889; x_wconf 38' lang='lat' dir='ltr'>epulasnetiam</span> <span class='ocrx_word' id='word_1_626' title='bbox 2071 5794 2109 5862; x_wconf 91' lang='lat' dir='ltr'>in</span> <span class='ocrx_word' id='word_1_627' title='bbox 2135 5796 2293 5887; x_wconf 87' lang='lat' dir='ltr'>templis,</span> <span class='ocrx_word' id='word_1_628' title='bbox 2333 5794 2370 5863; x_wconf 92' lang='lat' dir='ltr'>in</span> <span class='ocrx_word' id='word_1_629' title='bbox 2394 5792 2599 5883; x_wconf 25' lang='lat' dir='ltr'>natalibustel</span> 
     </span>
    </p>
   </div>
   <div class='ocr_carea' id='block_1_6' title="bbox 0 0 2969 6948">
    <p class='ocr_par' dir='ltr' id='par_1_6' title="bbox 0 0 2969 6948">
     <span class='ocr_line' id='line_1_53' title="bbox 0 0 2969 6948; baseline 0 0"><span class='ocrx_word' id='word_1_630' title='bbox 0 0 2969 6948; x_wconf 95' lang='lat' dir='ltr'> </span> 
     </span>
    </p>
   </div>
  </div>
 </body>
</html>
