5825 6950
320 708 417 790 tiss
468 704 571 783 nu
621 706 658 787 t.
683 700 1026 783 connunran.
1043 700 1104 779 ue
1128 698 1286 782 anisa.
1313 696 1464 779 rann
1487 696 1559 775 an
1585 694 1916 779 conmeatus.
1966 697 2073 782 ctu.
2099 642 2212 785 xnn
2261 710 2360 791 snt

320 882 435 957 milen
472 876 945 953 Ninnutemmer‘srlenitor
960 876 1079 964 dolor,
1104 876 1218 947 donee
1233 889 1317 947 tan·
1369 876 1532 969 placere,
1556 873 1714 947 vicissim
1728 872 1762 943 ei
1775 873 1998 967 obtemperat
2016 873 2057 947 in
2081 878 2305 957 consessione
2324 900 2360 962 et

316 1002 393 1061 tutu
415 985 530 1059 tristia
547 984 687 1055 obieeta
710 1004 816 1053 meas*
835 980 1009 1053 intuetur.
1066 976 1172 1069 Quae
1194 992 1316 1051 autem
1370 978 1450 1051 aliis
1465 978 1613 1065 officiis,
1641 992 1676 1049 et
1695 976 1829 1049 laetitia
1851 976 2044 1072 somniarit
2066 978 2106 1049 in
2122 976 2218 1069 Deo,
2240 1009 2358 1079 qurrr.

316 1090 454 1163 obiecta
478 1089 536 1159 ad·
554 1085 791 1161 consolandus
824 1082 965 1153 animos
994 1095 1245 1177 proponantur
1276 1081 1315 1152 in
1369 1104 1478 1177 quarn
1497 1082 1910 1175 corpussentitmrpuos
1925 1082 2111 1153 eruciatus.
2162 1082 2359 1163 llaec-lab

317 1182 566 1288 pbilosophis,
606 1212 698 1285 quse
729 1186 768 1257 in
792 1184 1010 1277 Evangelio,
1043 1206 1151 1280 supin
1177 1182 1316 1255 dictum
1368 1185 1447 1257 titia
1481 1200 1533 1257 est
1561 1185 1706 1257 effectos
1738 1195 1774 1255 et
1802 1182 1977 1254 indicium
2004 1182 2225 1275 dilectionis,
2264 1192 2359 1267 sient

314 1310 380 1371 est.
447 1292 496 1365 Et
518 1276 790 1385 otdelpiooea
815 1286 1045 1363 collationem
1068 1286 1167 1360 illato
1194 1310 1317 1361 muta
1359 1310 1473 1381 saepe
1493 1287 1664 1382 scriptum
1687 1300 1758 1373 est,
1782 1299 1824 1357 ut
1845 1282 2020 1357 Actorum
2040 1279 2095 1357 6.:
2128 1284 2233 1363 lbant
2254 1288 2357 1387 Apo-

315 1422 397 1471 rum
414 1419 554 1491 temper
570 1394 790 1486 meminisse.
806 1418 832 1445 =··
852 1418 875 1447 ··
897 1432 902 1443 ·
945 1418 948 1426 ¹
1367 1392 1450 1463 stoli
1468 1415 1488 1462 a
1506 1404 1697 1483 conspectu
1714 1386 1873 1485 synedrii
1889 1388 2095 1479 recidentes,
2113 1394 2211 1484 quod
2227 1410 2356 1469 contu-

344 1532 518 1667 ’eioss
543 1540 596 1639 v‘t'
612 1518 1041 1685 τέἑιΐᾶἰτάῡτεεὶμείζων
1064 1550 1105 1633 n
1125 1560 1275 1634 verer
1355 1487 2356 1693 tfttffittttttttlttmittite

504 1745 507 1756 .
570 1746 576 1763 .
706 1662 900 1765 l‘il‘ii'l·
933 1749 937 1757 .
980 1686 985 1699 '
1366 1697 1552 1771 Interdum
1582 1722 1666 1771 vero
1695 1699 1735 1769 iu
1755 1696 1925 1768 cordibus
1947 1696 2089 1788 piorum
2110 1702 2355 1776 accenduntur
2455 1776 2464 1790 ,

308 1850 312 1863 ·
399 1797 597 1895 ..Sequitur
606 1800 800 1893 descriptio
812 1796 1038 1881 dilectionis,
1059 1819 1130 1891 qua
1145 1793 1313 1867 universa
1364 1803 1506 1875 subitae
1521 1803 1686 1875 flammae
1698 1799 1902 1871 dilectionis
1914 1800 2144 1887 ardentiores,
2167 1824 2256 1895 quar
2270 1825 2355 1879 rure

311 1902 778 1997 antiquitetoomplexuest
794 1899 1037 1972 obedientiam
1064 1898 1314 1984 universelem,
1365 1906 1540 1999 cuiusque
1577 1902 1816 1997 experientiae
1853 1896 2111 1994 relinquamus.
2174 1901 2275 1979 Haec
2306 1910 2354 1981 oe
2451 1940 2455 1949 ·

311 2006 544 2080 dilectionem
567 2004 639 2077 Dei
668 2020 703 2077 et
726 2002 916 2075 horinum
941 2015 1085 2097 propter
1107 2000 1243 2089 Deum,
1278 2016 1313 2073 et
1364 2009 1602 2098 descriptione
1618 2004 1820 2078 dilectionis
1833 2003 2013 2076 monuisse
2027 2005 2114 2077 satis
2128 2002 2188 2077 sit.

312 2110 413 2183 iusta
429 2108 593 2180 ordinem
611 2132 629 2179 a
649 2104 725 2178 Deo
743 2108 968 2190 institutum,
993 2100 1233 2175 sieutPanlus
1256 2102 1312 2175 in·
1465 2108 1580 2182 Addit
1619 2124 1736 2180 autem
1769 2105 1904 2178 Paulus
1937 2108 2226 2193 enumeretioui,
2263 2108 2352 2185 Tria

311 2212 395 2308 quit
416 2208 534 2283 Roma
552 2212 628 2286 lb:
656 2208 811 2282 Dilectio
828 2222 890 2283 est
915 2206 1079 2298 impletio
1105 2206 1201 2297 legis.
1262 2202 1313 2277 Et
1364 2206 1469 2297 baec,
1509 2212 1609 2306 quasi
1643 2209 1864 2301 significans,
1893 2228 1932 2279 se
1964 2210 2171 2301 praecipuae
2203 2212 2353 2286 virtutes

310 2313 464 2411 priumv
482 2308 733 2389 lobannis·5.:
759 2310 866 2385 -Haee
887 2321 942 2381 est
974 2308 1119 2386 dilectio
1142 2305 1228 2393 Dei,
1271 2324 1311 2381 ut
1363 2315 1586 2397 nominasse,
1612 2316 1708 2409 quod
1730 2334 1854 2383 verum
1869 2323 1934 2383 est.
1986 2309 2079 2381 Nam
2101 2334 2182 2383 eom
2205 2314 2352 2391 dilectio

312 2416 484 2489 mandata
500 2417 576 2487 eius
593 2439 806 2491 servemnsr·
831 2413 903 2485 Hit
921 2410 1027 2483 dictis
1039 2426 1137 2483 mota
1152 2409 1311 2505 antiqui-
1360 2418 1406 2489 rit
1429 2418 1568 2490 iusticia
1588 2416 1826 2500 universalis,
1856 2427 1900 2485 ot
1918 2413 2021 2491 [acile
2044 2413 2197 2505 intelligi
2224 2432 2352 2510 potest,

311 2534 386 2605 tas,
414 2518 563 2589 nomine
576 2518 777 2591 dilectionis
794 2540 856 2587 usa
874 2530 940 2595 est,
966 2514 1058 2587 sicut
1080 2514 1214 2606 alioqui
1238 2514 1310 2585 uti·
1362 2542 1436 2591 oon
1455 2534 1508 2593 est
1525 2534 1645 2612 postea
1665 2540 1757 2609 opus
1778 2516 1940 2607 longiore
1962 2515 2253 2605 enumeratione,
2287 2524 2351 2592 sed

310 2646 395 2693 tuuc
414 2622 562 2691 nornine
580 2622 738 2693 institiae
752 2618 975 2695 universalis.
1026 2613 1125 2689 Haec
1146 2617 1227 2687 ideo
1251 2641 1308 2688 re·
1335 2679 1337 2690 ,
1361 2623 1554 2714 aspiciatur
1585 2622 1795 2711 arcatores,
1833 2633 1869 2691 et
1892 2618 2166 2691 considerentur
2187 2621 2351 2695 dilectio-

318 2727 415 2805 cito,
442 2736 539 2795 etot
561 2725 655 2795 dicta
679 2726 893 2817 scripturum
909 2718 1023 2809 magis
1038 2718 1222 2813 perspicua
1237 2721 1309 2790 siut
1334 2704 1337 2764 7
1361 2726 1418 2795 nis
1440 2726 1556 2795 ollicia
1583 2724 1681 2795 iusta
1705 2722 1846 2814 singula
1874 2733 2072 2823 praecepta.
2141 2718 2193 2793 lta
2216 2724 2248 2795 si
2271 2725 2353 2819 quis

312 2826 591 2917 legentibus,=et
606 2840 646 2897 ut
663 2826 859 2899 recentium
885 2822 1041 2915 ineptiae
1064 2824 1310 2917 repudientur,
1362 2828 1456 2899 volet
1478 2826 1771 2899 distributionem
1787 2825 1961 2895 virtutum
1976 2825 2111 2909 lacere,
2130 2822 2229 2895 iuxta
2248 2847 2352 2919 prae·

312 2931 439 3024 quiin
463 2923 533 2999 boc
558 2941 654 3000 tono
670 2929 773 3001 Pauli
799 2929 1021 3001 contendunt
1034 2939 1172 2999 tautum
1188 2926 1233 2995 de
1252 2925 1310 2995 di·
1361 2943 1460 3023 cepta
1480 2930 1657 3002 concinne
1678 2950 1736 2998 eat
1756 2926 1934 2998 recitabit.
1986 2923 2135 2997 Necesse
2160 2941 2214 3000 est
2234 2942 2352 3003 autent

314 3032 466 3103 lectione
491 3031 645 3123 proximi
668 3044 703 3107 et
736 3032 863 3105 officiis
891 3052 973 3121 erga
1001 3029 1203 3119 proximum
1225 3026 1309 3111 dici,
1361 3033 1564 3122 praelucere
1585 3033 1690 3100 fidem
1714 3042 1749 3099 et
1771 3050 1890 3123 spero:
1916 3041 2110 3121 quaesunt
2124 3028 2275 3101 virtutes
2290 3056 2351 3102 ur·

261 3148 262 3157 ’
314 3156 392 3205 non
416 3135 457 3203 de
480 3130 778 3213 dileotionalloit·
799 3128 957 3222 Magna
975 3130 1124 3203 tottila
1146 3142 1218 3211 etl·
1244 3125 1308 3199 bos
1360 3148 1415 3205 tae
1431 3158 1473 3206 ex
1492 3134 1725 3225 promissione
1740 3127 1946 3220 Evangelii:
1980 3130 2113 3199 deinde
2135 3130 2280 3205 dilectio
2299 3148 2376 3207 est‘
2441 3189 2450 3201 ,

313 3237 465 3307 virtutes
491 3236 681 3317 divellere,
707 3238 791 3333 qnia
815 3234 959 3305 dilectio
985 3231 1138 3321 proximi
1161 3254 1236 3301 ann
1257 3244 1307 3301 est
1359 3236 1516 3309 incoatio
1540 3236 1639 3327 teris.

313 3338 498 3425 ordinata,
523 3338 593 3407 nisi
611 3352 755 3430 regatur
771 3336 962 3409 dilectione
977 3334 1066 3422 Dei,
1091 3334 1209 3417 idest,
1236 3333 1307 3404 nisi
1461 3330 1563 3413 loeta
1589 3338 1741 3429 primam
1764 3335 1922 3406 tabulam
1947 3328 2178 3410 dileetiollei
2193 3338 2350 3429 comptr-

312 3441 457 3514 sittalis
474 3441 658 3521 voluntas,
684 3442 807 3516 easint
824 3442 909 3512 talia
927 3438 1056 3524 oilicia,
1081 3435 1307 3531 qualiaDeoa
1359 3439 1468 3512 ctitur
1480 3442 1646 3514 timorem
1669 3436 1814 3510 blialetn
1830 3436 1921 3524 Dei,
1943 3436 1980 3507 id
2006 3447 2076 3522 ett,
2102 3458 2222 3510 veram
2248 3460 2351 3512 rere-

315 3546 354 3613 in
379 3543 455 3614 tuis
476 3545 669 3636 praeceptis
684 3539 847 3618 ordinat.
891 3539 1015 3630 -ltetn,
1039 3539 1117 3612 Nisi
1140 3539 1184 3608 ad
1210 3535 1306 3610 hunc
1358 3543 1558 3616 uerentiam
1582 3541 1667 3628 Dei,
1704 3540 1981 3626 coelestionem,
2012 3541 2205 3629 gratiarum
2238 3544 2351 3616 aetio-

313 3648 423 3716 finem
438 3645 637 3731 reicratnr,
658 3646 794 3720 melleo
809 3657 1004 3738 praestetur
1021 3642 1247 3726 obedientia,
1271 3656 1307 3713 et
1360 3667 1460 3732 uem,
1494 3647 1702 3736 patientiam
1726 3645 1765 3712 in
1788 3643 1969 3713 aerumnis
1990 3642 2241 3728 consessionis,
2273 3657 2350 3719 sto·

312 3751 427 3820 timos
441 3748 478 3820 io
494 3749 578 3820 Deo
591 3749 767 3841 copulati,
781 3751 887 3820 ¹sieut
904 3745 1081 3818 Dominus
1096 3745 1231 3838 inquit:
1258 3742 1307 3815 Ut
1362 3748 1462 3822 diurn
1477 3748 1713 3820 conservandi
1726 3744 1918 3816 ministerii
1931 3743 2137 3833 evangelici.

313 3875 429 3924 unum
451 3851 526 3922 siut
550 3849 589 3920 in
614 3854 730 3926 nobie.
781 3852 945 3925 Sciamus
969 3848 1079 3940 igitur
1098 3869 1208 3918 uuam
1231 3869 1307 3916 esse
1462 3847 1505 3920 lu
1519 3849 1675 3924 secunda
1690 3849 1811 3921 tabula
1829 3846 1869 3916 in
1892 3858 2021 3939 quarto
2042 3862 2228 3940 praecepto
2249 3871 2350 3923 amo-

313 3955 487 4028 eirtutcm
506 3953 735 4026 dilectionem
762 3953 831 4024 Dei
852 3965 887 4023 et
911 3951 1087 4042 proximi,
1112 3971 1203 4044 quae
1226 3971 1306 4040 gra-
1357 3973 1431 4022 rem
1455 3954 1638 4046 coniugis,
1664 3951 1818 4034 subolis,
1841 3963 2048 4040 peremtum,
2081 3949 2350 4044 beneficiorum,

313 4060 383 4128 dus
400 4052 525 4148 babet,
553 4061 612 4128 sed
633 4073 753 4130 tamen
778 4072 814 4130 et
829 4055 971 4127 orditur
986 4079 1006 4126 a
1022 4052 1121 4140 Deo,
1148 4066 1183 4123 et
1199 4053 1307 4122 relert
1358 4055 1626 4146 magistratum,
1649 4067 1796 4148 propter
1810 4048 1940 4126 Deum.
2240 4055 2246 4068 '

315 4160 650 4248 inlecioreegradns
674 4161 718 4230 ad
736 4159 850 4232 Dum
871 4171 1041 4249 tauquam
1060 4154 1306 4247 ad-priucipa·
1458 4155 1502 4229 ln
1529 4159 1658 4254 quinto
1683 4166 1869 4249 praecepto
1899 4152 2094 4239 iusticiam,
2127 4177 2219 4250 quae
2239 4170 2349 4242 caret,

314 4263 385 4334 lem
411 4262 530 4331 onero
590 4257 774 4334 Abrabam
798 4261 916 4350 ‹titirit
937 4258 1069 4336 Deum.
1125 4255 1249 4328 Postea
1272 4269 1306 4328 et
1358 4280 1404 4329 ne
1425 4260 1542 4332 laedat
1571 4283 1701 4353 eorpus
1724 4257 1891 4342 alterius,
1927 4257 2013 4328 item
2038 4257 2350 4330 mansuetudinem

315 4363 567 4457 Agardilipit,
593 4368 654 4436 sed
675 4363 788 4456 pluris
803 4359 1034 4448 lacitlleum,
1059 4385 1132 4458 quo
1149 4360 1307 4450 iubente,
1357 4363 1583 4434 ireoatrieent
1614 4363 1690 4434 irae
1721 4374 1757 4434 et
1790 4359 1996 4454 cupiditatis
2025 4359 2223 4443 vindictae,
2262 4359 2348 4434 item

313 4468 461 4540 dimittit
478 4468 642 4538 ancillam
657 4467 765 4557 Agar.
1358 4465 1639 4541 beneficentiam.

419 4567 572 4642 Difficile
586 4583 771 4641 astantem
792 4567 948 4640 uobisin
966 4561 1034 4636 hac
1055 4576 1152 4636 tanta
1174 4563 1306 4634 duritie
1459 4565 1503 4637 lu
1528 4568 1686 4669 septimo¹
1698 4577 1884 4660 praecepto
1907 4559 2086 4634 iusticiam
2109 4561 2347 4636 abstinentem

315 4673 482 4746 cordium
512 4674 652 4742 tradere
677 4672 851 4742 illustrem
877 4668 1121 4740 definitionem
1143 4666 1305 4736 dileetio·
1358 4671 1498 4741 arebus
1512 4669 1660 4755 alienis,
1686 4682 1721 4742 et
1734 4665 1986 4738 liberalitatem
2002 4663 2184 4736 iuvantem
2207 4687 2348 4756 egenos.

296 4777 386 4850 mis.
445 4773 485 4845 Si
508 4775 605 4844 enirn
629 4777 796 4846 arderent
819 4773 926 4843 corda
950 4789 1055 4842 sensu
1077 4768 1211 4839 amoris
1229 4765 1307 4854 Dei,
1358 4769 1455 4842 Haec
1475 4772 1597 4843 omnir
1617 4793 1692 4843 eser
1722 4769 1838 4840 officis
1864 4765 2067 4838 dilectionis
2090 4764 2244 4856 proximi
2266 4789 2348 4860 prr.

313 4881 409 4950 sieut
421 4891 580 4947 amantes
595 4877 760 4948 incendia
776 4875 908 4948 amoris
924 4874 1018 4945 inter
1040 4893 1114 4942 tete
1136 4871 1308 4956 sentiunt,
1358 4876 1522 4966 spicuam
1539 4885 1610 4959 est,
1635 4873 1720 4969 quie
1734 4885 1818 4944 sunt
1834 4868 1978 4942 vineola
1993 4869 2267 4942 consociationis
2286 4894 2348 4963 ge-

315 4983 438 5052 minus
459 4979 651 5051 obscurum
674 4993 764 5050 esset
792 4978 879 5074 quid
910 4975 1118 5048 nominetur
1142 4969 1307 5047 Dilectio.
1358 4977 1455 5048 neris
1472 4973 1641 5068 humani,
1667 4986 1828 5070 quaeest
1847 4971 2244 5050 mutuabeuevolentia.

313 5083 372 5156 Ac
404 5082 563 5173 prolecto
598 5083 683 5153 talia
712 5103 795 5152 vera
822 5078 988 5152 incendia
1014 5097 1095 5167 erga
1123 5073 1245 5146 Deum·
1268 5075 1308 5148 in
1462 5078 1505 5150 lu
1528 5092 1626 5150 sexto
1652 5088 1839 5171 praecepto
1861 5073 2025 5148 (lectitet.

313 5185 425 5257 corde
439 5205 514 5254 esse
528 5185 709 5270 deberent,
735 5185 796 5254 aed
809 5183 895 5278 quia
909 5181 1013 5254 valde
1027 5176 1195 5270 languida
1211 5192 1306 5265 suut,
1461 5180 1505 5253 ln
1525 5193 1651 5255 octavo
1665 5177 1824 5265 Veritas,
1846 5177 1996 5250 virtuter
2018 5190 2102 5247 sunt
2118 5174 2346 5258 necessariae,

315 5287 471 5360 etiamsi
489 5309 558 5380 qtae
574 5301 677 5372 sont,
703 5287 889 5358 obscurior
903 5296 955 5356 est
968 5279 1173 5372 descriptio.
1358 5286 1498 5356 etiamsi
1516 5307 1590 5355 non
1605 5285 1813 5374 prodessent
1833 5279 2013 5372 proximis.
2065 5275 2114 5350 ln
2136 5292 2255 5352 tamen
2280 5272 2347 5349 bae

421 5385 492 5460 Sed
513 5404 630 5460 temen
649 5390 906 5460 constituamus
919 5381 1013 5456 hauc
1027 5383 1310 5477 qualemcunque
1359 5411 1505 5482 quoqrie
1522 5384 1767 5477 multipliciter
1780 5393 1930 5477 prosunt
1942 5382 2100 5455 societati
2119 5379 2315 5454 communi.

317 5489 613 5582 descriptionem:
642 5490 794 5564 Dilectio
812 5483 879 5561 Dei
893 5503 929 5560 et
944 5485 1097 5579 proximi
1110 5495 1182 5568 est,
1209 5499 1309 5578 pust·
1463 5488 1518 5559 Ex
1538 5483 1607 5558 bae
1627 5483 1914 5558 consideratione
1933 5484 2086 5556 indicari
2114 5494 2248 5576 potest,
2280 5481 2347 5552 ad·

318 5616 429 5689 quam
456 5616 538 5664 vera
564 5593 636 5664 fide
657 5588 878 5686 apprehensa
904 5601 957 5660 est
977 5586 1219 5659 misericordia
1242 5585 1309 5659 Dei
1361 5591 1553 5683 pellatione
1586 5588 1787 5664 dilectionis
1819 5587 1968 5660 virtutes
2000 5597 2152 5659 caetem
2184 5605 2347 5682 eompre-

319 5709 471 5796 propter
483 5695 596 5766 lilium
611 5695 758 5780 donata,
782 5692 940 5764 vicissim
955 5690 1131 5764 subiicere
1148 5687 1311 5776 corneo,
1362 5689 1485 5764 bendi.

319 5813 359 5870 et
373 5799 490 5869 iacere
504 5799 672 5870 mandata
694 5797 790 5881 ains,
815 5819 896 5868 curu
919 5793 1072 5888 quadam
1093 5792 1228 5865 laetitia
1252 5815 1310 5863 ac·
1467 5793 1539 5866 Sed
1565 5817 1629 5864 cur
1649 5792 1785 5888 iuquit:
1810 5785 1971 5862 Maxima
1993 5781 2348 5860 interbasdilectio?

319 5895 929 6072 qnitlffliripgiuui'ffilticn
942 5895 1157 5970 Laurentius
1179 5917 1218 5968 se
1236 5893 1311 5968 Deo
1366 5895 1564 5992 Rependeo
1577 5893 1860 6071 {ignplicissimet
1884 5889 1978 5965 Cum
1992 5891 2141 5963 virtutes
2161 5887 2257 5960 iuter
2276 5908 2351 5959 sese
