5825 6950
318 724 377 803 tta
473 727 575 807 Xlll.
624 735 661 806 2.
686 726 1051 807 COMMENTARH
1076 727 1129 806 IN
1152 727 1308 807 Ettsr.
1333 725 1484 803 PAULl
1510 723 1579 802 AD
1605 723 1868 804 Romanos,
1918 727 2024 811 CAP.
2051 735 2152 816 xlv,
2256 739 2330 816 746

314 901 427 976 talibus
450 900 602 993 exempli
626 903 895 996 superstitiones
924 927 1099 991 crescere,
1138 902 1287 975 nonita
1341 901 1432 971 facta
1457 914 1511 974 est
1532 898 1759 996 constitutio,
1787 927 1879 996 quae
1900 901 2065 995 prohibet
2087 910 2227 1000 nuptias
2248 935 2328 982 mo-

313 1005 469 1076 niremnr
486 1007 524 1074 in
541 1002 607 1076 hac
622 1029 660 1076 re
677 1006 867 1101 synodum,
892 1020 933 1077 ut
950 1008 1101 1078 velimus
1116 1007 1199 1077 illos
1215 1003 1285 1080 Ca·
1341 998 1464 1073 narhis
1488 1017 1523 1076 et
1545 1003 1761 1096 virginibus,
1786 1029 1878 1098 quac
1898 1022 1978 1078 vota
2001 1011 2185 1100 fecensut,
2209 1026 2245 1087 et
2265 1037 2327 1084 ex-

315 1127 413 1178 nones
427 1120 491 1178 aut
511 1111 708 1201 approbare
724 1122 784 1179 aut
800 1109 996 1184 restituere.
1047 1107 1122 1180 Nec
1144 1120 1289 1202 propte-
1339 1105 1577 1178 communicat
1599 1107 1685 1177 tales
1708 1103 1955 1178 contrahentes
1979 1115 2175 1203 connubia,
2212 1139 2328 1210 quau-

316 1208 605 1282 readissentimus
622 1235 642 1279 a
660 1212 774 1282 veteri
790 1207 965 1292 Ecclesia,
991 1211 1184 1282 retinemus
1198 1210 1286 1281 arti·
1338 1231 1445 1300 quam
1472 1209 1570 1279 addit
1594 1209 1870 1298 mitigationem,
1906 1235 2007 1305 posse
2032 1232 2066 1289 et
2088 1211 2157 1289 hoc
2179 1217 2326 1289 concedi

315 1311 397 1382 colos
424 1312 554 1406 synodi
584 1313 630 1383 de
657 1313 905 1405 dogmatibus,
948 1335 1039 1406 qnae
1069 1315 1212 1406 proprie
1240 1316 1285 1382 ad
1337 1309 1471 1382 iudicio
1497 1309 1676 1403 Episcopi.

315 1410 493 1484 Ecclesiam
524 1415 714 1504 pertinent.
764 1411 931 1486 Caeterae
961 1437 1053 1509 quae
1079 1432 1162 1489 snut
1188 1431 1284 1486 extra
1437 1409 1571 1483 Verum
1588 1413 1699 1484 multa
1717 1413 1861 1506 politica
1876 1415 2013 1489 utiliter
2028 1431 2112 1490 tnnc
2133 1419 2326 1492 constituta

314 1516 501 1586 selcoutra
529 1518 678 1587 verbum
700 1512 787 1598 Dei,
831 1540 907 1587 non
932 1517 1112 1610 pertinent
1139 1520 1186 1588 ad
1214 1515 1285 1589 Ec·
1336 1527 1439 1600 sunt,
1463 1539 1509 1584 ne
1523 1514 1687 1607 Episcopi
1704 1516 1770 1608 ipsi
1793 1529 1955 1590 tenerent
1977 1522 2324 1594 administrationem

313 1617 452 1688 clesiam.
1336 1616 1543 1686 facultatum
1569 1617 1900 1706 ecclesiasticarum,
1927 1623 1986 1690 sed
2008 1637 2049 1694 ut
2063 1621 2240 1694 Ecclesiae
2256 1619 2325 1694 lta·

403 1714 767 1794 AnnoDominiddd.
794 1721 1284 1817 Constantinopolitanasyn·
1336 1719 1461 1790 herent
1484 1716 1728 1790 Oeconomos:
1754 1744 1800 1788 ne
1822 1723 1903 1814 quis
1927 1724 2028 1812 plura
2051 1726 2246 1796 ministeria
2271 1738 2324 1796 te-

315 1823 394 1892 odns
416 1816 658 1893 sTheodosio
680 1835 871 1894 convocata
894 1837 966 1911 est,
990 1826 1030 1894 in
1048 1850 1117 1918 qua
1135 1825 1285 1915 praefuit
1336 1835 1455 1893 neret:
1491 1821 1594 1903 item,
1619 1846 1664 1891 ne
1685 1823 1765 1916 quis
1779 1821 1856 1893 sine
1871 1825 2068 1898 ministerio
2085 1829 2322 1900 ordinaretur.

312 1922 499 2016 Episcopus
550 1925 995 2018 constantinopolitanus,
1046 1927 1283 1997 controversia
1336 1923 1425 1993 ltem
1440 1935 1478 1992 ut
1497 1923 1534 1992 in
1556 1923 1706 2014 singulis
1730 1925 1924 2016 provinciis
1941 1924 2109 2026 Episcopi
2131 1930 2324 2024 quotannis

311 2025 414 2116 gravis
435 2027 630 2097 diiudicata
653 2041 705 2098 est
730 2030 774 2098 de
795 2028 933 2121 Spiritu
951 2042 1094 2120 sancto,
1120 2029 1216 2123 quod
1240 2030 1285 2099 sit
1335 2029 1569 2110 conveniant,
1604 2040 1637 2096 et
1659 2029 1814 2120 synodos
1837 2022 1990 2101 habeant
2012 2032 2055 2101 dc
2078 2033 2323 2125 praesentibus

309 2151 446 2220 penum
462 2132 656 2220 procedens
671 2154 691 2199 a
706 2143 804 2220 patre
822 2146 856 2203 et
872 2130 965 2215 lilio,
992 2146 1026 2202 et
1049 2133 1094 2202 sit
1108 2131 1224 2221 Deus,
1249 2146 1285 2204 ct
1335 2121 1512 2197 Ecclesiae
1534 2129 1796 2201 controversiis.

309 2246 388 2301 recte
405 2232 566 2303 damnati
583 2246 666 2303 sunt
682 2227 885 2304 Eunomius
898 2247 934 2305 ct
949 2233 1030 2318 alii,
1055 2233 1119 2326 qui
1140 2249 1284 2306 contra·
1437 2225 1534 2298 Haec
1565 2229 1666 2302 utilia
1701 2232 1841 2300 decreta
1874 2233 2093 2326 synodorum
2128 2233 2321 2305 adversarii

309 2333 388 2402 rium
403 2345 599 2407 senserant,
648 2332 744 2406 Sunt
766 2346 801 2406 et
821 2335 966 2426 pulit-ica
988 2337 1159 2428 quaedum
1184 2339 1281 2406 ordi.
1334 2328 1579 2416 tllsslmulanl,
1604 2355 1646 2402 bc
1661 2333 1803 2404 lnlerlm
1820 2333 1888 2402 alla
1905 2334 2038 2406 leviora
2054 2338 2254 2429 proferunl,
2278 2350 2321 2408 ul

309 2447 394 2518 usta,
439 2458 487 2504 ne
508 2433 677 2528 Episcopi
698 2437 737 2506 in
759 2437 884 2508 alienis
905 2437 1125 2508 dioecesibus
1145 2437 1282 2532 aliquid
1334 2431 1525 2503 videanlur
1545 2434 1653 2505 nobls
1674 2458 1855 2528 opponere
1875 2437 2004 2509 veleris
2019 2437 2197 2511 Ecclesiae
2216 2452 2320 2511 tulo-

308 2537 556 2610 tdministrent.
1333 2533 1485 2610 ritatem.

396 2635 508 2708 Anno
524 2639 612 2712 488.
634 2636 814 2731 Ephesios
835 2642 995 2737 synodus
1017 2654 1209 2712 convocata
1230 2655 1282 2713 est
1435 2635 1596 2709 Fuerunt
1611 2637 1754 2710 interim
1771 2651 1806 2709 et
1822 2638 1912 2708 aliae
1927 2641 2073 2734 synodi,
2095 2667 2155 2714 seu
2172 2641 2317 2733 provin·

309 2741 481 2811 aiuniore
503 2738 729 2827 Theodosio,
773 2746 812 2813 in
843 2769 912 2838 qna
942 2744 1094 2837 praefuit
1123 2740 1283 2838 Cyrillus
1332 2737 1438 2809 ciales
1457 2763 1520 2810 seu
1541 2740 1817 2836 frequentiores,
1850 2743 2043 2836 inquibus
2075 2757 2320 2816 convenerunt

281 2843 572 2929 *Alexandrinus
622 2841 1280 2941 HaecsynoduereetadammvirNe.
1332 2841 1530 2912 vicinarum
1547 2843 1809 2933 provinciarum
1826 2839 2005 2935 Episcopi.
2032 2845 2132 2918 Talis
2152 2847 2220 2917 fuit
2235 2870 2320 2941 syn·

307 2945 464 3028 starium,
489 2946 551 3039 qui
568 2948 717 3035 negabat
732 2949 770 3017 in
785 2945 930 3020 Christo
946 2949 1089 3019 unitum
1108 2969 1183 3018 esse
1199 2973 1279 3019 vcr-
1331 2945 1421 3013 udus
1452 2941 1680 3016 Antiochena
1712 2957 1794 3016 ante
1817 2941 2006 3031 Nicenam,
2040 2962 2229 3019 convocata
2254 2951 2320 3019 ad·

307 3049 375 3116 bom
402 3041 582 3118 humanae
609 3061 756 3120 naturae
780 3050 1003 3121 substantiali
1031 3051 1187 3135 unione,
1218 3053 1278 3121 sed
1331 3069 1453 3114 versus
1469 3044 1757 3132 samosatenum,
1783 3069 1873 3140 quae
1896 3047 1954 3137 pie
1975 3061 2008 3118 ct
2024 3065 2117 3121 recte
2136 3052 2319 3123 damnavit

313 3163 432 3220 satum
455 3150 578 3219 adesse
600 3152 769 3236 verbum,
795 3166 830 3222 et
849 3147 1050 3223 inhabitare
1066 3154 1104 3222 in
1123 3149 1278 3222 humana
1331 3145 1553 3219 Samosateni
1569 3149 1798 3240 impietatem.
1848 3147 1949 3218 Talis
1966 3150 2050 3220 item
2073 3153 2139 3222 fuit
2161 3153 2318 3247 synodus

309 3265 419 3321 satura
442 3251 541 3324 velut
558 3246 732 3344 hospitem
759 3254 798 3323 in
823 3254 1025 3342 domicilio,
1055 3268 1095 3328 ut
1117 3254 1169 3324 ibi
1191 3268 1280 3326 esset
1331 3245 1551 3340 Gangrensis
1568 3251 1605 3318 in
1623 3249 1763 3322 Galatia
1778 3264 1878 3320 vetus
1894 3265 1927 3320 ct
1943 3274 2047 3343 pura,
2062 3248 2168 3322 habet
2182 3253 2317 3343 optima

308 3353 426 3426 efficax.
1029 3345 1035 3352 ’
1330 3353 1469 3421 decreta
1485 3366 1607 3423 contra
1624 3353 1893 3445 superstitiones
1906 3355 1950 3420 de
1967 3353 2141 3445 coniugio,
2157 3356 2201 3426 de
2217 3356 2318 3441 cibis,

378 3452 563 3529 llaccfuit
578 3454 697 3548 magni
712 3458 883 3529 momenti
907 3457 1166 3531 controversia:
1194 3482 1277 3528 nam
1330 3454 1374 3524 de
1399 3451 1626 3529 monachatu.
1676 3451 1724 3525 Et
1748 3467 1890 3547 apparet
1918 3450 2010 3524 hane
2032 3459 2208 3551 synodum
2231 3482 2319 3527 con·

305 3556 333 3625 io
345 3552 491 3627 Christo
508 3582 589 3629 vere
605 3572 638 3631 et
654 3559 932 3631 substantialiter
952 3562 1073 3633 unitae
1086 3574 1171 3634 sunt
1186 3564 1279 3631 duae
1329 3556 1466 3627 venisse
1483 3574 1628 3650 propter
1644 3555 1877 3643 Montanum,
1904 3556 2146 3639 Marcionem.
2172 3574 2205 3631 ct
2219 3560 2319 3629 sirni-

304 3674 450 3733 naturae.
484 3658 559 3731 Nec
574 3685 696 3731 vcrnrn
712 3679 762 3734 est
779 3659 971 3733 humanam
987 3678 1149 3734 naturam
1166 3665 1278 3732 solam
1330 3659 1401 3741 les,
1428 3661 1489 3751 qui
1508 3661 1587 3729 illas
1603 3660 1870 3751 superstitiones
1887 3658 1990 3728 valde
2005 3674 2190 3735 atrxerunt.

302 3782 364 3829 csse
380 3758 583 3847 Christum,
613 3788 654 3833 ac
670 3766 890 3835 domicilium
907 3788 979 3836 csse
994 3765 1094 3834 verbi
1111 3766 1278 3836 assisten-
1432 3761 1578 3832 Secutae
1593 3775 1678 3833 sunt
1693 3760 1783 3831 aliae
1797 3763 2026 3853 posteriores,
2051 3776 2089 3833 ut
2112 3759 2316 3858 Ancyrana,

303 3862 348 3932 tis.
402 3861 491 3932 lnde
513 3880 679 3935 urserunt
707 3865 757 3958 pii
781 3861 844 3937 has
871 3869 1003 3937 formas
1031 3866 1200 3961 loquendi
1233 3871 1277 3937 cle
1330 3886 1419 3954 quae
1434 3860 1540 3935 habet
1556 3859 1648 3933 hanc
1663 3862 1949 3934 constitutionem
1968 3864 2248 3935 memorabilem:
2276 3866 2315 3938 Si

301 3964 429 4035 unitate
446 3987 635 4056 personae,
661 3965 775 4039 Deum
791 3992 864 4038 csse
886 3983 1030 4055 natum,
1054 3993 1194 4061 passum
1212 3983 1277 4044 etc.
1329 3962 1481 4036 Diaconi
1504 3965 1783 4035 inordinatione
1805 3990 1877 4034 noo
1897 3966 2122 4054 promiserint
2146 3990 2183 4037 se
2201 3969 2317 4038 victu-

299 4060 367 4135 Etsi
389 4081 508 4138 autem
523 4066 706 4139 Nestorius
728 4073 875 4161 trs-gabat
890 4094 927 4141 se
948 4095 1028 4140 cum
1049 4074 1278 4142 samosateno
1330 4090 1388 4138 ros
1405 4067 1573 4150 coelibes,
1591 4068 1770 4138 retinendi
1786 4082 1868 4139 sunt
1885 4068 1921 4135 in
1938 4068 2161 4151 ministeriis,
2178 4070 2315 4141 etiamsi

297 4170 436 4253 sentire,
458 4182 576 4239 tamen
593 4172 752 4261 suspicor
769 4197 850 4243 cum
867 4198 906 4243 re
921 4176 996 4264 ipsa
1011 4172 1104 4241 idem
1119 4174 1279 4259 sensisse,
1329 4181 1449 4260 postea
1466 4174 1600 4241 ducunt
1620 4193 1768 4243 uxores:
1801 4174 1860 4238 sed
1878 4170 1907 4239 si
1926 4170 2174 4261 promiserint,
2200 4184 2233 4243 et
2251 4195 2317 4262 po-

296 4272 351 4339 sed
376 4272 588 4360 inspeciem
611 4274 715 4345 aliter
737 4274 962 4369 proposuisse
985 4290 1085 4347 vetus
1109 4275 1276 4345 delirium
1329 4284 1400 4341 stea
1433 4288 1551 4341 tamen
1582 4274 1749 4343 duxerint
1781 4294 1908 4342 uxores
1949 4274 2156 4343 removendi
2188 4286 2315 4343 sunta

294 4372 488 4443 involucris
509 4386 652 4451 tectum.
1327 4374 1539 4446 ministerio.
1591 4370 1709 4445 Habet
1742 4389 1777 4446 et
1810 4374 1898 4443 alios
1933 4371 2117 4460 Canones,
2143 4377 2187 4444 de
2210 4374 2315 4445 annis

368 4472 480 4544 Anno
491 4470 577 4549 452.
593 4472 893 4549 Chalcedonensis
911 4478 1069 4573 synodus
1083 4492 1275 4550 convocata
1328 4476 1587 4566 poenitentiae,
1615 4476 1829 4567 periculosos
1856 4488 1890 4543 et
1916 4476 2187 4564 superstitiosos.

291 4589 336 4645 cst
351 4600 372 4646 a
390 4574 574 4647 Martiano
597 4578 831 4671 imperatore,
864 4581 903 4649 in
928 4604 996 4674 qna
1018 4594 1112 4651 recte
1127 4582 1276 4650 damna·
1428 4577 1631 4650 Laodicena
1649 4591 1743 4648 recte
1758 4579 1902 4646 damnat
1918 4574 2153 4661 Novatianos,
2179 4578 2239 4646 sed
2256 4598 2314 4646 er-

290 4693 340 4745 tus
364 4694 417 4750 est
434 4672 634 4775 Eutyches,
667 4682 729 4773 qni
747 4683 887 4770 negavit
903 4682 1009 4753 etiam
1026 4683 1115 4752 duas
1132 4696 1275 4753 naturas
1327 4693 1382 4750 rat
1404 4694 1527 4750 taxans
1544 4682 1703 4769 digamos
1727 4680 1832 4750 etiam
1855 4678 1984 4760 laicos,
2011 4677 2108 4747 iubet
2131 4701 2190 4747 eos
2215 4679 2314 4771 prius

293 4778 323 4845 in
336 4776 506 4865 Christo,
532 4804 573 4851 ac
593 4786 777 4853 contendit
793 4786 903 4875 ipsam
922 4784 1022 4853 verbi
1037 4798 1200 4854 naturam
1219 4786 1274 4855 di·
1328 4780 1447 4871 puniri
1464 4806 1569 4874 qnam
1586 4781 1819 4851 admittantur
1831 4778 1874 4849 ad
1893 4779 2202 4863 communionem,
2228 4803 2313 4870 pro·

293 4880 421 4955 sinitus
444 4884 612 4969 missam,
640 4886 770 4954 editam
798 4911 871 4957 esse
895 4909 958 4977 per
980 4886 1175 4976 virginem,
1211 4909 1275 4957 nec
1327 4878 1546 4953 hibctetiam
1565 4882 1778 4969 baptismum
1801 4892 1878 4973 post
1896 4882 1983 4948 duas
1999 4881 2211 4969 septimanas
2225 4904 2313 4975 qua·

292 4982 372 5054 duas
392 5008 469 5057 esse
494 5000 639 5056 naturas
662 4986 791 5058 unitas.
854 4986 1007 5060 Videtur
1030 5001 1065 5060 ct
1088 4981 1147 5057 hic
1168 5011 1274 5057 reno-
1326 4985 1553 5073 decagesimae.
1605 4986 1749 5056 Caactera
1780 4982 1922 5075 politica
1950 4996 2033 5051 sunt
2064 4977 2231 5063 honesta,
2272 4996 2314 5054 ut

290 5107 382 5157 rasse
410 5086 580 5159 delirium
608 5086 849 5171 samosateni,
892 5091 952 5160 scd
985 5089 1057 5161 alio
1085 5088 1273 5159 involucro
1326 5111 1405 5155 cum
1421 5081 1588 5184 probibet
1613 5086 1756 5177 nuptias
1778 5107 1860 5155 cum
1876 5078 2071 5155 haereticis.
2112 5081 2314 5179 Haecsyu-

287 5190 518 5281 propositnm.
592 5188 672 5262 Hoc
716 5191 888 5264 indicium
943 5190 1072 5289 synodi
1120 5190 1273 5262 laudan·
1324 5189 1414 5259 odus
1432 5212 1505 5256 non
1523 5188 1629 5277 longo
1648 5186 1836 5257 intervallo
1850 5199 1966 5255 secuta
1984 5198 2035 5255 est
2054 5182 2237 5262 Nicenam.

291 5290 366 5359 dum
400 5305 467 5366 est.
1426 5287 1503 5359 Sub
1517 5286 1682 5361 Honorio
1700 5287 1915 5377 Imperatore
1930 5285 2177 5358 fuitTolctana
2196 5288 2312 5377 prima

379 5391 570 5466 Caeterum
586 5408 769 5467 creverant
785 5395 854 5467 iam
870 5395 908 5465 in
922 5388 1079 5465 Ecclesia
1096 5387 1273 5463 humanae
1324 5394 1502 5487 synodus,
1545 5414 1636 5484 quae
1670 5390 1829 5462 continet
1860 5388 1971 5459 multa
1994 5388 2108 5477 capita
2137 5390 2240 5460 utilia
2266 5391 2313 5460 de

293 5492 504 5567 traditiones.
556 5492 640 5567 ldeo
670 5500 808 5593 aliquas
839 5495 979 5568 addidit
999 5490 1086 5564 haec
1113 5498 1271 5590 synodus
1323 5494 1496 5564 doctrina.
1546 5490 1638 5563 Nam
1661 5492 1719 5582 pie
1744 5503 1899 5561 recenset
1922 5490 2150 5561 articulosde
2172 5490 2310 5561 divini·

293 5592 429 5666 vitiosas
451 5595 741 5684 constitutiones,
773 5602 909 5669 nonde
930 5597 1174 5687 dogmatibus,
1208 5598 1270 5666 sed
1323 5608 1392 5665 tate
1416 5608 1450 5665 et
1468 5594 1603 5665 naturis
1619 5588 1771 5679 Christi,
1796 5606 1829 5664 et
1845 5590 1933 5664 alios
1949 5592 2132 5685 quosdam.
2183 5592 2311 5663 Postea

292 5694 328 5765 de
342 5698 556 5769 ceremoniis
571 5712 605 5771 et
621 5702 775 5773 cultibus
792 5716 886 5773 extra
907 5699 1137 5789 scripturam,
1166 5710 1199 5768 et
1216 5713 1269 5769 ta·
1321 5698 1495 5789 quaedam
1522 5698 1644 5767 attexit
1663 5694 1806 5786 politica
1833 5708 1867 5764 et
1894 5692 2109 5762 ceremonias
2130 5693 2176 5761 de
2193 5686 2312 5762 claris-

292 5818 362 5868 mcn
380 5796 500 5871 adhuc
515 5816 598 5873 snut
613 5804 885 5874 verecundiores
901 5795 968 5869 hae
984 5798 1268 5885 constitutiones,
1320 5812 1412 5868 mate
1421 5849 1433 5882 ,
1462 5811 1496 5867 et
1517 5798 1561 5866 dc
1577 5796 1681 5870 votis.
1718 5794 1815 5866 Haec
1832 5796 1990 5891 synodus
2003 5788 2171 5884 prohibet
2186 5794 2309 5863 diaco-

291 5922 388 5993 quam
403 5904 496 5975 aliae
509 5917 630 5997 postea
643 5919 758 5984 natae.
811 5902 854 5977 ln
873 5898 941 5975 hac
956 5902 1094 5997 synodo
1110 5901 1266 5995 primum
1289 5960 1294 5969 .
1320 5922 1386 5969 nos
1402 5893 1504 5971 erebi
1522 5898 1567 5969 ad
1582 5922 1711 5971 munus
1727 5895 1945 5994 presbytcri,
1969 5894 2000 5965 si
2015 5916 2091 5967 noo
2106 5894 2313 5971 abstineant
