5825 6950
562 695 640 773 aso
858 785 863 792 ,
1159 679 1431 762 antonno
1457 675 1998 756 scolrranxnnnnca,
2212 647 2215 657 ’
2523 687 2596 762 sao

661 865 852 938 'Postremo
882 861 974 932 illud
1003 859 1276 931 deliramentum
1302 877 1448 949 prorsus
1472 854 1557 925 reii-
1608 877 1731 927 rursus
1761 857 1963 933 sumendae.
2015 855 2109 930 Sunt
2135 857 2246 949 igitur
2263 859 2358 930 dnae
2381 871 2533 932 naturae
2562 861 2598 933 iu

569 972 735 1044 ciendum
753 981 826 1052 est,
849 965 947 1060 quod
965 987 1007 1032 ex
1024 956 1092 1032 hnc
1108 961 1187 1032 loco
1200 960 1380 1030 finxerunt
1393 953 1558 1028 homines
1607 953 1765 1041 Christo,
1784 957 1908 1029 divina
1927 983 2001 1030 non
2015 961 2184 1048 moriens,
2207 975 2241 1034 ot
2255 956 2412 1034 hurum
2428 964 2597 1048 moriens,

570 1072 735 1156 fanatici,
759 1071 921 1140 futurum
946 1067 986 1134 in
1005 1066 1141 1134 mondo
1163 1077 1245 1134 ante
1263 1061 1557 1132 resurrectionem
1609 1084 1700 1153 quae
1717 1085 1736 1130 a
1755 1062 1876 1131 divina
1895 1078 2020 1136 natura
2037 1064 2077 1132 in
2091 1064 2199 1136 vitam
2214 1080 2411 1141 revocatur.
2455 1065 2598 1138 illustre

569 1189 794 1246 mortuorum
819 1169 1029 1263 imperium,
1064 1167 1104 1236 in
1133 1191 1205 1260 quo
1237 1165 1351 1235 sancti
1382 1162 1558 1255 oppressis
1608 1163 1852 1236 testimonium
1877 1179 1949 1246 est,
1975 1179 2010 1239 ct
2031 1168 2237 1238 addendum
2260 1170 2306 1237 ad
2327 1183 2482 1251 caetera,
2510 1193 2600 1263 quae

568 1277 689 1371 impiis
712 1273 932 1346 dominaturi
956 1271 1046 1355 sint,
1078 1292 1217 1339 summa
1239 1266 1430 1338 concordia
1453 1289 1558 1336 verae
1609 1267 1697 1336 duas
1705 1280 1849 1338 naturas
1868 1268 1907 1337 in
1917 1264 2061 1340 Christo
2070 1292 2143 1339 esse
2151 1271 2341 1357 affirmant,
2355 1285 2396 1343 ιιι
2409 1273 2447 1340 iu
2461 1273 2493 1346 1.
2503 1295 2600 1363 capo

569 1380 764 1460 doctrinae,
790 1392 824 1449 et
845 1374 994 1447 iusticia.
1050 1365 1313 1446 Christusbaec
1329 1370 1460 1441 refutat
1477 1392 1557 1440 cum
1610 1366 1653 1438 ln
1668 1370 1845 1462 principio
1861 1383 1936 1440 erat
1951 1373 2111 1456 verbum,
2126 1374 2319 1445 etdeiade:
2342 1372 2502 1444 Verbum
2521 1399 2599 1446 caro

570 1484 637 1554 ait:
664 1479 744 1553 Erit
766 1481 857 1550 sicot
880 1479 919 1547 in
943 1478 1068 1547 diebus
1090 1473 1208 1560 Noae,
1229 1488 1295 1545 etc.
1346 1472 1453 1543 Item:
1481 1471 1556 1542 Nisi
1609 1471 1814 1544 factumest.
1866 1472 2065 1546 Tribuatnr
2078 1499 2161 1566 ergo
2177 1475 2426 1547 immortalitas
2441 1476 2599 1564 divinae,

569 1584 770 1655 abbreviati
789 1594 910 1652 essent
928 1580 984 1649 isti
999 1581 1197 1663 dies,'non
1214 1576 1312 1646 beret
1329 1575 1423 1644 salva
1440 1575 1558 1644 omnis
1609 1597 1701 1668 quae
1731 1590 1877 1646 vocatur
1895 1573 2073 1660 Verbum,
2107 1579 2304 1649 mortalitas
2332 1601 2416 1650 vero
2450 1591 2599 1650 naturae

570 1711 664 1758 caro.
689 1684 850 1775 lugentia
867 1684 1022 1776 pericula
1035 1680 1140 1751 nohis
1155 1679 1429 1764 denunciantur,
1446 1700 1557 1770 qnare
1610 1671 1808 1762 humanae,
1832 1692 1873 1748 ut
1889 1689 1974 1749 tunc
1989 1693 2073 1750 erat
2124 1677 2174 1751 Et
2187 1680 2237 1750 sic
2252 1681 2341 1751 dixit
2362 1683 2598 1752 eruditissime

569 1790 680 1861 simus
695 1790 891 1879 vigilantes,
915 1799 950 1857 et
964 1783 1119 1874 mitigeri
1133 1783 1349 1853 calamitates
1363 1795 1398 1851 et
1410 1779 1558 1872 reprimi
1586 1791 1591 1798 “
1610 1776 1794 1865 Irenaeos,
1820 1776 2002 1853 Christum
2018 1805 2157 1874 passum
2175 1806 2247 1852 esse
2261 1783 2505 1888 requiescente
2524 1808 2598 1854 ver-

569 1915 719 1978 errores,
744 1914 834 1985 qnos
847 1875 981 1981 spargit
998 1901 1033 1958 et
1048 1887 1233 1958 coufirmat
1248 1884 1413 1954 diabolus
1430 1885 1470 1952 iu
1484 1895 1558 1956 toto
1610 1883 1677 1967 bo,
1704 1896 1744 1952 ut
1760 1883 1916 1973 crucifigi
1933 1884 2074 1956 amori
2090 1898 2217 1976 posset.
2257 1883 2342 1956 Post
2357 1880 2450 1955 hauc
2464 1887 2598 1956 micau-

567 1996 671 2076 orbe,
697 2015 852 2064 oremus.
1610 1987 1692 2053 dam
1708 1985 1933 2072 concionem,
1957 2001 2157 2082 sequuntur
2172 1989 2312 2058 diversa
2325 1988 2469 2058 iudicia.
2523 1988 2598 2061 Ali-

1047 2088 1050 2092 ’
1113 2159 1120 2175 0
1142 2155 1150 2174 ,
1184 2157 1192 2172 ,
1610 2089 1672 2180 qni
1688 2088 1739 2178 pii
1754 2091 1953 2182 approbant
1966 2115 2053 2175 eam,
2080 2091 2142 2160 alii
2157 2091 2241 2162 facti
2257 2091 2489 2178 rabiosinres‚
2514 2089 2597 2162 hor·

645 2206 661 2242 a
743 2154 1295 2260 P'0P15720P02‘7d‘h6'dm‘2
1320 2166 1381 2230 ⁶¹⁶·
1609 2194 1737 2260 reudas
1761 2215 1863 2260 voces
1897 2207 1934 2264 et
1967 2195 2239 2266 contumeliosas
2264 2195 2302 2262 iu
2327 2193 2443 2264 Deum
2468 2197 2595 2266 edunt:

670 2301 767 2373 Haec
788 2314 839 2371 est
862 2297 1034 2368 sententia
1051 2295 1171 2366 arcani
1189 2295 1330 2365 consilii
1346 2294 1434 2380 Dei,
1461 2295 1556 2388 quod
1610 2289 1847 2364 Daemonium
1863 2289 1979 2366 hahet.
2020 2294 2169 2368 Nullum
2186 2310 2238 2367 est
2254 2297 2370 2366 mains
2385 2298 2596 2372 convicium.

567 2405 727 2478 enarrari
741 2426 816 2472 non
831 2413 964 2494 potest,
988 2402 1032 2469 de
1045 2401 1154 2468 modo
1168 2399 1399 2471 redemtionis
1420 2396 1559 2487 generis
1609 2393 1744 2464 Moniti
1762 2409 1879 2500 autern
1896 2392 1952 2468 his
1975 2399 2162 2488 exemplis,
2187 2398 2339 2469 sciamus
2362 2413 2510 2492 propter
2530 2400 2595 2470 im-

557 2503 738 2591 bumani,
763 2507 822 2574 sed
847 2502 963 2595 aspice
986 2515 1104 2572 tamen
1127 2497 1196 2570 hoc
1212 2501 1364 2571 dictum:
1392 2496 1560 2570 Affirmat
1610 2498 1751 2587 piorum
1776 2499 1928 2584 indicia,
1945 2525 2037 2569 ·uon
2059 2502 2299 2572 obiiciendum
2331 2525 2405 2572 esse
2432 2499 2593 2591 Evange-

566 2634 671 2683 suum
690 2605 899 2678 sacrificium
918 2605 1056 2696 placere
1075 2603 1185 2695 patri,
1211 2603 1283 2672 imo
1300 2626 1337 2672 se
1352 2602 1453 2692 diligi
1472 2627 1557 2695 pro·
1608 2600 1715 2681 lium,
1753 2601 1846 2672 sicot
1876 2604 2081 2674 consolatur
2107 2627 2173 2673 nos
2198 2601 2320 2675 Esaias
2344 2599 2505 2698 cap.5l.:
2535 2603 2587 2673 Ne

565 2728 646 2807 pter
661 2707 754 2782 hanc
768 2707 1028 2797 obedientiam,
1055 2707 1137 2800 qnia
1154 2716 1263 2798 ponat
1280 2705 1434 2775 animam
1456 2727 1556 2774 suam
1608 2702 1729 2775 timete
1743 2706 1872 2796 probra
1888 2700 2097 2791 homiuum,
2117 2720 2182 2781 etc.

565 2838 633 2916 pro
648 2813 787 2885 ovibus.
830 2809 943 2900 lgitur
959 2811 1151 2879 immensos
1167 2831 1268 2878 amor
1282 2823 1335 2879 est
1352 2807 1461 2900 patris
1475 2831 1556 2898 erga

566 2940 654 3002 nos,
678 2914 835 2985 nolentis
855 2936 922 2983 nos
944 2913 1081 3005 perire,
1110 2911 1201 2982 sicut
1221 2912 1309 2982 alias
1330 2909 1462 3004 inquit:
1497 2909 1556 2981 Sic

565 3019 665 3092 Deus
679 3017 803 3089 dilexit
815 3017 1004 3100 mundum,
1027 3027 1067 3086 ut
1080 3013 1193 3084 lilium
1210 3035 1313 3085 suum
1329 3013 1555 3104 unigenitum
1712 3011 1838 3083 Mense
1849 3009 2044 3083 Novembri
2061 3014 2118 3084 die
2134 3014 2300 3084 vicesimo
2316 3015 2455 3108 quinto,
2481 3015 2595 3110 quiin

566 3121 721 3208 dederit,
745 3134 810 3191 etc.
860 3116 979 3190 Huius
1002 3117 1166 3187 immensi
1189 3116 1320 3187 amoris
1343 3114 1557 3207 cogitatione
1609 3113 1831 3187 Calendariis
1860 3115 1998 3186 usitatis
2030 3112 2245 3196 Cathariuae
2278 3119 2353 3188 dies
2380 3129 2450 3200 est,
2494 3115 2592 3188 ludas

1818 2867 1940 2946 Facta
1956 2884 2044 2948 sont
2060 2885 2182 2947 antem
2200 2876 2387 2953 encaenia.

565 3227 798 3297 accendamus
812 3234 953 3315 pectora
968 3234 1109 3307 nostra,
1131 3219 1176 3290 ιιι
1186 3216 1262 3290 Deo
1277 3222 1472 3305 credamus,
1499 3218 1569 3287 inv
1610 3217 1844 3290 Maccabaeus
1884 3219 2054 3310 templum
2096 3221 2335 3311 recuperavit,
2382 3233 2426 3294 ,ιιι
2470 3222 2593 3310 legitur

509 3325 515 3333 ’
564 3351 731 3397 vocemus
749 3349 853 3410 eum,
877 3337 1099 3415 expectemus
1115 3323 1161 3394 ab
1180 3345 1222 3393 eo
1242 3323 1413 3404 salutem,
1440 3335 1475 3395 et
1490 3345 1556 3392 nos
1612 3322 1645 3392 1.
1663 3319 1821 3392 Maccab.
1837 3317 1872 3390 4.
1896 3334 1930 3391 et
1950 3321 2049 3391 addit
2076 3316 2244 3408 historia,
2280 3322 2483 3408 institutum
2512 3348 2594 3408 esse,

476 3446 499 3505 .’
563 3427 868 3501 εἰιιιιιίἰιίιιιιιιι.’
1193 3413 1202 3444 ’
1609 3438 1650 3497 ot
1666 3437 1751 3495 tunc
1768 3423 1933 3495 encaenia
1944 3426 2136 3517 quotannis
2159 3425 2421 3497 celebrarentur
2442 3426 2596 3498 octiduo.

1609 3526 1682 3599 Nec
1698 3550 1781 3597 vero
1797 3540 1927 3597 temere
1942 3529 2098 3612 addidit,
2125 3531 2221 3623 quod
2236 3529 2456 3620 recuperatio
2474 3530 2594 3621 templi

1609 3631 1777 3701 convenit
1798 3631 1842 3698 ad
1865 3643 2025 3720 tempus,
2050 3656 2122 3723 quo
2145 3644 2226 3730 post
2249 3632 2402 3701 reditum
2421 3656 2463 3701 ex
2478 3630 2597 3727 Baby·

666 3734 768 3804 Duae
791 3732 948 3825 insignes
965 3731 1161 3804 sententiae
1182 3727 1251 3802 hoc
1268 3731 1348 3801 loco
1365 3730 1556 3802 coutinen-
1609 3733 1692 3803 lone
1709 3732 1798 3803 iacta
1823 3745 1906 3803 suut
1925 3732 2155 3803 fundamenta
2183 3734 2324 3824 templi,
2348 3733 2515 3806 videlicet
2540 3736 2598 3803 die

565 3856 641 3913 tur:
667 3838 767 3932 prior
786 3839 832 3907 de
852 3850 969 3908 morte
989 3849 1205 3927 spontanea,
1230 3835 1338 3905 altera
1360 3836 1404 3904 de
1427 3845 1557 3903 natura
1609 3834 1775 3905 vicesimo
1792 3848 1916 3928 quarto
1932 3832 2160 3921 Novembris,
2189 3851 2229 3909 ut
2246 3830 2440 3905 Zachariae
2456 3838 2493 3910 2.
2510 3837 2598 3927 legi-

565 3943 689 4015 divina
711 3939 750 4008 iu
771 3936 925 4014 Christo.
976 3937 1111 4023 Nemo,
1146 3936 1283 4029 iuquit,
1319 3937 1437 4010 aufert
1457 3960 1477 4007 a
1499 3958 1557 4005 me
1608 3953 1679 4010 tur.
1721 3935 1804 4007 ldeo
1822 3938 1989 4007 encaenia
2006 3939 2225 4010 arbitrantur
2238 3940 2406 4009 nonnulli
2422 3939 2598 4011 celebrata

566 4044 743 4127 animam,
769 4041 804 4112 id
830 4055 898 4133 cst,
924 4043 990 4113 etsi
1006 4040 1141 4110 morior
1154 4062 1219 4130 pro
1238 4036 1464 4124 homiuibus,
1501 4051 1556 4108 ta·
1608 4040 1734 4124 foisse,
1759 4040 1865 4109 etiam
1879 4052 1961 4111 ante
1977 4038 2225 4131 Maccabaeos,
2252 4042 2370 4111 sedab
2387 4055 2468 4111 ntra
2486 4038 2598 4113 histo-

565 4171 650 4217 men
667 4145 790 4214 volens
810 4145 846 4213 id
869 4144 1015 4229 faciam,
1036 4143 1174 4213 nullius
1194 4156 1374 4213 creaturae
1394 4140 1555 4234 potentia
1608 4144 1660 4213 ria
1676 4142 1817 4214 initium
1835 4157 1888 4213 est
1904 4144 2175 4225 encaeniorum,
2199 4159 2339 4235 tempus
2354 4145 2536 4233 congruit,
2558 4158 2598 4217 ut

705 3594 710 3601 ’
777 3593 899 3673 Nemo
913 3594 1015 3669 tollit
1030 3620 1110 3667 eam
1129 3620 1154 3667 o
1168 3619 1244 3680 me,
1270 3605 1334 3668 etc.

436 4266 440 4275 ·
565 4251 603 4318 vi
624 4243 714 4317 mihi
739 4246 901 4317 animam
921 4245 1057 4338 eripere
1078 4259 1214 4336 posset,
1242 4243 1332 4316 sicut
1353 4240 1477 4315 Esaias
1492 4244 1555 4319 ⁵3.
1607 4246 1700 4332 dixi,
1723 4258 1756 4315 et
1773 4257 1886 4315 textus
1901 4247 2118 4317 mentionem
2133 4247 2217 4317 facit
2231 4241 2370 4317 hiemis.

564 4350 700 4445 inquit:
727 4345 882 4420 Oblatus
898 4365 968 4431 est,
994 4348 1076 4442 qnia
1094 4346 1218 4417 voluit.
1257 4342 1304 4417 Et
1316 4348 1360 4416 ad
1377 4342 1510 4439 Philip.
1518 4346 1561 4421 Ξῖ
1710 4346 1831 4437 Quare
1847 4348 1933 4417 utile
1949 4362 1998 4417 est
2016 4348 2305 4441 meminisseque
2324 4372 2444 4419 mense
2464 4349 2600 4421 fuerint

452 4503 455 4514 ·
564 4454 712 4525 dicitur:
747 4450 911 4543 Seipsucn
937 4450 1150 4534 exinanivit,
1174 4449 1326 4519 formam
1347 4448 1441 4518 servi
1462 4449 1555 4518 acci·
1608 4445 1977 4548 e‘yaoc'eco,videlicet
1991 4450 2198 4523 Novembri.
2239 4446 2598 4544 Fuitquehaecprn-

563 4557 685 4649 piens,
719 4548 924 4624 humiliavit
954 4578 1009 4633 se,
1042 4554 1156 4623 factos
1180 4550 1351 4623 obediens
1373 4552 1553 4646 usquead
1607 4554 1700 4623 xima
1718 4546 1831 4621 hiems
1846 4566 1926 4621 ante
1942 4554 2139 4645 passionem
2157 4548 2306 4627 Christi.

563 4671 728 4728 mortem.
800 4652 837 4736 Ο
870 4651 1265 4747 incomprehensibilem
1300 4648 1552 4727 humilitatem.
1707 4651 1827 4745 Ipsum
1843 4678 1926 4724 vero
1945 4656 2072 4726 festum
2089 4656 2290 4727 institutum
2306 4669 2379 4742 est,
2406 4668 2447 4727 ιιι
2462 4680 2599 4725 memo-

563 4758 679 4830 Filius
691 4758 760 4828 Dei
782 4759 940 4852 aequalis
961 4773 1104 4827 aeterno
1120 4758 1215 4850 patri
1237 4756 1381 4827 subiicit
1394 4780 1433 4827 se
1447 4758 1553 4849 patri,
1606 4757 1659 4827 ria
1692 4741 1928 4829 celebrarcttir
1960 4782 2023 4828 sen
2057 4758 2265 4844 instaurati,
2305 4782 2367 4829 seu
2400 4758 2598 4851 recuperati

564 4860 756 4932 derivatio
771 4862 912 4931 sciram
927 4858 994 4930 Dei
1009 4862 1310 4931 adversusuostra
1325 4874 1476 4952 peccata,
1500 4860 1554 4928 ia·
1606 4859 1747 4951 templi,
1783 4860 1822 4928 in
1843 4884 1911 4951 qna
1938 4860 2091 4929 docendi
2115 4876 2218 4932 erant
2245 4857 2427 4943 homines,
2459 4884 2598 4954 semper

564 4978 618 5035 cet
637 4976 833 5054 prostratus
847 4962 1076 5049 coramDeo,
1101 4964 1202 5057 qarasi
1223 4964 1484 5033 contaminatus
1499 4984 1554 5031 es-
1605 4961 1817 5032 mirabiliter
1841 4959 2034 5033 Ecclesiam
2058 4964 2168 5036 aDeo
2188 4965 2367 5034 defensam
2392 4979 2427 5036 et
2450 4964 2598 5035 restitu-

563 5081 617 5137 set
640 5064 713 5133 illis
736 5064 821 5154 ipsis
844 5067 1055 5152 sceleribus,
1083 5092 1174 5160 quae
1196 5089 1263 5137 uos
1283 5066 1459 5136 lecimus:'
1485 5060 1554 5135 hoc
1605 5078 1676 5135 tam
1693 5089 1785 5149 esse,
1810 5077 1846 5135 et
1862 5059 2050 5151 hortandi,
2077 5080 2117 5137 ut
2133 5080 2277 5157 agerent
2291 5066 2420 5157 gratias
2437 5064 2531 5153 Deo,
2561 5078 2596 5134 et

562 5192 655 5238 onus
679 5168 793 5237 molto
816 5168 930 5239 mains
956 5170 1163 5240 ibit-morte
1188 5167 1359 5260 corporis.
1408 5166 1552 5259 Cogite·
1606 5182 1764 5261 peterent
1782 5168 2075 5258 gubernationem
2092 5184 2124 5240 et
2146 5169 2388 5241 defensionem
2404 5164 2598 5241 Ecclesiae.

564 5292 644 5340 mus
666 5292 750 5359 ergo
770 5296 876 5363 qctarn
896 5274 1019 5363 procul
1041 5296 1078 5342 se
1096 5271 1263 5342 deiecerit
1286 5271 1381 5341 filius
1399 5267 1486 5356 Dei,
1511 5283 1553 5341 ut
1707 5268 1804 5339 Haec
1830 5270 1997 5340 encaenia
2011 5285 2065 5350 ¹‚et
2087 5274 2173 5343 tuuc
2201 5268 2368 5343 Christos
2394 5270 2596 5354 celebravit,

562 5394 793 5461 agnoscamus
808 5399 970 5462 maguam
989 5398 1063 5445 esse
1086 5375 1176 5444 iram
1194 5373 1262 5445 Dei
1278 5377 1448 5443 adversus
1468 5396 1552 5462 pec·
1604 5368 1700 5443 haud
1729 5372 1837 5442 dubie
1860 5373 1990 5461 gratias
2019 5372 2126 5463 agens
2149 5372 2249 5459 Deo,
2280 5374 2378 5469 qnod
2399 5370 2595 5443 Ecclesiam

561 5488 699 5551 catum.
724 5498 765 5544 ac
779 5478 909 5567 gratias
930 5477 1122 5549 redemtori
1137 5500 1301 5566 agamus,
1326 5489 1362 5546 et
1377 5497 1445 5544 nos
1460 5500 1553 5568 quo-
1604 5488 1782 5545 aeteruam
1802 5498 1844 5542 ex
1873 5498 2000 5563 genere
2023 5472 2182 5549 hnmano
2208 5477 2372 5567 elegerit,
2399 5477 2497 5569 quod
2520 5498 2594 5545 non

561 5600 632 5671 que
664 5577 744 5649 Deo
780 5581 1026 5666 subiiciarous,
1057 5580 1121 5674 qui
1152 5602 1285 5671 poenas
1308 5578 1554 5670 multipliciter
1605 5600 1751 5670 prorsus
1766 5576 1932 5648 abiecerit
1949 5602 2060 5665 genus
2073 5576 2271 5651 humanum
2287 5592 2368 5672 post
2381 5580 2532 5672 lapsum,
2553 5591 2596 5647 ut

560 5679 766 5754 meruimus.
1605 5678 1769 5750 diabolus
1786 5690 1837 5748 est
1850 5680 2027 5767 abiectus,
2053 5685 2149 5775 quod
2167 5682 2374 5753 mediatoris
2396 5704 2516 5772 preces
2529 5702 2594 5751 so-

659 5777 782 5855 Altera
805 5808 886 5877 pars
902 5784 988 5854 dicti
1012 5797 1064 5854 est
1087 5782 1330 5853 testimoninm
1352 5784 1398 5853 de
1418 5778 1553 5856 Christi
1606 5782 1730 5873 dierit,
1757 5782 1853 5875 qnod
1870 5804 2009 5875 semper
2022 5782 2215 5855 Ecclesiam
2237 5785 2453 5856 mirabiliter
2476 5804 2593 5853 serra-

558 5882 765 5958 diviuitate:
791 5885 918 5959 Habeo
933 5887 1135 5956 facultatem
1151 5888 1338 5978 ponendae
1351 5885 1503 5970 animae,
1518 5898 1554 5957 et
1597 5886 1698 5958 verit.
1731 5882 1916 5975 Cogitabat
1931 5885 2037 5958 etiam
2053 5883 2217 5959 Christus
2229 5889 2349 5959 futura
2368 5910 2450 5957 vera
2468 5876 2591 5982 tyani-
