5825 6950
333 698 399 777 att

603 693 707 773 xtn
758 696 796 773 a.
828 688 1129 772 ammento
1155 689 1311 773 nassa.
1336 688 1486 767 raum
1512 684 1580 767 ao
1601 630 1870 769 nonanus.
1919 688 2028 771 cae.
2053 697 2083 771 1.

2283 688 2364 781 bat

279 968 280 975 ἵ
334 884 473 967 propter
493 860 696 965 qnasileus
720 890 880 962 expressa
903 850 1106 941 voce'ltanc
1128 869 1240 961 ipsam
1263 868 1316 939 le-
1365 827 1595 952 interiorem,
1629 866 1850 937 sermionem
1874 876 1897 939 'a
1917 866 2013 956 Deo,
2044 854 2288 945 dubitationes
2310 880 2356 947 de

279 1002 280 1027 ¹
333 987 523 1069 gementes
546 974 585 1043 iu
616 974 796 1045 creatione
818 973 998 1045 mentibus
1018 972 1180 1056 insitam,
1214 994 1315 1065 repe-

279 1096 281 1165 t
331 1078 427 1161 tivit,
442 1090 477 1149 et
493 1076 694 1147 testimonia
712 1076 864 1149 illustria
881 1074 1039 1160 addidit,
1063 1087 1098 1147 et
1110 1074 1218 1145 scribi
1234 1096 1312 1144 eam

329 1180 445 1271 tonte,
497 1176 590 1248 Nam
612 1192 691 1269 post
716 1192 865 1250 naturae
889 1172 1067 1248 hnmanae
1089 1176 1313 1269 depravatio·

328 1306 404 1353 uem
429 1282 469 1349 in
491 1280 672 1351 mentibus
691 1293 743 1353 est
763 1281 895 1370 caligo,
929 1293 972 1352 et'
988 1280 1140 1349 multum
1157 1278 1313 1367 ,dubita-

329 1386 477 1455 tionnm.
517 1378 566 1453 Et
582 1382 755 1477 paulatim
773 1384 864 1453 mala
881 1378 1040 1471 exempla
1053 1382 1240 1471 tangebant
1255 1404 1313 1451 ca-

329 1486 481 1577 liginem.
549 1482 619 1557 Sed
640 1486 685 1555 de
713 1480 770 1555 ltia
795 1484 953 1556 materiis
983 1483 1071 1552 alibi
1102 1504 1204 1575 saepe
1228 1484 1313 1558 dixi.

328 1584 370 1659 tlt
388 1588 529 1659 discant
551 1586 730 1673 iuniores,
765 1588 852 1680 quid
883 1606 966 1655 vere
984 1585 1029 1653 sit
1053 1583 1127 1657 Lex
1153 1599 1313 1670 naturae,

278 1714 280 1767 t
328 1704 357 1759 et
373 1703 518 1760 teneant
533 1689 690 1779 regulam
706 1710 727 1759 s
743 1688 924 1760 veteribus
945 1687 1129 1761 traditam:
1155 1687 1311 1758 Violatio

278 1774 284 1931 ⁴
327 1792 410 1863 iuris
425 1806 576 1863 naturae
590 1802 639 1862 cst
657 1804 840 1885 peceatum
862 1789 1035 1882 mortale,
1062 1790 1153 1862 sicut
1167 1790 1311 1861 violatio

278 1934 283 1947 ·
329 1895 554 1967 iurisdivlni.

404 2054 522 2159 Quod
543 2054 642 2131 tolia
657 2056 846 2159 sarcientes
871 2050 984 2153 digni
1004 2063 1118 2127 morte
1140 2055 1228 2127 sint.

278 2178 280 2245 l
423 2196 522 2269 Mira
545 2196 703 2287 prolecto
723 2186 898 2266 sententi'a
923 2205 995 2279 est,
1021 2195 1115 2286 quod
1140 2190 1210 2276 ait,
1243 2184 1310 2259 bo·

278 2260 280 2351 i
326 2302 435 2371 mines
457 2298 669 2369 naturaliter
698 2296 916 2387 intelligere,
951 2296 1078 2385 dignos
1099 2307 1214 2364 morte
1237 2314 1310 2363 esse

326 2424 463 2487 omncs,
499 2400 560 2495 qni
585 2399 721 2469 violant
744 2400 838 2489 leges
862 2410 1022 2471 naturae.
1080 2395 1152 2469 Sed
1176 2393 1311 2465 Paulus

324 2530 394 2575 nou
411 2506 573 2597 loquitur
591 2505 635 2571 de
651 2501 794 2592 politica
809 2498 1088 2590 gubernatione,
1115 2520 1207 2593 quae
1229 2510 1310 2567 tan·

327 2622 395 2681 tum
410 2622 554 2677 externa
575 2605 667 2674 iacta
689 2604 811 2695 punit:
839 2600 973 2671 Verum
995 2602 1040 2671 de
1064 2600 1197 2673 iudicio
1223 2622 1308 2691 pru·

1365 968 1461 1057 Deo,
1487 991 1628 1041 coccam
1643 971 1886 1057 securitatem,
1910 984 1946 1042 et
1965 986 2184 1046 contemtum
2209 976 2295 1064 Dei,
2319 991 2354 1051 el

1364 1096 1491 1143 ornnes
1506 1094 1634 1173 pravas
1648 1072 1920 1158 inclinationes,
1947 1085 1982 1144 et
2005 1088 2163 1147 errantes
2176 1080 2353 1171 cupidita·

1364 1189 1427 1251 tes.
1479 1174 1565 1247 ldco
1582 1187 1720 1245 teneaat
1733 1198 1807 1245 nou
1822 1178 1938 1245 solum
1952 1176 2142 1266 iacientes,
2156 1182 2216 1251 sed
2234 1182 2352 1271 etiant,

1362 1291 1402 1349 ut
1416 1273 1476 1349 hic
1498 1278 1679 1365 nominet,
1704 1274 2043 1365 συνευδοκοῦπας,
2068 1282 2105 1349 id
2130 1295 2199 1368 est,
2223 1284 2350 1376 quiin

1362 1402 1424 1450 sua
1439 1396 1568 1451 nutura
1585 1380 1717 1451 similia
1732 1380 1818 1450 vitia
1834 1393 2004 1467 cernunt,
2020 1396 2055 1453 ct
2068 1384 2114 1451 ab
2129 1383 2180 1452 cis
2194 1406 2270 1455 non
2285 1388 2351 1455 ab·

1362 1477 1527 1568 ltorrent,
1551 1506 1618 1552 nec
1635 1482 1782 1567 dolent,
1808 1506 1888 1552 enm
1908 1484 2102 1555 titillantur
2125 1480 2183 1555 his
2206 1488 2279 1557 suis
2295 1488 2351 1556 vi·

1362 1586 1432 1657 tii's.
1485 1584 1693 1676 Erumpunt
1709 1598 1826 1655 autent
1843 1584 1904 1653 alii
1923 1586 2080 1656 adlectus
2095 1586 2134 1655 in
2150 1588 2240 1661 aliis.
2283 1587 2350 1662 At·

1361 1687 1450 1757 ticus
1466 1710 1540 1757 non
1559 1701 1610 1757 est
1629 1687 1801 1769 incestus,
1826 1710 1901 1755 non
1918 1688 2000 1756 iecit
2016 1690 2156 1757 caedem
2173 1692 2351 1779 manibus,

1361 1791 1420 1858 scd
1446 1804 1563 1859 tamen
1592 1788 1751 1873 dubitat,
1785 1809 1832 1857 an
1855 1786 1952 1858 Dens
1973 1801 2071 1860 castet
2090 1784 2268 1877 bumana,
2301 1816 2349 1863 an

1361 1892 1503 1982 puniat,
1529 1916 1574 1961 an
1596 1890 1759 1959 exaaudiat
1782 1886 1966 1973 homines,
1998 1894 2128 1979 gaudet
2149 1894 2218 1961 sibi
2241 1896 2349 1965 eximi
2430 1952 2435 1957 .

1361 2006 1493 2064 metum
1519 1992 1642 2062 iudicii
1661 1992 1776 2060 divini
1805 1989 2014 2062 academicis
2034 1994 2349 2084 disputationibus,

1361 2098 1499 2187 quaerit
1520 2118 1620 2166 suam
1648 2095 1943 2186 tranquillitatem
1965 2095 2043 2164 sine
2065 2097 2245 2183 agnitione
2266 2095 2348 2185 Dei,

1360 2213 1394 2269 et
1410 2199 1517 2268 sentit
1533 2200 1626 2286 ipse,
1652 2219 1688 2266 se
1705 2192 1837 2267 habere
1850 2196 1978 2268 multos
2000 2210 2119 2267 motus
2140 2200 2347 2272 aberrantes

1359 2324 1377 2369 a
1393 2300 1469 2389 lege
1484 2314 1639 2369 naturae.
1940 2349 1946 2360 .

1452 2393 1630 2471 'Nominat
1655 2400 1750 2469 enim
1774 2396 1907 2471 Paulus
1931 2396 1991 2471 bic
2014 2398 2348 2493 συνευδοκοῦντας,

1359 2525 1431 2574 non
1456 2517 1496 2573 nt
1517 2504 1555 2572 in
1579 2505 1657 2572 loro
1682 2502 1854 2587 dicimus,
1880 2505 2156 2587 consentientes,
2182 2508 2245 2601 qui
2268 2532 2347 2578 ma-

1358 2607 1484 2678 nileste
1515 2604 1687 2687 adiuvant
1715 2615 1776 2674 aut
1798 2604 1995 2675 defenduut
2018 2606 2170 2677 aliorum
2195 2610 2346 2681 scelera:

327 2710 400 2801 prio
431 2710 471 2777 iu
503 2707 674 2799 cuiusque
712 2704 944 2789 conscientia,
991 2702 1154 2774 intuente
1180 2698 1308 2773 Deum.
1358 2710 1417 2778 sed
1440 2731 1520 2791 cos,
1555 2706 1616 2801 qui
1639 2707 1678 2774 in
1701 2728 1763 2775 sna
1796 2721 1929 2778 nattrra
1949 2707 2142 2779 titillantur
2168 2711 2348 2781 similibus

327 2814 372 2882 bc
403 2810 520 2881 multo
551 2808 658 2877 allius
688 2806 890 2896 introspicit
929 2818 1065 2875 mentes
1105 2800 1308 2889 bominum,
1358 2810 1671 2887 inclinationibus,
1698 2808 1835 2877 etiamsi
1851 2832 1908 2877 eas
1926 2830 1999 2877 non
2017 2813 2214 2901 proferunt.
2253 2809 2347 2882 Nam

328 2934 427 3007 qttam
460 2911 519 2980 vel
541 2906 729 3001 Epicurei,
763 2908 820 2977 vti
842 2902 1076 3003 thypoctiltts
1108 2906 1172 3001 qui
1195 2906 1308 2977 temti
1358 2908 1521 2986 εὐδοκεῖι·
1539 2908 1752 3003 generaliter
1768 2923 1830 2994 est,
1845 2910 2021 2980 benevolo
2036 2913 2158 2983 animo
2175 2902 2249 2982 esse
2265 2936 2348 3005 erga

326 3014 459 3087 etebrii
477 3011 741 3102 voluptatibus,
761 3032 835 3079 non
857 3023 940 3079 nint
960 3006 1095 3097 experti
1118 3029 1221 3077 veros
1244 3030 1308 3099 pa·
1357 3015 1514 3108 aliquid,
1551 3028 1593 3084 ot
1614 3006 1889 3106 εὐδοχεῐξὲγῳ,
1923 3012 1960 3081 id
1984 3026 2054 3093 est,
2094 3029 2148 3086 cst
2169 3016 2345 3086 benet-010

327 3114 683 3188 roreseonscientiac.
735 3112 816 3183 Non
842 3110 973 3181 iudicat
995 3110 1101 3195 Saul,
1135 3131 1172 3178 se
1194 3124 1308 3180 morte
1356 3118 1479 3185 animo
1503 3138 1583 3205 erga
1609 3110 1804 3203 hospitem,
1838 3136 1912 3182 non
1938 3126 1991 3185 est
2014 3114 2130 3184 aliena
2155 3116 2349 3191 voluntate.

277 3288 279 3301 ,
327 3220 468 3311 dignum
494 3238 587 3297 este,
629 3238 709 3285 cum
741 3224 863 3283 contra
894 3215 1103 3282 mandatum
1129 3209 1306 3283 Samuelis
1357 3213 1507 3289 εὐδοκεῖ
1526 3210 1753 3315 teyopse'rotc,
1785 3214 1911 3306 recipit
1933 3216 2040 3289 dicta.
2091 3216 2234 3287 Atticus
2256 3238 2349 3290 συγ.

276 3318 279 3389 t
328 3320 433 3414 parcit
447 3320 519 3409 regi
537 3316 688 3409 captivo.
740 3314 809 3386 Sed
838 3327 925 3386 tunc
949 3314 1109 3403 agnoseit
1124 3314 1306 3383 conscien·
1356 3315 1506 3393 sodomi
1533 3309 1753 3417 φιλοσόφοις
1779 3318 2011 3411 καταγελῶσι
2041 3320 2122 3390 τῶν
2150 3312 2353 3393 πιστεύον-ι

328 3423 388 3510 tia,
414 3420 602 3516 quodlibet
618 3430 799 3513 peecatum
815 3430 931 3489 morte
945 3418 1093 3506 dunum
1113 3437 1205 3498 csse,
1224 3438 1304 3486 cum
1354 3446 1456 3514 των,
1491 3417 1586 3495 εἶναι
1607 3413 1779 3513 τιμορίας
1799 3415 1906 3500 τινὰς
1929 3412 2140 3516 ἀνθρώπω
2157 3416 2252 3513 μετὰ
2272 3414 2349 3513 θά.

277 3532 284 3555 ·
330 3525 481 3597 intuetur
500 3519 636 3608 Deum,
671 3533 704 3590 et
736 3521 843 3592 sentit
866 3520 956 3589 iram
980 3519 1066 3604 Dei,
1097 3531 1134 3590 ct
1154 3531 1306 3608 reputat,
1354 3549 1485 3600 νατον.
1552 3521 1607 3594 Ex
1638 3522 1769 3593 talibus
1797 3522 1966 3613 exemplis
2003 3523 2103 3594 verbi
2136 3523 2347 3616 significatio

329 3642 494 3722 quamum
517 3625 650 3694 malum
673 3623 720 3694 sit
743 3623 917 3713 neglectio
931 3619 1016 3705 Dei,
1041 3620 1099 3690 acl
1120 3631 1305 3691 conturna·
1353 3629 1437 3699 satie
1455 3626 1609 3718 intelligi
1625 3635 1751 3718 potest.

279 3764 284 3773 ·
329 3731 375 3799 cia
389 3723 700 3800 adversuslleum.
751 3725 793 3794 ln
817 3719 885 3794 hoc
905 3723 1039 3794 iudicio
1060 3721 1184 3794 vident
1204 3745 1305 3793 mcu-

276 3788 285 3928 Ι
325 3843 386 3916 tes,
409 3842 592 3923 peecatum
617 3849 691 3896 ease
711 3849 786 3896 non
802 3838 940 3897 tanturn
956 3825 1216 3896 deformitatem
1231 3826 1303 3896 dis-

326 3933 526 4004 sentientem
556 3930 602 4000 ab
634 3925 821 3999 harmonia
853 3939 1020 4012 naturae,
1050 3929 1110 3997 scd
1133 3927 1303 4020 quiddam

276 4093 278 4100 ,
326 4057 436 4116 mum,
463 4045 498 4103 et
515 4035 722 4102 damnatum
738 4055 855 4103 coram
873 4031 973 4111 Deo,
999 4041 1035 4099 ct
1058 4025 1151 4099 hanc
1165 4042 1303 4099 sontem

324 4151 481 4208 nstmam
496 4147 642 4227 propter
658 4146 873 4204 contemtum
882 4130 949 4203 Dei
964 4133 1108 4221 dignam
1126 4153 1200 4200 csse
1218 4127 1305 4203 hor·
1356 4129 1502 4220 proprie
1529 4125 1765 4216 pertinentem
1788 4126 1831 4192 ad
1851 4119 1944 4194 banc
1968 4127 2226 4196 accusationem
2256 4129 2349 4199 intc-

277 4299 278 4304 ,
323 4241 436 4309 randis
454 4235 579 4328 poenis
594 4249 630 4306 et
647 4235 897 4308 destructione.
949 4232 1065 4304 Adam
1088 4243 1302 4323 cnmgusta·
1348 4229 1492 4302 'riorum
1513 4228 1696 4298 vitiorum.
1763 4223 1860 4316 Ergo
1884 4235 1920 4296 et
1940 4239 2004 4311 tu,
2037 4229 2100 4320 qni
2122 4227 2276 4310 indicas,
2309 4229 2348 4299 id

322 4355 368 4414 ret
396 4360 547 4434 pomum
578 4351 700 4408 eontra
730 4337 958 4422 mandatum,
990 4335 1231 4418 existimabat,
1267 4336 1304 4404 id
1355 4347 1404 4404 est
1414 4384 1427 4418 ,
1452 4331 1514 4425 qui
1532 4350 1736 4424 quanquam
1752 4350 1827 4397 non
1844 4330 1931 4397 iacis
1945 4342 2087 4398 esterna
2106 4330 2258 4411 scelera,
2284 4335 2347 4400 sed

276 4467 277 4476 ¹
321 4443 447 4514 lactum
472 4463 547 4510 non
567 4440 687 4529 magni
711 4439 884 4508 momenti
905 4459 991 4508 esse.
1044 4435 1213 4507 Nondum
1239 4431 1305 4509 bos
1354 4435 1530 4506 tamenin
1554 4443 1673 4500 mente
1696 4443 1732 4500 ct
1753 4433 1862 4500 eorde
1882 4431 2034 4499 similem
2059 4426 2168 4500 habes
2189 4432 2348 4501 immun·

320 4539 516 4614 horrendos
531 4556 683 4611 tmrures
700 4539 934 4610 conscientiae
950 4551 1113 4630 expertus
1128 4553 1216 4625 crat,
1241 4541 1305 4634 qui
1355 4537 1495 4618 ditium,
1520 4555 1603 4602 reus
1619 4553 1656 4600 es
1667 4555 1787 4602 coram
1804 4531 1893 4604 Deo.

318 4639 405 4716 ltsnc
427 4645 593 4716 miseram
624 4657 788 4713 naturam
812 4643 1021 4735 opprimunt
1052 4654 1175 4713 morte.
1234 4641 1305 4712 Po-
1457 4635 1693 4731 Syllogismus
1712 4632 1849 4721 integer
1864 4646 1925 4701 est.
1977 4629 2021 4702 ln
2043 4632 2114 4701 line
2136 4631 2267 4722 prioris
2287 4615 2384 4704 ca·⁶

318 4761 389 4818 stea
415 4769 504 4816 vero
533 4745 739 4834 obiurgatus
768 4742 903 4828 aDeo,
945 4745 1091 4834 agnovit
1123 4755 1303 4834 peccatum
1356 4741 1440 4831 pitis
1468 4738 1637 4806 recitatur
1662 4736 1794 4804 maior:
1821 4733 1935 4824 Digni
1962 4746 2078 4803 morte
2104 4748 2187 4804 snut
2208 4757 2346 4815 omstes,

319 4871 389 4920 csse
419 4847 680 4939 neglectiunem
715 4868 777 4916 seu
812 4858 1028 4917 contemtum
1062 4842 1149 4928 Dei,
1197 4847 1305 4916 sensit
1355 4867 1435 4913 cum
1455 4835 1949 4917 externascelerafecieutes,
1976 4848 2154 4905 tumvero
2174 4835 2255 4917 alii,
2283 4837 2345 4928 qni

320 4951 417 5022 irasci
433 4949 572 5030 Deum,
598 4950 756 5039 expavit,
782 4963 815 5020 et
830 4949 1006 5021 extinctus
1021 4954 1110 5016 esset
1124 4948 1305 5037 magnitu-
1355 4945 1462 5014 lateas
1484 4940 1674 5032 opiniones
1697 4939 1741 5006 de
1767 4933 1843 5006 Deo
1865 4937 1902 5006 in
1928 4951 2047 5006 mente
2076 4938 2345 5024 circmniemut,

322 5055 401 5123 dine
424 5053 578 5132 doloris,
613 5051 682 5120 nisi
706 5051 828 5120 divina
864 5049 1098 5140 promissione
1126 5070 1168 5116 ex
1192 5064 1304 5119 morte
1355 5059 1388 5117 et
1408 5041 1540 5114 babent
1555 5042 1698 5110 vitiosas
1714 5040 1966 5108 inclinationes
1980 5039 2018 5106 in
2033 5042 2141 5106 corde
2162 5039 2344 5128 plurimas.

323 5165 621 5226 mocatnsesset.
670 5151 756 5238 Lea,
775 5152 893 5246 inquit
909 5151 1052 5235 Paulus,
1080 5163 1132 5218 est
1146 5151 1304 5242 potentia
1354 5147 1526 5240 Sequitur
1549 5144 1669 5211 minor
1688 5143 1726 5209 in
1749 5143 1905 5209 secundo
1927 5140 2056 5229 capite:
2083 5139 2142 5210 Tu
2164 5143 2225 5232 qui
2246 5142 2344 5211 indi-

322 5256 461 5344 peeeati.
497 5253 566 5350 'lta
589 5256 644 5324 lex
670 5266 817 5324 naturae
846 5256 884 5323 in
913 5253 1095 5323 mentibus
1116 5245 1301 5320 hominum
1352 5249 1585 5329 casalternm,
1607 5244 1693 5312 lacis
1710 5245 1844 5324 eadem,
1869 5243 1985 5318 idest,
2002 5241 2064 5332 qni
2083 5241 2174 5329 regis
2192 5238 2337 5314 honeste

324 5357 447 5429 iudicat
463 5371 496 5428 et
511 5360 659 5426 damnat
684 5371 874 5446 peccatum.
929 5351 975 5423 Et
997 5357 1035 5424 in
1052 5354 1144 5422 veris
1157 5353 1302 5444 pavori·
1354 5364 1515 5420 externas
1529 5347 1704 5427 actiones,
1725 5357 1759 5410 et
1775 5343 1910 5414 iudicas
1925 5364 1985 5410 eos
2002 5354 2139 5412 tantum
2156 5345 2342 5434 displicere

323 5457 382 5527 bus
394 5460 568 5544 ostendit,
593 5457 709 5528 Deum
732 5458 833 5528 irasci
856 5455 1024 5526 omnibns
1051 5457 1218 5548 peccatis,
1243 5475 1301 5524 ett-
1352 5451 1448 5536 Deo,
1473 5449 1536 5542 qui
1550 5447 1704 5518 externis
1719 5445 1857 5513 delictis
1875 5444 2002 5535 polluti
2019 5456 2122 5529 sunt,
2153 5468 2220 5514 nec
2238 5447 2340 5515 dam-

327 5563 426 5630 tcruis
441 5575 477 5631 et
495 5561 737 5638 interioribus,
1352 5577 1415 5622 nas
1439 5551 1612 5641 teipsum,
1652 5551 1712 5616 sed
1737 5546 1872 5616 imticas
1901 5559 1936 5615 te
1961 5546 2092 5615 iustum
2116 5568 2191 5616 esse
2219 5569 2339 5617 coram

414 5661 471 5734 De
502 5659 571 5732 hue
598 5681 683 5732 vero
712 5658 845 5730 indicio
873 5658 1037 5750 propriae
1064 5657 1300 5728 conscientiae
1355 5653 1432 5726 Deo
1455 5667 1601 5744 propter
1622 5663 1783 5720 externas
1802 5647 1958 5717 actiones
1974 5642 2159 5732 honestas,
2184 5648 2339 5719 saciata·

326 5761 474 5858 loquitur
495 5759 553 5834 bie
577 5761 725 5844 Paulus,
758 5785 799 5831 ac
831 5763 977 5831 damnet
1001 5781 1074 5828 uon
1098 5761 1214 5830 sulum
1240 5783 1296 5828 cx·
1350 5758 1593 5836 menradum,
1619 5753 1739 5832 idest,
1766 5747 1874 5819 babes
1891 5748 2021 5816 similia
2046 5748 2131 5817 vitia
2158 5749 2196 5817 in
2219 5763 2339 5820 mente

325 5877 411 5938 tama
427 5866 573 5948 delicta,
601 5867 662 5938 scd
683 5865 788 5936 etiarn
811 5863 1013 5934 universam
1033 5861 1296 5933 immunditiem
1348 5877 1381 5934 et
1397 5859 1521 5931 corde:
1546 5852 1699 5926 Dubitas
1713 5875 1760 5922 an
1776 5851 1871 5924 Dens
1886 5861 1986 5921 cunt
1999 5845 2175 5936 humana,
2200 5873 2246 5920 sn
2271 5875 2339 5946 pn-

1731 3869 1870 3982 Oaput
1904 3801 1987 3960 ΙΙ.Ι
2061 3941 2067 3951 .

1459 4024 1501 4094 ln
1519 4022 1666 4093 secundi
1681 4017 1818 4114 Capitis
1832 4023 1940 4092 initio
1955 4023 2056 4093 addit
2072 4023 2350 4113 conclusionem,
