5825 6950
354 710 404 787 stt
598 706 698 785 xttt.
751 708 786 785 b.
810 696 1112 783 minutato
1137 698 1298 781 namn.
1323 694 1475 775 PAULI
1499 691 1569 775 At)
1588 691 1855 777 hostanos,
1912 697 2021 785 CAP.
2049 704 2150 785 vttt.
2297 711 2375 791 962

434 876 577 960 Omitto
593 894 711 955 autem
728 878 1226 973 longioremdeclarationem
1247 877 1331 974 quia
1486 871 1646 948 Usitatus
1675 874 1776 947 locus
1797 891 1850 949 est
1869 880 2152 957 consolationum
2173 908 2373 981 proponere

351 984 561 1057 mediocriter
583 983 760 1058 institutis
775 1006 849 1053 nom
867 996 920 1055 cst
941 982 1098 1053 ditficitia
1123 984 1329 1057 considera·
1382 976 1543 1069 exempla
1564 976 1729 1049 ιὶωἰῑὶῑθῐ
1746 979 1981 1065 Ιῖῆἱῦῑῠωω,
1999 986 2083 1080 quia
2101 990 2294 1083 aequalitas
2316 997 2372 1065 vi-

350 1090 398 1163 tio.
445 1084 490 1157 ln
505 1084 664 1161 Ecclesia
681 1086 824 1157 eosdem
843 1086 940 1157 loona
955 1084 1242 1157 consolationum
1270 1108 1329 1154 re·
1381 1078 1487 1150 detur
1511 1098 1587 1149 esse
1608 1082 1783 1173 quaedam
1814 1082 1971 1171 iusticia,
2004 1088 2188 1177 videlicet,
2219 1098 2371 1191 nequis

263 1262 265 1284 ,
348 1193 424 1270 cito,
448 1191 511 1259 sed
534 1191 628 1261 addo
652 1188 743 1259 alios
767 1186 910 1280 proprie
934 1186 1169 1278 evangelicos.
1236 1184 1329 1257 Nam
1378 1194 1528 1271 appetat·
1552 1184 1855 1267 extraordinaria,
1892 1200 1928 1257 et
1953 1189 2040 1260 velit
2069 1193 2142 1261 frui
2173 1197 2371 1271 maioribus

266 1297 268 1304 ”
345 1286 572 1385 philosophici
605 1314 646 1361 ex
679 1289 768 1381 legis
795 1288 958 1361 doctrina
990 1289 1172 1362 orlontnr.
1246 1286 1328 1359 Non
1374 1284 1595 1370 commodis,
1636 1309 1744 1379 quam
1768 1287 1833 1357 alii
1861 1288 2020 1363 lortassis
2046 1294 2247 1383 digniores,
2285 1299 2368 1372 idco

345 1406 417 1467 suut
435 1394 546 1483 igitur
562 1392 788 1483 negligendi,
814 1393 875 1463 ssd
898 1404 1018 1463 tamen
1040 1390 1126 1463 addi
1149 1391 1329 1481 evangeti-
1378 1383 1627 1479 inquitElias:
1662 1385 1742 1458 Non
1756 1411 1835 1461 snm
1849 1390 1978 1462 melior
1990 1396 2151 1486 patribus
2164 1400 2264 1472 meis.
2315 1400 2369 1476 lta

345 1516 395 1567 cos
414 1506 567 1588 oportet.
630 1492 681 1567 Et
702 1492 836 1566 Paulus
858 1493 897 1563 in
925 1486 992 1565 hac
1022 1493 1267 1567 consolatione
1287 1517 1328 1563 cx
1377 1482 1439 1559 hic
1455 1489 1891 1581 argumentaturPaulus:

342 1598 408 1687 lege
431 1596 670 1670 etiam'snmit
690 1608 918 1687 argumenta,
942 1607 983 1667 nt
999 1618 1081 1667 oum
1105 1596 1150 1667 de
1166 1593 1328 1669 Necessi·
1533 1590 1715 1662 Perendae
1727 1607 1815 1666 sunt
1829 1617 2037 1668 communes
2052 1598 2234 1673 miseriaea

341 1712 405 1773 tate
416 1710 454 1773 et
468 1699 639 1793 exemplis
661 1698 763 1769 dicit.
1533 1691 1627 1765 Tota
1643 1716 1765 1767 mom
1781 1709 1909 1769 natura
1925 1722 2024 1771 nunc
2038 1702 2197 1775 subiecta
2213 1716 2268 1776 est
2286 1728 2368 1777 cnr-

638 1797 733 1873 Sunt
747 1799 857 1891 igitur
872 1794 912 1869 lsi
929 1798 1001 1871 loci
1010 1824 1018 1871 t
1584 1796 1679 1867 tioni
1701 1810 1737 1869 et
1749 1799 1878 1873 abusui
1893 1799 2104 1892 impiorum,
2130 1818 2164 1875 et
2178 1806 2286 1896 gemit
2301 1831 2369 1879 no·

436 1900 473 1975 l.
499 1896 713 1987 Necessitas,
739 1902 825 1997 quia
845 1898 921 1973 Deo
939 1922 1080 1971 neccsse
1104 1900 1162 1985 est}
1171 1900 1328 1986 obedire,
1586 1898 1745 1986 hiscum,
1766 1904 1828 1973 sed
1843 1916 2002 1995 expectat
2017 1903 2280 1984 liberationem.

486 2000 583 2076 iusta
605 2004 766 2077 dictum:
808 2000 1063 2075 Humiliamirsi
1092 2002 1159 2076 sub
1189 2004 1327 2095 potenti
1531 1998 1628 2091 Ergo
1652 2014 1686 2073 et
1707 2026 1774 2074 nos
1797 2006 1953 2076 seramus
1968 2020 2103 2097 partem
2123 2010 2368 2083 communium

486 2126 597 2175 mann
618 2102 715 2193 Dei,
755 2117 791 2177 et
816 2100 903 2177 haee
926 2104 1131 2178 obedientia
1154 2104 1194 2179 lit
1213 2104 1326 2177 sacri·
1585 2103 1834 2188 miseriarnm,
1882 2119 1919 2178 et
1964 2101 2187 2201 expectemus
2234 2112 2369 2203 libera·

485 2204 618 2277 ficium.
1581 2204 1730 2276 tionern.

432 2308 468 2379 2.
505 2303 700 2399 Dignitatis
742 2306 885 2379 virtutis
925 2308 1156 2380 antetmnda
1196 2308 1327 2395 dolori,
1483 2302 1527 2375 In
1549 2300 1618 2377 hoe
1648 2305 1906 2406 prosopopoeia
1938 2312 2224 2402 consideremus,
2263 2318 2369 2413 quale

485 2432 570 2481 narn
598 2408 667 2482 hoc
686 2432 829 2504 qnoque
855 2410 912 2481 les
934 2410 1129 2505 praecipit,
1161 2434 1208 2483 ne
1226 2411 1327 2485 fracti
1377 2404 1423 2476 all
1447 2402 1516 2477 hoe
1537 2402 1681 2495 πάθος,
1706 2423 1739 2482 el
1760 2433 1867 2502 quam
1893 2412 1999 2484 dulce
2020 2432 2269 2506 argumentum
2282 2444 2369 2493 con·

485 2511 611 2582 dolore
626 2512 757 2583 iniusta
773 2512 956 2587 faciamus,
1377 2507 1515 2583 tinuat:
1541 2511 1591 2581 ait
1609 2533 1749 2599 gemere
1772 2526 1938 2583 naturam
1962 2539 2094 2589 rerum.
2145 2515 2224 2593 Etsi
2247 2536 2369 2596 autern

433 2612 470 2683 8.
496 2608 598 2684 Bona
618 2613 844 2687 conscientia.
1068 2624 1075 2633 “
1377 2610 1515 2682 coelum
1540 2625 1576 2683 et
1595 2626 1689 2683 terra
1713 2627 1797 2687 suot
1809 2614 1887 2686 sine
1901 2638 2029 2701 sensu,
2051 2633 2171 2691 tamen
2187 2626 2368 2716 corruptio

434 2711 471 2787 t.
500 2712 694 2788 Promissio
712 2716 935 2792 remissionis
955 2728 1181 2811 peccatorum
1207 2726 1244 2787 et
1268 2736 1327 2785 re-
1377 2724 1411 2785 et
1426 2708 1600 2786 horrendi
1615 2715 1748 2805 abusus
1770 2739 1891 2789 rernm
1914 2719 1954 2791 in
1975 2723 2114 2793 mundo
2133 2738 2217 2797 sunt
2241 2726 2369 2799 tristis-

486 2818 761 2889 conciliationis.
1377 2812 1465 2887 sima
1480 2816 1693 2911 spectacula,
1724 2832 1759 2889 et
1772 2820 1879 2893 dolor
1892 2835 1945 2893 est
1961 2822 2002 2893 in
2015 2826 2147 2897 sanctis
2165 2828 2370 2920 aspicienti-

434 2915 470 2989 6.
493 2917 688 2991 Promissio
714 2919 839 2995 anxilii
863 2919 1002 3005 divini,
1028 2918 1262 3011 mitigationis
1286 2943 1327 2992 sc
1377 2918 1442 2987 bns
1467 2911 1560 2989 hanc
1581 2921 1867 3005 deformitatem,
1907 2936 1944 2995 et
1972 2926 2212 3015 cogitantibus
2231 2953 2368 3004 musas:

399 3076 403 3087 .
484 3022 703 3113 praesentiae
717 3020 785 3093 Dei
801 3023 840 3091 in
861 3022 947 3114 ipsis
965 3023 1159 3096 aerumnis.
1376 3014 1475 3090 hunc
1497 3021 1658 3093 dolorem
1681 3024 1849 3097 transfert
1874 3025 1918 3095 ad
1941 3025 2054 3119 ipsam
2069 3053 2188 3100 rernm
2204 3045 2369 3105 naturam
2512 3024 2516 3033 ’

436 3122 470 3195 6.
505 3122 700 3198 Promissio
721 3124 945 3195 liberationis
965 3123 1081 3195 finalis
1106 3138 1142 3197 et
1163 3138 1325 3195 aeternae
1376 3120 1415 3189 in
1438 3117 1506 3193 hac
1527 3126 1796 3216 prosopopoeia.
1862 3124 1945 3203 Non
1969 3128 2139 3203 dolebant
2161 3134 2257 3203 rnnri
2285 3157 2370 3225 pro·

484 3226 609 3297 salutis
616 3274 627 3311 ,
655 3225 746 3299 sicut
764 3226 830 3300 Iob
845 3226 979 3320 inquit:
1014 3224 1165 3299 Etiamsi
1187 3227 1326 3298 occidet
1375 3216 1535 3315 phanato
1556 3226 1689 3319 templo
1713 3225 1971 3323 ierosolymae,
1995 3232 2056 3302 sed
2082 3232 2251 3307 dolebant
2267 3234 2370 3309 Mac·

484 3351 560 3409 me,
583 3330 735 3420 sperabo
752 3328 790 3397 in
810 3351 864 3399 eo.
1376 3326 1496 3396 sabaei
1511 3342 1545 3399 et
1559 3327 1622 3399 alii
1645 3330 1778 3411 sancti,
1805 3330 1964 3402 videntes
1984 3326 2078 3405 hanc
2095 3348 2225 3405 terram
2250 3338 2369 3411 delor-

420 3426 469 3502 =7.
502 3426 675 3524 Exempla
691 3430 754 3502 filii
771 3426 838 3502 Dei
854 3442 889 3504 et
904 3430 1093 3504 universae
1107 3424 1298 3504 Ecclesiae.
1376 3428 1554 3518 mitatem,
1579 3433 1814 3506 contumelias
1826 3431 1915 3518 Dei,
1937 3456 2042 3507 neces
2057 3436 2211 3525 civium,
2235 3452 2370 3512 matro-

436 3531 474 3604 8.
500 3527 634 3604 Causae
649 3531 783 3620 duales,
806 3535 889 3628 qnia
907 3532 1103 3624 attttgtmm
1118 3556 1190 3604 uon
1208 3547 1248 3604 ut
1263 3556 1324 3625 pe-
1376 3555 1525 3616 narnm,
1549 3558 1742 3626 puerorum
1759 3550 1794 3609 et
1812 3535 2013 3627 puellarum
2027 3538 2131 3610 exilia
2148 3552 2182 3612 et
2199 3540 2287 3614 alias
2311 3566 2369 3616 ca·

486 3657 647 3716 reamur,
686 3638 746 3706 sed
772 3648 812 3706 ut
837 3659 1045 3708 revocemur
1067 3636 1112 3707 ad
1139 3635 1323 3728 poeniten·
1376 3633 1561 3710 larnitntes.
1607 3633 1651 3705 ln
1666 3637 1798 3709 tslihns
1813 3638 1981 3731 exemplis
1993 3641 2257 3731 consideretur,
2281 3669 2369 3740 qna·

481 3735 579 3807 tlaru.
640 3733 747 3827 Item,
774 3749 814 3808 ut
840 3750 1000 3810 crescant
1025 3737 1066 3810 in
1090 3737 1195 3810 nobis
1217 3737 1325 3810 timor
1376 3736 1420 3806 lis
1437 3737 1484 3808 sit
1501 3733 1586 3809 haec
1601 3741 1872 3832 prosopopoeia.

483 3839 574 3924 Dei,
603 3837 707 3923 fides,
732 3840 924 3916 invocatio.
972 3837 1080 3925 Ibam,
1106 3853 1148 3912 nt
1173 3841 1212 3912 in
1237 3865 1325 3912 con-
1475 3835 1618 3910 Deinde
1645 3843 1829 3935 perspicus
1853 3842 2020 3914 refutatio
2046 3857 2099 3914 est
2111 3841 2369 3936 Epicureorum

483 3940 639 4014 sessione
657 3941 857 4013 celebretur
878 3943 984 4018 Deua·
1380 3937 1417 4010 in
1434 3935 1503 4012 hnc
1518 3957 1738 4032 argumento.
1772 3943 1832 4016 Sic
1845 3958 2112 4034 argumentatur
2125 3941 2319 4040 Epicurus:

432 4041 468 4118 9.
495 4041 647 4116 Collatia
672 4057 885 4129 eventuum,
914 4058 956 4118 ut
977 4043 1105 4116 melius
1128 4043 1197 4116 luit
1218 4040 1325 4114 lona·
1533 4041 1703 4115 Ubinam
1726 4062 1778 4121 est
1797 4049 1910 4133 ordo,
1937 4046 1990 4118 ibi
2011 4070 2086 4117 non
2110 4062 2162 4121 est
2176 4053 2370 4142 provideo·

483 4137 567 4216 thae
591 4146 704 4230 mori,
731 4169 839 4240 quam
866 4147 945 4220 fieri
966 4147 1160 4240 aliqnando
1187 4141 1324 4218 hostem
1585 4146 1635 4216 tia
1650 4142 1730 4220 Ilei.

485 4244 647 4322 Doridis.
1530 4245 1573 4318 In
1590 4252 1726 4322 mundo
1742 4273 1818 4322 non
1832 4261 1885 4320 est
1899 4249 2010 4334 ordo,
2036 4251 2120 4345 quia
2142 4275 2246 4345 saepe
2266 4255 2370 4327 malis

408 4345 512 4418 Hanc
532 4351 678 4423 brevem
703 4369 877 4420 summam
899 4347 1085 4422 doctrinae
1108 4351 1152 4421 de
1173 4371 1277 4422 cruce
1292 4359 1327 4422 et
1583 4351 1714 4423 melius
1728 4365 1782 4426 est
1796 4375 1903 4446 qnam
1921 4353 2037 4423 bonis.

337 4447 378 4518 de
398 4449 706 4524 consolationibus
731 4451 935 4522 iutueamur
948 4452 1056 4523 etiarn
1074 4452 1113 4522 in
1127 4447 1193 4524 hac
1206 4450 1326 4544 splen·
1527 4449 1621 4542 Ergo
1637 4477 1712 4526 non
1728 4455 1864 4544 regitur
1877 4457 2035 4552 mundus
2053 4451 2293 4548 providentis.
2388 4515 2392 4519 .

336 4552 519 4623 didiscitur
542 4551 647 4625 Pauli
669 4555 861 4643 concione,
898 4552 938 4622 in
954 4576 1024 4646 qna
1046 4555 1201 4644 primum
1220 4575 1326 4646 argn-
1377 4549 1511 4626 Paulus
1527 4568 1650 4625 contra
1668 4570 1953 4647 argumentatur:

335 4667 495 4726 mentum
527 4667 685 4726 sumtum
716 4669 768 4728 est
797 4655 844 4726 ab
875 4655 973 4728 exitu
1004 4655 1262 4742 afflictionum,
1294 4669 1328 4726 et
1530 4652 1623 4728 Cum
1656 4671 1782 4732 natura
1813 4661 1860 4729 sit
1883 4655 2096 4750 pulcerrime
2119 4655 2305 4737 ordinata,
2336 4670 2370 4729 et

335 4755 433 4826 finali
451 4756 665 4828 liberatione
687 4770 721 4829 et
741 4769 885 4835 aeterna
903 4757 1030 4830 salute.
1078 4755 1169 4828 Nam
1186 4754 1256 4830 hoc
1270 4781 1327 4830 ar·
1582 4771 1701 4830 tamen
1728 4761 1799 4832 iam
1825 4759 1871 4829 sit
1902 4757 2089 4848 multiplex
2119 4756 2271 4844 abusus,
2305 4779 2370 4828 ne-

333 4871 540 4946 rumentum
561 4859 790 4957 praecipuum
812 4869 883 4930 est:
909 4857 1017 4930 Mens
1035 4857 1163 4931 videns
1179 4861 1328 4946 bonnm,
1581 4882 1676 4958 cesse
1694 4875 1746 4933 est
1761 4861 1948 4952 utriusque
1963 4861 2016 4930 rei
2030 4880 2152 4931 causas
2167 4881 2253 4933 esse.

335 4959 469 5030 scilicet
484 4973 678 5032 aeternam·
690 4961 839 5032 salntem
857 4960 1029 5047 laetatur,
1052 4973 1088 5032 et
1111 4962 1231 5034 minus
1248 4985 1330 5032 rno-
1532 4955 1687 5034 Ordinis
1698 4985 1804 5036 cansa
1817 4959 1914 5033 Dens
1929 4974 1992 5043 cst,
2006 4963 2066 5033 sed
2081 4962 2258 5032 abnsnnm
2266 4983 2369 5032 causa

336 5075 439 5134 vetur
476 5060 654 5154 praesenti
686 5061 842 5147 dolore,
881 5085 989 5157 quern
1017 5063 1084 5134 scit
1120 5063 1229 5136 breve
1260 5063 1331 5134 iter
1586 5079 1768 5157 peccatum
1788 5077 1859 5151 est,
1891 5087 1959 5134 nec
1980 5077 2100 5135 tamem
2115 5061 2216 5134 Dens
2236 5063 2369 5135 frustra

337 5186 421 5238 esse.
479 5163 535 5234 hc
556 5185 660 5256 saepe
682 5163 855 5256 repetitur
877 5159 946 5236 hnc
970 5163 1200 5258 praecipuum
1224 5185 1329 5254 argo·
1588 5169 1751 5242 condidit
1767 5155 1836 5238 hoe
1851 5165 2105 5258 pulcerrimum
2120 5187 2222 5254 opos.

337 5277 497 5338 mentum
513 5265 553 5336 in
578 5260 645 5341 Itas
667 5265 744 5360 ipsa
759 5263 864 5341 Pauli
884 5267 1074 5352 concione,
1101 5264 1199 5362 qnod
1225 5267 1329 5340 initio
1534 5263 1616 5340 Non
1633 5271 1744 5360 igitur
1758 5281 1950 5369 perpetuus
1967 5267 2035 5339 erit
2049 5262 2108 5338 hic
2124 5267 2267 5342 abusus.
2317 5263 2370 5337 Ita

338 5371 459 5440 recitat
476 5362 533 5440 bis
548 5365 684 5440 serbis:
706 5365 873 5442 Decerne
889 5368 1101 5442 afflictiones
1113 5363 1224 5442 huius
1241 5383 1333 5444 tent·
1589 5372 1770 5444 calamitas
1795 5391 1961 5463 praesens
1983 5368 2225 5440 testimonium
2244 5381 2296 5439 est
2312 5370 2372 5439 iu·

341 5469 454 5564 poris,
480 5491 556 5544 non
571 5491 647 5544 esse
664 5483 953 5564 paresventurae
970 5471 1117 5562 gloriae.
1520 5539 1538 5552 ,
1585 5487 1686 5544 turae
1720 5471 1956 5545 liberationis.
2014 5468 2113 5561 Quis
2146 5491 2371 5566 nequaquam

525 5632 633 5714 Nom
651 5637 857 5740 expectatio
873 5647 1063 5714 creaturae
1078 5649 1140 5714 etc.
1283 5665 1286 5670 ·
1586 5569 2374 5770 ffiffissfiugukamdpfflffiff

437 5773 647 5852 Secundum
669 5789 919 5870 argumentum
946 5779 992 5852 ab
1017 5775 1179 5869 exemplo
1205 5775 1331 5850 mnndi
1587 5779 1707 5850 aiones
1737 5780 1778 5851 in
1807 5801 1953 5850 omnem
1974 5775 2219 5850 minuitatem
2246 5773 2375 5847 condi-

346 5891 496 5950 sumtum
516 5889 581 5954 est.
1589 5897 1668 5952 tom
1683 5903 1769 5958 esse.

393 5979 582 6052 Mesena.
610 5985 715 6054 oen.
738 5984 824 6054 Vos.
852 5983 932 6053 XV.
1839 5980 1888 6054 61
