5825 6950
597 706 678 787 955
834 712 837 722 ’
1207 702 1335 780 rnna.
1361 702 1480 783 MEL.
1504 698 1716 783 SCRIPTA
1741 698 2054 782 nxnnn‘rtcn
2541 719 2599 797 956

606 886 722 959 David
755 883 870 953 sciens
903 894 938 951 ct
968 879 1092 951 volens
1113 878 1210 973 'rapit
1233 880 1378 950 alterius
1403 879 1600 969 coniugem.
1651 894 1683 950 et
1706 880 1812 954 refert
1835 902 1911 951 eam
1931 879 1977 950 ad
1999 878 2149 969 gloriam
2165 878 2250 962 Dei,
2273 886 2348 951 nori
2370 884 2445 955 vult
2463 894 2600 967 mandata

606 990 758 1079 Propter
774 986 857 1057 talia
874 997 1013 1076 peccata
1031 978 1138 1053 homo
1155 1006 1277 1053 rursus
1293 983 1424 1053 amittit
1439 984 1601 1074 gratiam,
1649 982 1808 1053 alienare
1837 982 2037 1054 voluntates
2064 978 2251 1053 hominum
2274 996 2301 1051 a'
2318 986 2482 1057 doctrina.
2538 994 2602 1067 Non

606 1091 784 1184 Spiritum
801 1100 962 1159 sanctum
981 1098 1016 1157 et
1033 1086 1158 1169 iidem,
1185 1099 1220 1156 et
1237 1084 1277 1155 fit
1290 1099 1370 1157 actu
1385 1107 1467 1156 reus
1485 1100 1598 1156 acter-
1650 1085 1759 1171 igitur
1780 1098 1917 1157 tantum
1943 1078 2003 1155 hic
2031 1085 2205 1177 repressio
2226 1084 2266 1157 lit
2290 1085 2530 1176 loenmotivae,
2556 1102 2604 1169 sad

549 1232 553 1239 ·
611 1218 676 1263 nne
702 1215 855 1285 poenae,
892 1202 925 1259 et
946 1188 1015 1257 nisi
1041 1186 1099 1257 fiat
1122 1186 1305 1258 conversio
1332 1187 1405 1258 ruit
1426 1187 1465 1257 in
1487 1201 1598 1259 aeter·
1651 1188 1690 1256 in
1715 1201 1832 1257 meute
1845 1209 1928 1257 vera
1945 1186 2006 1257 lux
2022 1201 2093 1271 est,
2118 1200 2152 1259 et
2167 1186 2323 1279 Spiritus
2337 1204 2473 1263 sanctus
2484 1196 2604 1268 adsimi-

609 1320 696 1367 num
721 1292 889 1377 exitium,
922 1292 1012 1361 sicut
1037 1288 1124 1361 Sacri
1143 1292 1355 1375 damnatur,
1394 1291 1457 1383 qui
1486 1314 1600 1383 quan·
1651 1288 1701 1360 lat
1716 1312 1778 1359 cor
1792 1290 1899 1360 verbo
1914 1284 1984 1359 Dei
1998 1290 2132 1361 lucenti
2145 1290 2185 1359 iu
2199 1302 2328 1363 mente.

611 1422 718 1493 quam
755 1396 931 1485 placuerat
964 1406 1065 1463 antcn
1093 1388 1189 1475 Dco,
1227 1391 1299 1463 ruit
1331 1404 1449 1461 tamen
1478 1407 1600 1463 contra
1753 1389 1838 1460 ldeo
1871 1388 2003 1461 Paulus
2037 1387 2097 1461 hic
2134 1392 2235 1463 iubet
2269 1392 2395 1482 spiritu
2430 1399 2606 1471 mortilicari

508 1534 519 1557 ι
611 1496 883 1581 conscientiam,
925 1519 988 1564 nec
1015 1516 1136 1565 rursus
1160 1495 1380 1564 convertitur
1402 1496 1445 1563 ad
1470 1491 1598 1566 Deum.
1652 1492 1809 1563 actiones
1829 1492 1964 1573 carnia,
1993 1506 2026 1563 et
2050 1492 2134 1563 lacit
2157 1494 2375 1563 mentionem
2397 1498 2607 1573 mortificatio

613 1602 728 1674 David
755 1622 877 1669 rursus
902 1596 1121 1668 convertitur
1141 1598 1184 1665 ad
1202 1596 1336 1682 Deum,
1363 1609 1397 1667 ct
1418 1596 1457 1667 fit
1480 1591 1602 1667 haeres
1653 1594 1730 1679 aris,
1756 1595 1838 1689 qnia
1854 1595 1892 1665 in
1910 1594 1972 1664 illa
1988 1595 2084 1667 lucta
2099 1596 2178 1666 vult
2198 1614 2264 1667 nos
2278 1618 2463 1684 agnoscere
2476 1617 2604 1673 nostran

614 1694 705 1777 vitae
722 1716 897 1771 aeternae.
1653 1697 1911 1781 infirmitatem,
1936 1709 1971 1768 et
1990 1700 2112 1769 dolere
2127 1713 2273 1791 propter
2295 1694 2360 1769 has
2380 1704 2497 1770 sordes
2511 1719 2541 1774 ct
2557 1706 2605 1777 ide

716 1802 763 1875 Hi
786 1804 914 1893 gradus
938 1800 1122 1894 perspicue
1143 1800 1391 1870 discernantur
1415 1800 1454 1867 in
1478 1796 1603 1870 Eccle-
1654 1813 1770 1891 petere
1784 1799 2029 1871 remissionem
2044 1800 2150 1870 etiam
2169 1795 2297 1873 hastam
2313 1800 2484 1873 sordium.

613 1908 683 1993 sia,
710 1921 744 1976 ct
764 1908 810 1975 sit
833 1906 971 1975 illustre
996 1902 1187 1975 discrimen
1213 1902 1345 1993 peccati
1367 1902 1545 1993 regnantis
1568 1917 1604 1971 et
1755 1900 1810 1974 Dc
1826 1897 1882 1972 bis
1899 1895 2180 1995 inquitPaulus:
2209 1901 2282 1993 Qui
2296 1903 2508 1975 mortificant
2525 1906 2608 1975 actio-

615 2034 687 2081 non
724 2008 913 2097 regnantis.
986 2002 1088 2074 Hanc
1123 2006 1320 2075 doctrinam
1358 2005 1605 2097 complectitur
1655 2026 1718 2073 nes
1733 2005 1849 2076 carnis
1863 2003 2190 2094 spiritu,'retinere
2205 2028 2264 2075 cos
2281 2003 2410 2084 vitam,
2437 2004 2472 2075 id
2492 2019 2549 2091 est,
2567 2032 2608 2078 re·

613 2112 746 2183 Paulus
770 2110 808 2189 in
833 2112 945 2181 dicto:
971 2105 1091 2177 Milite
1110 2108 1238 2177 bonam
1257 2106 1422 2178 militiam
1447 2108 1605 2177 retinens
1655 2106 1769 2177 tinere
1785 2104 1956 2197 gratiam,
1981 2104 2157 2204 Spiritum
2183 2120 2363 2190 sanctum,
2387 2106 2491 2175 fidem
2512 2132 2608 2179 conso

614 2214 719 2285 fidem
735 2226 768 2283 et
783 2212 915 2283 bonam
927 2208 1193 2284 conscientiam.
1228 2206 1326 2289 Item,
1345 2202 1604 2283 1Corinth.6.,:
1656 2209 1787 2280 lantem
1805 2211 1926 2294 corda,
1951 2221 1986 2279 et
1999 2231 2142 2278 manere
2157 2230 2219 2279 eos
2234 2202 2405 2279 haeredes
2420 2210 2510 2279 vitae
2522 2224 2608 2281 aeter·

616 2314 670 2387 Ne
701 2312 844 2405 erretis,
886 2323 1114 2395 scortatores,
1146 2310 1317 2396 adulteri,
1350 2311 1522 2383 idolatrae
1549 2333 1604 2381 re·
1657 2334 1742 2390 nae,
1768 2311 1857 2383 sicut
1870 2334 1976 2401 supra
1992 2309 2099 2382 discit:
2135 2306 2241 2379 Nulla
2270 2332 2369 2381 nunc
2392 2313 2608 2383 condemnatio

617 2442 725 2511 gnum
737 2414 810 2493 ⁴Dei
833 2438 907 2484 non
929 2412 1172 2506 possidebunt.
1658 2426 1715 2484 est
1729 2408 1805 2493 his,
1830 2412 1892 2503 qui
1912 2412 1953 2483 in
1965 2406 2110 2485 Christo
2128 2410 2208 2481 lesu
2221 2412 2418 2488 ambulant.

716 2514 771 2589 Er
795 2512 851 2587 his
873 2516 975 2587 dictis
991 2530 1151 2587 sumatur
1167 2514 1356 2585 declaratio
1371 2516 1408 2584 in
1427 2510 1496 2585 hoc
1514 2514 1603 2586 loco.
1759 2511 1949 2610 Utrunque
1971 2517 2233 2605 agnoscendum
2256 2526 2328 2595 est,
2356 2527 2391 2586 et
2404 2516 2497 2609 quod
2510 2516 2570 2587 siut
2583 2514 2608 2586 in

620 2621 660 2693 Si
689 2622 883 2696 secundum
915 2641 1056 2687 carnem
1086 2616 1265 2698 vixeritis,
1307 2615 1531 2701 moriemini,
1567 2616 1603 2686 id
1657 2616 1789 2688 renatis
1805 2629 1963 2707 peccata,
1988 2621 2134 2710 propter
2148 2638 2239 2710 quae
2261 2639 2345 2687 vere
2360 2640 2570 2709 expavescere
2586 2634 2607 2687 ct

619 2738 688 2795 cst:
709 2721 749 2793 Si
774 2718 965 2790 admittetis
988 2720 1093 2787 falsas
1116 2718 1304 2810 opiniones
1320 2732 1354 2789 et
1374 2718 1605 2809 indulgebitis
1657 2718 1778 2790 dolere
1802 2720 1952 2803 dehent,
1983 2732 2018 2790 et
2041 2741 2167 2791 rursus
2187 2720 2412 2809 agnoscenda
2433 2731 2484 2789 est
2505 2720 2608 2809 magni-

616 2823 735 2916 pravis
759 2820 961 2902 affectibus,
988 2844 1109 2890 rursus
1132 2821 1229 2891 eritis
1258 2822 1309 2890 rei
1333 2834 1496 2891 aeternae
1521 2844 1607 2911 poe·
1658 2824 1746 2891 tudo
1773 2820 2038 2892 misericordiae
2060 2816 2153 2902 Dei,
2196 2821 2293 2913 quod
2315 2822 2442 2913 recipit
2464 2824 2609 2893 credentes

618 2952 704 3008 nae,
728 2923 896 2994 amittetis
912 2923 1059 3014 gratiam
1078 2937 1111 2992 et
1125 2920 1298 3015 Spiritum
1311 2936 1484 2994 sanctum.
1510 2920 1608 2992 Haec
1658 2934 1802 3015 propter
1825 2921 1939 2992 lilium
1962 2922 2089 3013 gratis,
2114 2936 2150 2995 ct
2171 2922 2324 2994 affirmat
2346 2946 2384 2994 sc
2409 2923 2515 3009 celle,
2538 2938 2569 2995 ut
2584 2924 2608 2990 in

618 3042 759 3120 peccata
776 3025 923 3094 nomino
938 3025 1056 3115 lapsus
1070 3040 1192 3095 contra
1216 3026 1468 3097 conscientiam
1493 3040 1528 3095 et
1551 3050 1607 3095 er·
1657 3025 1762 3095 nobis
1793 3023 1995 3096 obedientia
2025 3024 2213 3110 incoiitur,
2254 3036 2289 3095 ct
2313 3024 2452 3116 placere
2478 3047 2546 3096 eam
2562 3025 2607 3093 sib'

619 3154 737 3200 rorem
753 3128 792 3205 in
807 3126 1062 3210 fundamento,
1083 3140 1122 3197 ut
1142 3148 1221 3196 cum
1239 3127 1310 3221 pii,
1337 3128 1398 3223 qui
1414 3140 1508 3198 recta
1525 3148 1607 3197 sen·
1658 3150 1861 3222 quanquam
1879 3126 1982 3197 valde
1995 3126 2159 3198 mutilam
2176 3140 2211 3197 et
2226 3125 2453 3215 languidam,
2478 3128 2507 3199 si
2523 3141 2607 3198 tanen

620 3244 759 3312 serant,
784 3230 1048 3329 amplectuntur
1070 3228 1178 3321 impia
1198 3230 1381 3321 dogmata,
1409 3252 1471 3299 sen
1489 3253 1608 3301 errore
1658 3230 1773 3301 renati
1801 3240 1999 3320 repugnent
2019 3228 2157 3301 vitiosis
2186 3228 2393 3321 affectibus,
2433 3254 2473 3300 ac
2497 3230 2624 3308 dotant

618 3357 680 3406 seu
704 3333 869 3403 scientes:
903 3345 943 3402 ut
966 3330 1089 3413 multi,
1121 3330 1183 3425 qni
1199 3346 1299 3401 antea
1317 3346 1411 3402 recte
1425 3347 1608 3403 senserant
1658 3356 1695 3403 se
1710 3326 1841 3401 habere
1857 3331 1944 3402 tales
1960 3332 2098 3414 sordes,
2118 3331 2235 3407 etfidc
2251 3342 2377 3422 petant
2391 3332 2606 3403 remissionem

620 3434 772 3530 amplexi
788 3447 872 3506 sunt
891 3433 1063 3505 Arianam
1081 3434 1308 3526 impietatem.
1351 3432 1404 3506 De
1417 3430 1476 3505 his
1491 3436 1609 3505 omni·
1657 3432 1711 3507 De
1737 3429 1801 3504 ltac
1822 3433 2024 3504 obedientia
2050 3433 2182 3506 dicitur
2196 3430 2315 3505 Roma
2334 3432 2415 3508 14.:
2449 3428 2608 3524 Qtriinhis

619 3541 688 3612 bus
705 3537 861 3608 dicitur:
889 3534 1007 3606 Nolite
1025 3559 1167 3616 errare,
1194 3550 1419 3622 scortatores,
1445 3539 1609 3624 adulteri,
1657 3537 1766 3609 servit
1781 3531 1945 3622 Christo,
1969 3537 2062 3608 bene
2084 3536 2197 3628 placet
2214 3533 2311 3617 Deo,
2338 3537 2382 3609 iet
2402 3540 2555 3631 probatus
2572 3547 2606 3606 est

619 3640 811 3724 idolatrae,
847 3633 1066 3718 homicidae,
1101 3662 1175 3710 uon
1200 3639 1433 3732 possidebunt
1457 3662 1607 3731 regnum
1657 3634 1877 3712 hominibus.
1900 3637 1952 3709 lta
1967 3637 2210 3709 simulsuntet
2224 3661 2307 3710 cera
2325 3633 2514 3722 humilitas,
2527 3659 2607 3727 agno·

617 3741 699 3816 Dei.
1657 3764 1758 3813 scens
1773 3741 1954 3834 propriam
1972 3739 2232 3826 infirmitatem,
2261 3753 2297 3812 et
2322 3763 2410 3812 vere
2424 3742 2606 3832 dolenspro

721 3841 775 3914 De
796 3841 908 3914 altero
928 3844 1040 3933 gradu
1063 3855 1180 3912 autem
1203 3843 1352 3914 dicitur:
1386 3843 1425 3916 Si
1452 3843 1608 3915 actiones
1660 3857 1739 3934 pter
1762 3837 1827 3912 has
1851 3841 2020 3936 reliquias
2045 3842 2196 3935 pcccati,
2220 3853 2255 3913 et
2279 3858 2427 3915 econtra
2449 3839 2604 3916 consolatio

620 3946 735 4019 carnis
751 3944 878 4036 spiritu
894 3944 1168 4031 mortificabitis,
1186 3946 1322 4019 vivetis.
1374 3944 1521 4016 Fatetur
1536 3969 1608 4015 esse
1657 3969 1698 4016 ac
1712 3943 1844 4017 laetitia
1876 3945 1914 4014 in
1939 3943 2035 4031 Deo,
2068 3967 2159 4038 quae
2190 3955 2243 4014 est
2266 3943 2400 4017 fiducia
2424 3945 2607 4039 acquiescens

619 4049 658 4118 in
680 4046 811 4118 renatis
835 4048 990 4116 actiones
1004 4046 1139 4128 carnis,
1165 4047 1289 4128 idest,
1314 4047 1461 4120 affectus
1482 4072 1607 4117 carna·
1658 4061 1802 4141 propter
1816 4048 2063 4119 mediatorem:
2090 4045 2187 4118 iuxta
2201 4045 2354 4118 dictum:
2383 4043 2606 4118 lustiticstilide

618 4152 670 4220 les
684 4164 719 4220 et
733 4147 921 4237 opiniones
936 4172 1008 4218 non
1023 4162 1255 4238 congruentes
1276 4172 1355 4218 cum
1371 4149 1510 4241 Spiritu
1525 4174 1605 4220 san·
1657 4173 1777 4241 pacem
1793 4149 1979 4221 habemus.
2029 4146 2178 4243 Semper
2190 4161 2308 4220 autern
2323 4149 2372 4220 sit
2395 4151 2433 4218 in
2456 4157 2605 4240 conspectu

619 4265 687 4324 cto.
738 4247 834 4320 llaec
854 4250 946 4320 mala
970 4249 1070 4322 iubet
1090 4249 1295 4322 mortificari
1318 4250 1467 4341 spiritu,
1490 4252 1527 4322 id
1547 4265 1608 4337 est,
1657 4251 1849 4322 discrimen
1874 4251 1969 4324 inter
1996 4250 2126 4324 delicta
2157 4262 2282 4322 contra
2310 4252 2605 4335 conscientiamsl

620 4353 721 4423 iubet
743 4363 782 4423 ut
800 4351 914 4422 renati
936 4352 1009 4423 sint
1027 4351 1153 4423 intenti
1180 4364 1215 4422 et
1238 4353 1444 4444 vigilantes,
1476 4375 1522 4424 ue
1542 4355 1607 4422 ad·
1658 4352 1786 4426 delicta
1800 4374 1876 4424 nou
1890 4366 2014 4427 contra
2030 4351 2295 4429 conscientiam.

619 4456 772 4546 probent
787 4453 891 4524 salsas
906 4453 1106 4545 opiniones.
1158 4451 1265 4536 Item,
1291 4455 1407 4538 iubet,
1438 4469 1479 4527 ut
1499 4478 1604 4546 repu·
1764 4517 1773 4538 ,
1840 4517 1884 4537 ,,
2009 4520 2017 4538 ,
2298 4521 2307 4540 ,
2479 4523 2500 4543 ,,
2567 4517 2573 4534 ,

618 4569 728 4648 guent
752 4555 869 4650 pravis
896 4555 1099 4638 affectibus,
1140 4577 1206 4625 nec
1231 4571 1337 4628 ruant
1366 4569 1489 4628 contra
1519 4581 1606 4628 con·
1692 4513 1771 4616 Qu'
1786 4529 1922 4619 ΨΜ*
1937 4516 2013 4592 9⁶⁸
2032 4514 2235 4604 ‘summm‘
2261 4515 2304 4594 ὼ
2320 4517 2578 4620 'mustum‘

616 4658 814 4731 scientiam.
1515 4658 1518 4664 ’
1760 4659 1876 4732 Antea
1900 4661 2020 4752 posuit
2041 4660 2342 4754 propositionem,
2374 4663 2546 4735 Debitores
2564 4678 2603 4726 sc

719 4757 919 4849 Diligenter
933 4772 1050 4829 autem
1066 4759 1231 4829 observes
1255 4761 1349 4854 quod
1376 4761 1443 4850 ait,
1469 4761 1606 4856 Spiritu
1657 4783 1759 4846 mus,
1784 4775 1818 4832 ct
1835 4763 2049 4834 asseveravit
2070 4787 2199 4834 novam
2220 4766 2459 4837 obedientiam
2481 4779 2602 4834 neco*

617 4861 880 4932 mortificandas
896 4883 971 4931 esse
989 4861 1145 4931 actiones
1166 4863 1300 4932 carnis:
1327 4864 1410 4957 quia
1435 4887 1606 4956 maguum
1657 4863 1747 4933 dam
1773 4885 1866 4948 esse,
1898 4877 1933 4935 et
1953 4865 2093 4936 addidit
2114 4880 2319 4956 argumenta
2340 4891 2362 4940 a
2384 4868 2505 4960 poenis
2522 4877 2550 4933 ct
2564 4881 2601 4928 rt·

619 4963 810 5034 discrimen
833 4975 885 5032 est
909 4961 1004 5032 inter
1027 4960 1152 5056 loseph
1177 4977 1212 5034 et
1234 4962 1456 5058 Scipionem,
1490 4991 1605 5061 quan·
1657 4965 1816 5036 tentione
1836 4965 1970 5056 gratiae
1998 4979 2033 5037 et
2057 4969 2150 5037 vitae
2171 4981 2344 5040 aeternae.
2419 4967 2517 5040 Nunc
2532 4959 2601 5036 altit

618 5089 725 5164 quam
742 5077 892 5156 uterque
906 5063 1021 5136 frenat
1038 5065 1300 5147 locomoticam‚
1322 5089 1367 5137 nc
1381 5067 1487 5139 iaciat
1501 5069 1604 5138 adul·
1657 5080 1905 5159 argumentum
1920 5091 1941 5138 a
1955 5091 2060 5139 cansa
2073 5069 2246 5139 efficiente
2261 5082 2297 5141 et
2311 5093 2331 5140 a
2345 5068 2511 5163 possibili.

617 5168 759 5239 terium.
826 5161 903 5235 Etsi
934 5165 1029 5248 enim
1060 5179 1095 5237 at
1116 5165 1296 5264 Scipionis
1326 5171 1462 5261 egregia
1492 5170 1605 5240 virtus
1812 5168 1940 5260 Qualis
1957 5171 2193 5257 esteliiciens,
2220 5171 2523 5244 talissiteffectus:

613 5284 687 5354 est,
709 5276 898 5338 tamen'est
910 5269 988 5338 siue
1001 5291 1083 5338 vera
1101 5269 1283 5358 agnitione
1306 5285 1340 5342 ct
1362 5273 1438 5342 sine
1457 5272 1603 5342 invoca·
1811 5269 1855 5342 ln
1872 5297 1953 5342 vera
1967 5274 2199 5343 conversione
2212 5271 2350 5364 Spiritu
2364 5287 2480 5346 sancto
2492 5271 2599 5358 erigut·

616 5375 714 5442 tione
733 5366 819 5450 Dei,
852 5381 887 5449 et
914 5391 988 5440 non
1009 5370 1160 5442 refertur
1181 5373 1226 5440 ad
1252 5374 1401 5463 gloriam
1422 5372 1510 5455 Dei,
1541 5376 1602 5444 sed
1866 5389 1927 5446 tur
1942 5376 2049 5444 corda
2066 5398 2129 5466 per
2143 5377 2268 5448 fidem:

614 5488 666 5546 est
701 5485 840 5542 tantum
879 5471 1113 5543 locomotivae
1151 5473 1335 5562 repressio.
1401 5473 1445 5544 ln
1475 5469 1603 5567 loseph
1808 5471 1892 5548 Sint
1928 5477 2038 5567 igitur
2076 5490 2194 5548 motus
2226 5491 2454 5568 congruentes
2482 5460 2596 5566 Spiritui

612 5589 730 5647 autem
764 5573 858 5644 lucet
889 5572 1022 5662 agnitio
1057 5574 1132 5644 veri
1164 5574 1254 5662 Dei,
1293 5587 1328 5646 ct
1350 5575 1389 5646 lit
1415 5577 1605 5650 invocatio.
1859 5591 1993 5651 sancto.
2587 5660 2594 5676 ,

612 5674 784 5766 Agnoscit
808 5668 935 5766 loseph
957 5696 994 5745 se
1019 5676 1155 5766 placere
1175 5675 1251 5748 Deo
1281 5692 1427 5770 propter
1449 5681 1603 5773 promis·
1756 5675 1856 5750 llaec
1876 5679 2040 5750 doctrina
2064 5679 2110 5749 de
2140 5681 2332 5754 donatione
2353 5679 2498 5770 Spiritus
2513 5677 2594 5740 santo

613 5801 692 5848 sum
707 5776 923 5862 Dominum,
948 5789 983 5848 et
1007 5777 1157 5850 laetatur
1184 5778 1224 5848 in
1244 5802 1308 5861 eo,
1335 5794 1370 5853 et
1386 5783 1475 5872 petit
1497 5783 1543 5853 ab
1560 5806 1603 5851 eo
1655 5800 1758 5872 saepe
1774 5782 1844 5850 iam
1862 5781 2009 5873 repetita
2023 5795 2092 5866 est,
2115 5793 2150 5854 et
2166 5803 2267 5873 saepe
2282 5783 2460 5872 cogitanda
2473 5789 2517 5846 est
2533 5786 2595 5838 tt*

610 5877 929 5968 gubernationem,
963 5893 1114 5974 praestat
1138 5875 1230 5954 hanc
1253 5882 1492 5958 obedientiam
1516 5881 1604 5971 Deo,
1656 5883 1844 5956 solationis
1864 5906 1987 5972 causa,
2011 5887 2284 5958 utacceudatur
2303 5881 2480 5954 invocatio.
2502 5859 2508 5876 ι
2529 5867 2595 5942 &¹¹
