5825 6950
307 734 390 809 stt
715 732 797 810 ΧΠ.
846 729 1149 811 ENARRATIO
1174 733 1226 807 ΙΝ
1250 718 1677 811 Evauc.·1oauuts.
1730 730 1835 808 CAP.
1862 732 1963 807 Xl'l.
2283 742 2359 817 362

305 904 447 995 tenda,
481 927 576 999 quae
602 892 677 976 non
691 905 868 1006 'potestis‘
882 910 991 979 ruodo
1016 920 1175 1000 portare,
1206 902 1307 993 haec,
1329 911 1336 933 ’
1358 907 1424 975 bus
1454 892 1676 995 singulorum
1702 904 1969 997 intelligantur,
2004 918 2043 978 ut
2066 929 2171 1001 supra
2194 908 2231 979 in
2254 910 2355 983 simi-

304 1008 497 1099 inquiunt,
523 1010 919 1098 postcarevelatasnnn
968 1008 1181 1103 Quaenam?
1230 1009 1307 1081 Do·
1357 1009 1453 1078 libus
1478 1009 1721 1105 locisdictum
1745 1020 1814 1078 est:
1840 1008 1996 1097 Spiritus
2017 1025 2158 1082 sanctus
2179 1015 2353 1102 gubernat

304 1112 425 1179 ctrina
451 1110 500 1179 de
517 1111 722 1181 discrimine
736 1113 917 1196 ciborum,
939 1112 1110 1206 vestium,
1135 1115 1181 1183 de
1197 1112 1306 1182 sacri-2
1356 1110 1596 1180 ministerium
1620 1108 1829 1201 Evangelii,
1857 1124 1896 1183 et·
1913 1114 2067 1182 subinde
2090 1135 2212 1183 rursus
2235 1114 2350 1185 lucem

303 1211 386 1281 boio
412 1232 482 1303 pro
505 1213 675 1297 momnis,
700 1226 733 1283 et
757 1214 846 1284 aliae
868 1214 999 1283 rrlultae
1017 1214 1181 1305 ineptiae.
1230 1212 1304 1283 *re-
1357 1212 1403 1280 in·
1424 1212 1605 1306 aliquibus
1627 1214 1833 1282 doctoribus
1857 1216 2033 1300 accendit,
2059 1216 2148 1287 sicut
2171 1230 2206 1287 ct
2227 1212 2350 1289 Esaias

302 1326 438 1383 neatur
453 1314 574 1383 brevis
589 1316 764 1385 refutatio.
796 1313 1060 1411 supradictum
1074 1329 1127 1388 est
1142 1300 1304 1407 cap-14:
1354 1314 1474 1407 inquis
1498 1338 1572 1406 cap.
1587 1310 1665 1385 ss:
1689 1300 1771 1383 ilos
1792 1316 1916 1385 ioedns
1940 1338 2057 1387 meum
2071 1334 2151 1387 curn
2168 1319 2236 1404 eis,
2261 1320 2349 1393 dicit

303 1412 371 1483 llie
388 1412 617 1509 docebitvos
633 1418 772 1498 omnia,
798 1417 983 1516 et'rediget
999 1417 1099 1488 volsis
1114 1419 1151 1488 in
1168 1442 1303 1489 memo·
1354 1412 1549 1501 Dominus,
1576 1416 1720 1504 spiritus
1737 1416 1852 1497 mens,
1879 1418 1941 1510 qui
1965 1431 2016 1489 est
2039 1418 2076 1487 in
2099 1434 2155 1504 tc,
2181 1434 2215 1492 et
2238 1422 2346 1491 verba

301 1518 395 1585 riam
427 1540 470 1587 ea
506 1514 831 1611 quaedixivnbis.
880 1518 1042 1612 ¹Spiritus
1065 1536 1206 1591 sanctus
1228 1543 1302 1589 non
1355 1535 1431 1586 mea
1462 1542 1553 1611 qnae
1582 1518 1753 1611 posulin
1782 1539 1843 1588 ore
1870 1532 1953 1603 tuo,
1999 1544 2074 1589 non
2104 1525 2270 1593 recedent
2300 1524 2345 1593 ab

306 1619 410 1689 alicrt
423 1642 559 1689 novam
576 1622 785 1707 doctrinam,
810 1622 971 1691 nondum
985 1614 1301 1693 traditamaChri-¹
1353 1644 1415 1689 ore
1443 1620 1527 1702 tuo,⁸
1566 1639 1631 1689 nee
1658 1621 1703 1689 ab
1733 1644 1794 1689 ore
1822 1622 1968 1690 sesninis
1998 1624 2068 1713 tui,
2100 1620 2187 1694 dicit
2217 1620 2344 1695 Domi-

311 1734 385 1801 sto,
408 1722 470 1789 sed
488 1722 647 1792 accendit
661 1723 774 1793 lucem
790 1724 829 1792 in
843 1723 1025 1807 cordibus,
1050 1738 1091 1794 ut
1106 1724 1300 1795 assentian-
1352 1744 1440 1802 nris,
1465 1716 1647 1812 -deinceps
1685 1736 1719 1792 et
1750 1722 1789 1791 in
1819 1724 2085 1814 sempiternum.
2158 1724 2229 1796 Hic
2260 1750 2344 1815 pro-

311 1838 372 1893 tnr
389 1820 606 1913 Evangelio,
638 1825 734 1917 quod
759 1824 830 1895 iam
853 1826 973 1895 sonuit
995 1848 1062 1893 sor
1085 1811 1239 1909 Christi,
1267 1840 1301 1897 et
1353 1823 1462 1894 mittit
1505 1836 1675 1914 perpetuo
1721 1846 1929 1893 mensurum
1975 1848 2049 1897 esse
2091 1826 2344 1914 ministerium,
2442 1884 2447 1895 .

309 1920 533 1993 bicdicitur:
561 1925 967 2019 Nonloquetnrasese',
994 1928 1300 2020 sedquaeaudie·
1352 1924 1390 1994 in
1424 1949 1497 2018 qno
1528 1922 1763 2013 Evangelium
1800 1927 1960 2011 sonabit,
2001 1928 2065 1997 etsi
2101 1928 2187 1999 olias
2221 1932 2343 2018 magis,

304 2026 368 2107 rit,
401 2027 586 2119 loquetur.
650 2022 1035 2125 ltrdignlsslrnutniest,
1065 2054 1142 2097 non
1165 2030 1299 2123 maiora
1351 2028 1438 2121 alias
1474 2028 1593 2095 minus
1632 2027 1831 2117 perspicue,
1877 2031 1936 2098 scd
1969 2042 2094 2099 tamen
2132 2050 2341 2101 mansurum

303 2129 466 2199 tribuere
481 2116 928 2225 Spiritui'sanctu,¹quant
953 2131 1102 2222 ineptias
1125 2128 1300 2224 humana·
1352 2144 1421 2213 est,
1456 2142 1490 2199 et
1521 2123 1675 2199 subinde
1707 2130 1927 2215 restituetur,
1962 2146 1996 2202 et
2018 2130 2172 2223 Spiritus
2200 2148 2341 2204 sanctus

302 2252 384 2299 rum
409 2230 663 2306 traditionum.
688 2241 706 2327 J
732 2231 816 2303 ldeo
836 2232 1004 2326 relinquo
1025 2228 1118 2301 hanc
1139 2234 1299 2323 disputa·
1350 2226 1562 2321 gaabernabn
1585 2245 1718 2300 mentes
1741 2232 1943 2323 aliquorum
1967 2234 2191 2313 docentium,
2218 2236 2341 2307 eterit

305 2334 461 2417 tionem,
494 2354 537 2402 ac
569 2334 708 2403 tanturn'
737 2336 1014 2405 eommoneiacio
1038 2336 1224 2415 lectorem,
1258 2346 1299 2405 ut
1350 2334 1471 2403 efficax
1494 2358 1555 2423 per
1579 2333 1838 2417 ministerium,
1862 2336 1961 2404 sicet
1979 2330 2143 2406 Christus
2161 2336 2340 2429 inquitde

311 2436 435 2521 cogitet
453 2432 630 2526 Spiritum
653 2436 823 2505 sahttutn·
837 2434 1050 2527 proinissum
1075 2459 1148 2507 esse
1170 2438 1213 2506 ad
1238 2437 1299 2505 in·
1349 2436 1573 2521 ductoribus,
1600 2432 1729 2506 Matth.
1752 2436 1819 2507 10:
1846 2432 1928 2504 Non
1951 2460 2014 2505 vos
2038 2436 2120 2507 estis
2135 2438 2197 2529 qui
2221 2438 2340 2529 loqui·

316 2537 478 2603 coandam
509 2537 548 2604 in
570 2536 737 2607 cordibus
757 2538 984 2631 sapientiam,
1018 2538 1125 2629 longe
1147 2538 1296 2630 positam
1348 2538 1459 2621 mini,
1482 2541 1541 2606 sed
1561 2535 1715 2627 Spiritus
1733 2536 1846 2607 Patris
1866 2538 1974 2607 vestri
1998 2552 2070 2623 est,
2091 2540 2153 2631 qni
2177 2539 2339 2637 loquitur

313 2658 416 2727 snpra
435 2648 467 2707 ct
491 2651 588 2709 extra
602 2650 742 2734 captum
757 2635 936 2710 humanae
950 2641 1117 2725 rationis,
1143 2656 1178 2712 ct
1189 2664 1296 2733 opor-
1348 2641 1386 2709 in
1412 2640 1524 2709 vobis.
1589 2638 1665 2709 llae
1702 2640 1928 2709 dulcissimae
1960 2640 2220 2711 consolationes
2249 2661 2337 2710 con·

309 2751 354 2808 tet
373 2760 574 2826 congruere
591 2728 739 2809 verbum
756 2736 910 2856 chrisis,
936 2753 970 2814 et
986 2743 1099 2813 lucem
1117 2765 1295 2814 accensam
1347 2743 1489 2812 firmant
1521 2762 1604 2826 nos,
1644 2756 1685 2813 ut
1719 2742 1870 2811 sciamus
1904 2743 2069 2814 docentes
2100 2738 2337 2833 Evangelinm

305 2840 559 2911 incordibusa
576 2839 714 2932 Spiritu
732 2853 878 2939 sancto,
898 2860 942 2917 ur
955 2866 1077 2915 revera
1095 2858 1296 2935 congruunt
1346 2844 1460 2916 iuvari
1490 2866 1509 2912 a
1533 2842 1672 2935 Spiritu
1692 2856 1824 2913 sancto.

304 2940 339 3011 in
357 2944 532 3013 omnibus
546 2938 679 3041 Christi
697 2946 883 3033 membris,
908 2947 974 3017 etsi
990 2947 1113 3019 inalio
1128 2948 1229 3041 plus,
1255 2947 1295 3015 in
1447 2945 1589 3018 Deinde
1622 2960 1655 3016 et
1685 2946 1852 3044 privatim
1875 2942 2032 3037 Spiritus
2061 2958 2203 3017 sanctus
2227 2945 2337 3016 ilectit

304 3042 369 3113 alio
387 3046 513 3115 minus
532 3046 620 3116 lucis
637 3058 721 3118 esn-
1024 3134 1028 3142 ¹
1346 3050 1454 3118 corda
1483 3048 1704 3119 audientium
1727 3044 1963 3137 Evangelium
1991 3048 2035 3117 ad
2061 3050 2263 3130 veritatem,
2296 3062 2337 3118 ut

1345 3148 1463 3221 Deum
1479 3163 1570 3219 recte
1585 3162 1824 3239 agnoscentes
1839 3150 2015 3232 invocent,
2041 3164 2077 3221 et
2091 3164 2184 3221 recte
2200 3146 2333 3220 intelli-

1345 3264 1429 3341 gant
1457 3252 1655 3321 doctrinam
1688 3246 1874 3342 Evangelii
1904 3254 1950 3320 de
1981 3248 2078 3336 Deo,
2111 3254 2155 3322 de
2177 3246 2334 3329 Christo,

1345 3354 1541 3441 degentia,
1571 3356 1616 3423 de
1639 3353 1796 3439 iusticia,
1829 3366 1863 3423 et
1885 3353 1966 3422 aliis
1985 3356 2092 3425 rebus
2115 3350 2335 3438 necessariis,

1343 3450 1637 3528 sic'ntZach.12'.
1662 3454 1810 3527 dicitur:
1838 3450 2033 3526 Effundam
2058 3479 2164 3547 super
2185 3455 2332 3527 domurn

1343 3554 1459 3627 David
1485 3559 1648 3649 spiritum
1671 3557 1802 3648 gratiae
1836 3570 1871 3627 et
1902 3558 2068 3649 spiritum
2098 3581 2262 3650 precum,
2293 3557 2331 3625 id

1343 3673 1415 3745 est,
1440 3684 1519 3753 ,qino
1545 3675 1709 3732 movente
1737 3658 1960 3750 singulorum
1984 3662 2110 3746 corda,
2144 3658 2333 3752 experiun-

1342 3775 1402 3837 tur
1416 3762 1717 3856 consolationem,
1741 3775 1776 3833 et
1792 3775 1990 3852 agnoscunt
2007 3785 2044 3832 se
2060 3785 2134 3832 esse
2151 3761 2189 3830 in
2207 3759 2331 3852 gratia,

1340 3889 1383 3935 ac
1394 3864 1524 3955 recipi,
1549 3878 1583 3934 ct
1598 3865 1833 3960 impelluntur
1846 3865 1891 3934 ad
1908 3863 2180 3936 invocationem.

1443 3963 1541 4040 llaec
1562 3967 1720 4058 ingentia
1739 3967 1834 4043 bona
1849 3964 2132 4050 consideremus,
2158 3977 2199 4036 ut
2214 3960 2331 4034 disca-

1339 4091 1421 4141 mus
1447 4067 1646 4158 intelligere
1676 4079 1712 4138 et
1740 4082 1863 4161 optare
1893 4059 1958 4138 has
1986 4065 2263 4148 consolationes,
2296 4076 2331 4135 et

1340 4165 1407 4242 hos
1434 4169 1605 4242 salutares
1631 4182 1749 4240 motus
1779 4193 1883 4240 verae
1913 4165 2161 4255 invocationis.
2233 4163 2331 4236 llaec

400 3192 504 3284 Quia
526 3210 642 3270 autem
663 3190 791 3271 harum
810 3222 933 3274 rerum
949 3199 1105 3291 cognitio
1122 3198 1294 3276 immensa

302 3314 366 3385 est,
390 3298 563 3371 videlicet
577 3313 728 3395 quantae
742 3324 799 3373 res
813 3302 886 3376 siut
901 3315 1082 3392 peceatum
1097 3316 1132 3373 et
1148 3304 1201 3398 ira¹
1216 3302 1295 3393 Dei,

304 3418 334 3474 et
356 3396 446 3471 haec
469 3399 615 3500 victima
636 3402 732 3499 filins
748 3402 817 3484 Dei
835 3404 925 3498 inse
942 3402 1108 3491 derisam
1119 3404 1231 3488 iram,
1258 3422 1293 3482 et

302 3517 430 3591 qsrsnta
448 3503 565 3594 gloria
574 3504 626 3589 sit
643 3506 823 3598 regnantis
841 3494 992 3588 Christi,
1017 3521 1150 3600 quanta
1165 3522 1292 3601 poten.

302 3609 346 3678 tia
372 3605 534 3690 diaboli,
565 3606 685 3702 qualia
715 3607 907 3680 certamina
932 3604 1066 3681 Christi
1088 3624 1124 3684 et
1146 3598 1293 3697 dtiboti,

302 3703 504 3779 bastantes
526 3731 583 3779 res
602 3709 765 3780 nondum
788 3710 941 3803 percipi,
964 3710 1102 3808 inquit,
1125 3713 1172 3782 ab
1191 3713 1291 3804 Apo·

303 3809 412 3898 stolis,
436 3809 515 3880 imo
530 3833 654 3880 omues
666 3811 837 3885 omnibus
848 3813 1068 3904 temporibus
1082 3815 1167 3884 inde
1179 3839 1291 3908 usque

299 3912 344 3982 ab
358 3907 478 3982 Adam
500 3911 671 4002 paulatim
691 3912 732 3981 in
753 3907 818 3989 bar
831 3913 1034 4006 cognitione
1051 3917 1290 4006 profecerunt,

299 4029 332 4084 et
354 4036 422 4084 uos
444 4013 653 4085 ardentibus
677 4014 771 4085 votis
793 4028 910 4106 petere
930 4015 1105 4112 Spiritum
1127 4033 1289 4092 sanctum

298 4115 490 4196 debemus,
514 4127 555 4187 ut
576 4114 717 4186 erudiat
739 4139 805 4188 uos
826 4139 890 4190 sua
913 4117 1012 4208 luce,
1035 4120 1127 4195 sicut
1149 4121 1290 4192 assidue

298 4216 425 4287 clamat
448 4211 645 4308 Propheta:
675 4213 747 4289 Fac
776 4243 857 4290 cum
883 4243 986 4292 servo
1010 4234 1073 4293 tuo
1092 4223 1288 4294 secsmdum

296 4319 576 4390 misericordiam
601 4331 721 4401 tuam,
751 4333 788 4393 et
811 4321 1077 4396 iustificationes
1101 4337 1179 4394 tuas
1200 4327 1288 4396 doce

296 4443 361 4492 sue.
429 4419 538 4492 item:
570 4417 703 4492 Servus
726 4435 809 4493 tuus
831 4445 933 4509 sum,
964 4427 1010 4496 (la
1032 4420 1123 4498 mihi
1146 4426 1287 4497 intelle·

295 4537 404 4598 nuru.
456 4519 535 4594 Hae
549 4521 816 4594 ardentissimae
830 4526 1018 4614 petitiones
1031 4529 1076 4597 de
1091 4529 1197 4598 rebus
1212 4553 1288 4599 rna-

295 4623 373 4710 gnis
398 4625 621 4719 loquuntur,
642 4646 719 4698 non
736 4627 785 4717 ⁵de
803 4626 950 4720 ineptiis
965 4629 1200 4704 traditionum
1217 4625 1288 4702 bu-

296 4738 496 4801 mmmm

1339 4374 1445 4446 etiam
1461 4395 1588 4462 genera
1604 4373 1847 4444 doctrinamm
1864 4369 2118 4456 diiudicentur,
2143 4393 2184 4442 ac
2196 4369 2329 4439 discer-

1338 4488 1447 4548 natur
1469 4499 1490 4544 a
1515 4474 1608 4563 lege,
1633 4497 1653 4544 a
1678 4467 1924 4566 philosophia,
1949 4486 1984 4544 et
2002 4471 2048 4544 ab
2068 4468 2234 4544 humanis
2249 4465 2329 4560 opi-

1337 4577 1510 4649 nionibus
1530 4589 1564 4646 et
1587 4575 1762 4660 cultibus,
1793 4575 1873 4646 ideo
1898 4571 2031 4649 Paulus
2057 4571 2177 4668 inquit
2202 4567 2329 4663 1.(ῑο-Ι

1339 4674 1450 4752 rioth.
1467 4679 1522 4748 2.:
1549 4675 1755 4772 Spiritualis
1777 4676 1898 4746 omnia
1920 4673 2116 4760 examinat,
2149 4695 2210 4746 seu
2232 4671 2328 4746 diiu-

1338 4782 1456 4867 dicat,
1479 4777 1753 4852 et1.loan.2:
1779 4775 1910 4850 Unctio
1934 4778 2037 4849 docet
2055 4799 2118 4847 vos
2142 4775 2187 4844 de
2210 4773 2328 4844 omni-

1338 4885 1425 4968 bus,
1449 4896 1484 4954 et
1506 4905 1588 4954 vera
1605 4894 1675 4966 est,
1700 4893 1823 4952 ernon
1839 4891 1891 4950 est
1908 4877 2144 4950 merrdacium.
2196 4871 2328 4947 Extant

1338 4985 1466 5079 passim
1511 4984 1622 5054 multa
1669 4983 1782 5066 dicta,
1838 5002 1930 5074 quae
1969 4981 2013 5048 de
2053 4973 2109 5048 his
2147 4975 2327 5047 beneficiis

394 5075 534 5150 Graeca
561 5078 721 5151 narratio
750 5075 922 5152 hocloco
942 5083 1170 5168 observetur,
1202 5084 1286 5180 qrria
1338 5085 1493 5176 Spiritus
1526 5085 1639 5156 sancti
1675 5085 1800 5153 eodem
1837 5081 1945 5152 modo
1970 5081 2247 5164 concionantur,
2286 5089 2328 5147 ut

298 5185 445 5252 testatur
478 5180 591 5270 magis
628 5183 830 5273 perspicue,
869 5207 978 5278 qnam
1006 5184 1135 5256 Latina
1171 5188 1286 5274 lectio,
1338 5183 1399 5258 hic
1432 5188 1582 5258 dicitur:
1623 5182 1737 5256 Docet
1772 5203 1835 5253 vos
1870 5183 1910 5252 in
1946 5205 2089 5255 omnem
2130 5181 2327 5252 veritatem.

297 5273 469 5370 Spiritum
484 5295 644 5353 sanctum
660 5305 733 5354 ease
749 5309 945 5377 personans.
999 5285 1077 5383 Nisi
1093 5288 1189 5357 enim
1203 5311 1285 5380 per·
1337 5287 1470 5380 Magna
1493 5303 1528 5358 et
1552 5288 1716 5358 salutaris
1739 5306 1795 5354 res
1816 5297 1888 5370 est,
1913 5307 1986 5354 non
2003 5285 2165 5356 aberrare
2178 5282 2217 5352 in
2231 5279 2328 5351 iudi·

296 5397 417 5453 sonasn
440 5383 548 5455 vellet
565 5383 781 5474 significare,
806 5389 1040 5460 nondiriaset
1056 5389 1211 5476 ἐκεῖνος,
1240 5385 1287 5462 τό
1336 5392 1393 5461 cio
1415 5392 1621 5482 doctrinae,
1646 5404 1680 5459 et
1705 5387 1743 5456 in
1764 5387 1922 5457 consiliis
1945 5386 2105 5477 privatae
2129 5384 2241 5468 vitae,
2266 5393 2328 5452 aut

295 5489 460 5579 πνεῦμα,
500 5487 564 5556 sed
597 5485 720 5560 inisset
754 5503 943 5562 contentus
980 5513 1110 5582 genere
1144 5505 1284 5564 neutro.
1335 5493 1623 5582 gubernationis,
1647 5491 1737 5561 sient
1758 5483 1969 5558 hallucinati
1991 5487 2129 5560 suntin
2150 5485 2326 5575 interpre-

295 5571 388 5658 llaec
411 5587 533 5659 brevis
556 5589 740 5661 annotatio
763 5614 838 5661 non
863 5604 914 5661 est
938 5593 1160 5686 negligenda.
1208 5591 1284 5663 De-
1336 5595 1471 5664 tatione
1499 5595 1693 5686 scripturae
1721 5589 1783 5661 alii
1806 5589 1995 5673 hrriosius,
2024 5602 2065 5659 ut
2087 5584 2271 5658 Pharisaei
2292 5593 2327 5654 et

294 5679 376 5758 inde
404 5713 492 5761 vero
521 5702 734 5781 repetuntur
762 5687 823 5762 bic
851 5695 1107 5786 descriptiones
1127 5695 1285 5786 Spiritus
1334 5691 1536 5788 Haeretici,
1569 5697 1631 5765 alil
1655 5691 1841 5778 stolidius,
1872 5703 1914 5762 ut
1937 5685 2130 5784 Origenes,
2155 5681 2327 5768 Thomas,

293 5791 425 5878 saneti,
467 5812 574 5883 snpra
603 5792 763 5865 traditae.
839 5791 917 5864 ttae
945 5797 1054 5867 etde
1082 5797 1282 5869 ministerio
1334 5812 1367 5869 et
1396 5800 1500 5869 multi
1524 5799 1612 5870 tales
1636 5792 1841 5887 scriptores,
1875 5807 1909 5864 et
1931 5805 2050 5864 nostra
2073 5805 2185 5876 aetas,
2219 5807 2327 5884 quarn

286 5871 479 5987 Evangetrs
502 5893 645 5988 publice
669 5907 705 5968 ct
731 5885 899 5991 privatim
929 5899 975 5969 de
1001 5897 1081 5971 lucc
1102 5898 1142 5970 in
1162 5897 1282 5972 cordi·
1333 5894 1549 5972 horrendam
1572 5899 1746 5972 insaniam
1767 5893 1859 5968 vidit
1874 5889 2200 5988 Anabaptistsrusn.
2253 5885 2328 5959 Ta·

457 4921 580 5002 Duces
605 4951 665 5000 vos
689 4928 731 5000 irs
754 4915 896 5006 omnem
920 4928 1121 5011 veritatem.

1339 4296 1421 4342 cum
1451 4272 1544 4342 liunt
1572 4271 1757 4368 innubis,
1788 4285 1961 4360 reguntur
1984 4284 2119 4342 mentes
2143 4283 2185 4342 ut
2209 4267 2330 4338 dextre
2447 4290 2452 4299 ·
