5825 6950
314 728 397 815 tttt
451 718 555 804 Xlll.
607 720 645 800 t.
672 717 1012 799 contammata
1038 720 1089 795 IN
1114 717 1273 796 EPIST.
1299 715 1450 795 PAULI
1475 717 1545 796 An
1569 717 1896 802 CORINTHIOS.
1956 722 2063 803 CAP.
2087 728 2171 807 Xll.
2230 734 2329 808 1180

313 898 710 980 Ecclesiaesnstinneriut
721 898 882 987 ingentes
896 918 1082 965 aerumnas
1092 907 1187 965 certo
1197 918 1283 965 con·

313 1008 383 1081 silio
404 1004 490 1087 Dei,
516 1004 609 1095 quod
635 998 812 1069 Ecclesiae
835 1000 1009 1083 ostendit,
1037 1022 1110 1066 non
1135 998 1284 1068 velimus

312 1133 367 1181 nos
384 1106 511 1195 seiungi
533 1128 551 1171 a
579 1104 714 1195 reliqua
730 1103 897 1172 societate
914 1102 951 1170 in
970 1098 1226 1169 afflictionibus
1250 1113 1284 1171 et

311 1208 574 1283 liberationibus.
638 1202 683 1273 Et
713 1204 904 1296 inqualitas
928 1228 968 1272 ac
990 1202 1155 1293 superbia
1181 1215 1283 1283 esset,

311 1314 334 1383 si
354 1308 515 1380 vellemus
538 1306 642 1376 nobis
673 1306 801 1375 melius
832 1296 924 1389 esse,
965 1329 1071 1397 quam
1104 1304 1177 1373 blio
1203 1302 1283 1386 Dei,

310 1434 401 1509 qnam
417 1410 525 1490 Abel,
556 1408 740 1491 leremiae,
769 1405 948 1499 Baptistae
964 1421 998 1475 et
1013 1405 1203 1477 similibus.

397 1508 443 1582 bs
467 1505 525 1580 bic
541 1532 665 1581 causae
682 1510 916 1580 allllctionum
934 1521 1039 1577 notae
1052 1509 1136 1581 sint.
1192 1504 1281 1577 Pro·

310 1630 374 1707 pter
395 1626 571 1703 peccatum
597 1612 783 1681 nobiscum
807 1633 953 1680 nascens
978 1611 1098 1699 generi
1124 1605 1282 1679 hnmano

309 1716 542 1785 orriversaliter
562 1736 642 1783 snos
657 1713 822 1803 imposita
840 1727 909 1796 est,
936 1725 971 1781 et
994 1712 1112 1785 morbi
1135 1726 1168 1782 et
1191 1712 1280 1781 aliae

308 1818 424 1887 multae
441 1838 643 1889 aerumnae.
689 1814 831 1883 Deinde
849 1815 1043 1904 singulares
1059 1812 1280 1900 afflictiones,

307 1934 378 1989 snm
392 1918 477 1987 alias
493 1940 627 2009 poenae
652 1930 829 1987 certorum
854 1917 1084 1999 delictorum,
1109 1929 1149 1986 ut
1165 1916 1279 1985 Davi·

306 2021 351 2088 dis
374 2018 537 2087 erilium:
580 2020 668 2087 alias
697 2018 880 2103 exercitia,
921 2031 963 2088 nt
993 2040 1111 2087 carcer
1136 2010 1278 2109 Ioseph:

306 2122 379 2191 alias
393 2121 593 2191 testimonia
611 2120 841 2189 cotalessionis
864 2134 899 2189 et
921 2120 1213 2201 immortalitatis,
1239 2135 1279 2192 nt

305 2244 392 2291 ncces
408 2218 517 2301 boet,
544 2220 744 2311 Baptistae,
770 2216 956 2311 Stephani.
1002 2217 1052 2292 Et
1067 2244 1147 2291 curn
1161 2244 1279 2291 exem-

306 2324 467 2415 planabis
485 2326 739 2413 proponimus,
765 2324 871 2393 simul
897 2324 1174 2393 considerandae
1195 2338 1279 2394 sunt

307 2448 421 2498 causae.
475 2423 523 2497 Ut
547 2428 583 2494 in
601 2428 679 2495 aliis
695 2425 867 2496 doctrinis
880 2450 954 2494 nnn
973 2426 1056 2497 satis
1080 2439 1134 2495 est
1157 2448 1277 2495 exem-

307 2526 351 2617 pla
375 2527 527 2611 intueri,
554 2530 741 2598 sedetiam
766 2528 982 2595 considerari
1000 2542 1140 2618 oportet
1159 2550 1277 2596 exem-

308 2628 429 2717 plorum
453 2629 612 2699 rationes
637 2645 670 2699 et
694 2630 914 2701 discrimina.
974 2628 1018 2701 Et
1041 2630 1085 2698 de
1109 2629 1277 2721 exemplis

312 2743 380 2799 recte
393 2733 669 2801 accommodatis
686 2732 756 2799 dici
773 2746 885 2822 potest
903 2730 993 2801 illud
1008 2744 1109 2801 vetus
1124 2732 1276 2802 dictum:

307 2824 413 2903 κοινὸν
427 2823 617 2931 ναυάγιον
630 2836 719 2902 πᾶσι
734 2827 992 2925 παραμύθιον.

389 2930 589 3025 Septimus,
624 2933 759 3005 Causae
785 2934 918 3025 binales.
976 2932 1276 3005 Communissima

306 3054 393 3101 eausa
408 3034 523 3104 linaiis
541 3030 628 3105 haec
646 3052 712 3105 est:
740 3034 881 3105 Bonum
901 3033 988 3105 mihi
998 3088 1009 3121 ,
1038 3038 1134 3128 quod
1157 3032 1275 3105 humi·

304 3132 384 3201 liasti
396 3160 465 3221 me,
493 3149 535 3207 ut
553 3139 722 3207 discerem
741 3139 1005 3207 iustificationes
1022 3153 1109 3207 tuas.
1170 3137 1274 3207 Affli-

304 3236 345 3323 git
360 3236 446 3307 lleus
463 3264 541 3309 non
556 3254 597 3307 ut
619 3244 760 3329 perdat,
794 3242 852 3308 sed
879 3259 917 3309 ut
944 3242 998 3308 vel
1022 3236 1182 3309 retrahat
1208 3233 1275 3308 ho·

305 3337 402 3406 mines
426 3344 469 3409 ad
504 3342 784 3431 poenitentiam,
835 3356 874 3411 ut
908 3343 1116 3430 affliguntur
1147 3338 1276 3425 David,

305 3432 409 3518 Orias,
436 3440 639 3512 Manasses:
669 3446 723 3511 vet
746 3458 954 3513 exerceatur
977 3445 1160 3515 confirmet
1181 3465 1274 3528 suos,

302 3554 334 3609 ut
352 3542 559 3632 affliguntur
577 3540 722 3633 loseph,
747 3543 876 3616 Daniel
894 3559 927 3615 et
944 3547 1097 3629 similes,
1124 3558 1156 3614 et
1181 3543 1274 3614 Pau-

302 3639 347 3709 lus
360 3638 462 3715 huius
476 3669 604 3716 causae
619 3649 835 3718 mentionem
850 3649 931 3716 lacit
949 3643 1015 3716 hoc
1039 3647 1133 3715 loco:
1184 3643 1274 3717 Cum

301 3741 504 3834 iudicamur,
539 3771 559 3817 a
582 3745 740 3818 Domino
761 3751 993 3840 corripimur,
1028 3774 1072 3816 ne
1096 3746 1175 3819 'cum
1207 3743 1274 3817 hoc

301 3847 420 3916 mundo
437 3850 663 3919 damnemur.
1065 3912 1067 3922 ,

384 3948 477 4023 Sunt
497 3964 535 4021 et
559 3951 596 4020 in
614 3951 770 4022 Ecclesia
797 3952 886 4022 aliae
907 3975 1051 4032 causae,
1079 3953 1123 4022 de
1144 3953 1274 4044 quibus

300 4044 356 4116 istu
373 4051 459 4125 diri.

384 4151 539 4224 Lenitur
552 4153 658 4224 etiarn
674 4156 796 4238 dolor,
823 4157 966 4246 quando
989 4167 1110 4223 nostra
1134 4152 1271 4222 confes-

300 4248 384 4322 sione
404 4257 541 4325 scimus
562 4255 652 4326 alios
675 4255 896 4336 confirmari,
932 4259 976 4324 de
998 4279 1069 4348 qua
1096 4277 1197 4324 causa
1221 4253 1275 4323 lo-

300 4353 407 4440 quitur
424 4355 562 4427 Paulus
578 4360 620 4427 ad
641 4352 886 4449 Philippenses
902 4363 937 4430 2.
952 4380 1043 4432 ‚cnm
1068 4357 1203 4449 inquit,
1229 4353 1276 4426 Se

300 4449 425 4542 laetari,
449 4460 549 4552 qnod
575 4459 798 4545 immoletur,
826 4475 866 4548 ut
891 4459 957 4548 ipsi
983 4459 1020 4526 in
1044 4459 1215 4527 sacrificio
1240 4470 1274 4526 et

301 4555 485 4630 ministerio
501 4561 584 4628 fidei
601 4561 879 4632 comfirmentnr.
906 4561 1001 4630 Haec
1016 4561 1135 4630 brevis
1149 4560 1269 4628 admo·

300 4655 442 4730 nitiade
466 4662 659 4732 collatione
681 4663 985 4745 consolationum,
1020 4662 1157 4754 aliquid
1185 4659 1274 4728 lucis

299 4759 398 4831 adfert
423 4761 509 4832 hnic
537 4765 616 4832 loco
639 4763 754 4838 Pauli.
818 4763 865 4834 Et
893 4765 1039 4832 lectores
1069 4777 1188 4832 mente
1218 4763 1274 4830 in-

299 4869 453 4935 tueantur
475 4890 536 4951 ea,
575 4889 665 4960 quae
692 4869 737 4936 de
765 4890 868 4937 cruce
898 4865 985 4936 alibi
1014 4865 1192 4956 copiosius
1217 4863 1274 4933 di-

300 4977 424 5034 cuntur.

548 5199 685 5309 Caput
721 5201 1014 5288 duodecimum.

365 5373 499 5468 Magna
516 5381 701 5452 infirmitas
717 5396 770 5453 est
785 5397 932 5454 naturae
946 5383 1134 5467 humanae,
1149 5403 1276 5472 magns

298 5490 497 5550 naturarum
521 5483 787 5556 dissimilitudo.
841 5485 962 5573 Quare
987 5487 1091 5554 etiarn
1114 5487 1277 5572 inparve

299 5578 450 5650 societate
482 5583 586 5652 facile
616 5587 769 5654 existunt
803 5587 1077 5670 aenurlationes,
1117 5583 1277 5666 dissidia,

298 5671 405 5765 lapsus
426 5696 463 5753 et
486 5683 718 5770 offensiones,
744 5687 835 5756 sicut
851 5682 1090 5756 Demothenes
1114 5688 1182 5771 ait,
1207 5683 1277 5754 Er·

296 5795 383 5850 rores
398 5795 432 5852 et
448 5785 694 5855 contentiones
710 5810 917 5857 communes
931 5789 1075 5858 morbos
1097 5811 1173 5857 esse
1197 5809 1276 5856 om·

1336 892 1525 993 ἀναγκαῖα
1561 892 1813 992 ἁμαρτήματα
1842 894 2037 983 πολιτικὰ,
2079 897 2236 1001 ἀγνοίας
2261 904 2327 977 καὶ

1336 996 1590 1094 φιλονεικείας.
1633 1002 1683 1073 lta
1698 1002 1735 1071 in
1752 1000 1908 1073 Ecclesia
1923 1000 2112 1076 Corinthia
2125 1006 2328 1079 acciderant

1335 1100 1454 1194 lapsus
1471 1116 1506 1173 et
1520 1104 1589 1173 alia
1603 1102 1839 1174 incommoda.
1892 1102 2006 1179 Erant
2029 1108 2267 1179 dissensiones
2281 1111 2327 1181 de

1336 1203 1519 1286 doctrina,
1555 1205 1708 1276 incestus
1743 1220 1819 1277 erat
1841 1208 1973 1279 abusus
1997 1209 2180 1300 libertate,
2210 1210 2325 1303 aliqui

1335 1308 1549 1379 accedebant
1563 1311 1608 1377 ad
1626 1308 1788 1379 convivia
1814 1310 1852 1377 in
1869 1306 2107 1381 Ethnicornm
2133 1312 2325 1399 sacrifieiis,

1336 1411 1526 1483 movebant
1543 1410 1654 1503 aliqui
1673 1411 1896 1504 quaestiones
1912 1416 1956 1483 de
1972 1413 2136 1484 divortiis
2154 1437 2230 1482 non
2247 1436 2324 1486 cre·

1335 1510 1514 1597 dentium,
1547 1515 1694 1606 qnidam
1710 1513 1900 1584 turbabant
1915 1515 2077 1585 ordinem
2100 1538 2229 1585 coenae
2245 1516 2322 1586 Do-

1334 1612 1436 1687 mini.
1479 1612 1636 1702 Quidam
1654 1613 1823 1685 nolebant
1838 1618 1999 1687 conferre
2013 1618 2057 1687 ad
2074 1615 2220 1685 alendos
2234 1617 2321 1687 fide·

1332 1714 1383 1785 les
1404 1716 1600 1791 ministros.
1650 1714 1719 1786 llis
1733 1716 1993 1790 offensionibus
2008 1713 2179 1788 hactenus
2195 1719 2234 1786 in
2256 1714 2323 1791 hac

1333 1814 1492 1907 Epistola
1517 1818 1651 1889 mederi
1674 1821 1823 1893 studuit.
1891 1818 1963 1890 Nec
1984 1834 2035 1891 est
2058 1844 2172 1889 unum
2195 1842 2322 1912 perpe·

1332 1933 1433 1990 tuum
1450 1934 1716 2011 argumentum,
1740 1934 1783 1991 nt
1797 1944 1852 1991 res
1868 1920 1944 2014 ipsa
1960 1921 2132 1994 ostendit:
2159 1936 2194 1993 et
2210 1922 2321 1995 lector

1333 2022 1488 2093 diversas
1510 2024 1711 2093 occasiones
1731 2025 1942 2099 consideret.

1432 2122 1476 2193 ln
1504 2120 1571 2195 hac
1596 2125 1757 2217 sequenti
1791 2139 1890 2215 pa'rte
1914 2130 1965 2197 de
1997 2126 2136 2196 duabus
2161 2126 2320 2197 materiis

1330 2226 1469 2297 scribit:
1498 2224 1551 2299 De
1568 2228 1696 2298 ordine
1716 2228 1909 2299 lectionum
1932 2242 1967 2299 et
1984 2227 2320 2317 interpretationum

1330 2326 1369 2397 in
1383 2330 1529 2419 publico
1544 2352 1746 2421 congressu,
1772 2344 1807 2401 et
1820 2332 1865 2399 de
1880 2330 2138 2401 resurrectione
2155 2342 2320 2399 mortuo·

1330 2452 1421 2503 rum.
1472 2428 1609 2502 Graeca
1623 2432 1722 2503 natio
1736 2432 1978 2503 delectabatur
1992 2434 2089 2501 dono
2102 2430 2321 2519 linguarum,

1329 2531 1489 2603 etmulti
1515 2532 1554 2602 in
1577 2534 1722 2625 publico
1747 2557 1937 2623 congressu
1961 2555 2062 2604 suam
2079 2531 2319 2625 eloquentiam

1330 2636 1566 2708 ostentabant.
1630 2634 1719 2705 lnde
1741 2639 1846 2706 etiam
1872 2634 2127 2706 aemulationes
2152 2634 2320 2704 orieban-

1328 2746 1397 2808 tur.
1472 2732 1606 2807 Paulos
1634 2736 1744 2826 igitur
1776 2739 1818 2807 in
1851 2758 1979 2827 genere
2006 2735 2239 2809 concionatur
2274 2736 2320 2803 de

1328 2858 1395 2907 nsu
1418 2838 1616 2923 donorum,
1651 2852 1686 2909 et
1712 2853 1832 2931 postea
1856 2839 1956 2909 addit
1978 2850 2164 2930 praecepta
2189 2837 2234 2905 de
2256 2858 2318 2906 or-

1327 2938 1414 3008 dine
1427 2940 1622 3012 lectionum
1640 2955 1677 3013 et
1696 2941 2050 3031 interpretationum,
2073 2938 2176 3011 utilia
2200 2938 2319 3007 omni·

1328 3040 1394 3112 bus
1409 3042 1606 3132 aetatibus.
1643 3040 1720 3113 lmo
1734 3056 1771 3113 et
1793 3042 1909 3113 torma
1924 3042 2142 3113 iudiciorum
2165 3040 2204 3109 in
2219 3036 2316 3134 Syn-

1329 3143 1407 3213 odis
1425 3138 1510 3213 hine
1527 3146 1701 3215 sumenda
1719 3157 1785 3215 est.

1327 3302 1468 3385 Οἴδατε
1491 3306 1548 3384 ὅτι
1569 3308 1631 3385 ὅτε
1655 3308 1750 3404 ἔθνη
1769 3302 1844 3403 ἦτε.
1909 3302 2023 3379 Scitis
2043 3298 2148 3409 quod
2164 3300 2316 3404 quando

1661 3408 1819 3510 gentiles
1842 3408 1969 3488 erasis.

1430 3550 1632 3645 Antequam
1657 3551 1745 3620 dicit
1766 3551 1811 3620 de
1832 3547 2055 3638 singulorum
2077 3544 2183 3616 donis
2196 3543 2317 3616 diver·

1320 3654 1393 3740 sis,
1418 3655 1573 3745 primum
1591 3666 1711 3722 monet
1729 3673 1842 3721 unum
1859 3672 2048 3719 commune
2061 3648 2199 3717 donum
2214 3670 2316 3738 prae·

1327 3757 1471 3848 cipunm
1488 3755 1527 3822 in
1544 3755 1712 3824 omnibus
1728 3775 1803 3823 esse
1820 3765 2003 3841 oportere,
2030 3760 2065 3819 et
2086 3748 2123 3817 id
2139 3771 2224 3839 prae
2237 3771 2317 3818 cae-

1328 3859 1412 3929 teris
1427 3857 1533 3927 donis
1548 3856 1791 3948 quaerendum
1807 3876 1881 3923 esse
1896 3853 1936 3920 in
1952 3850 2121 3940 singulis,
2153 3862 2187 3919 et
2209 3862 2317 3920 tuen·

1328 3962 1439 4042 duna,
1481 3958 1646 4028 videlicet
1680 3955 1857 4048 Spiritum
1891 3964 2051 4023 sanctum
2088 3949 2315 4020 confitentem

1330 4057 1445 4131 lesum
1462 4081 1536 4130 esse
1551 4055 1766 4138 Dominum,
1798 4057 1889 4126 sient
1912 4069 1947 4126 et
1968 4075 2075 4144 snpra
2097 4051 2205 4144 dixit,
2231 4050 2318 4122 uni-

1328 4187 1407 4234 cum
1424 4185 1497 4232 esse
1514 4162 1806 4242 fundamentum,
1831 4155 1946 4228 Iesum
1965 4149 2160 4227 Christum.

1429 4261 1509 4334 Hoc
1529 4262 1801 4332 fundamentum
1830 4259 1881 4328 ait
1909 4256 2148 4328 necessarium
2171 4275 2247 4323 esse
2275 4253 2317 4324 in

1328 4367 1514 4449 omnibus,
1543 4376 1718 4454 oportere
1748 4382 1873 4432 omnes
1901 4353 2097 4431 abhorrere
2122 4357 2169 4425 ab
2198 4355 2317 4440 idolis,

1327 4484 1360 4539 et
1383 4482 1548 4560 oportere
1571 4465 1610 4534 in
1634 4463 1801 4535 omnibns
1817 4485 1936 4532 veram
1960 4455 2221 4529 invocationem
2236 4451 2317 4540 Dei,

1327 4586 1361 4643 et
1387 4569 1605 4660 agnitionem
1631 4564 1837 4635 mediatoris
1869 4585 1955 4634 esse.
2015 4559 2056 4630 ld
2084 4558 2187 4628 initio
2214 4555 2317 4627 iubet

1326 4695 1450 4742 omnes
1465 4670 1578 4753 tucri,
1603 4664 1786 4751 uernans,
1812 4665 1902 4736 sicut
1925 4675 2028 4733 antea
2052 4681 2133 4730 cnm
2157 4681 2232 4728 non
2257 4679 2316 4726 re-

1327 4785 1493 4864 gerentur
1506 4771 1585 4840 luce
1599 4765 1784 4856 Evangelii
1800 4779 1833 4837 et
1848 4763 1986 4855 Spiritu
2001 4775 2136 4846 sancto,
2156 4761 2200 4828 ad
2217 4771 2313 4829 muta

1328 4873 1422 4945 idola
1438 4893 1653 4964 quocunqne
1667 4867 1954 4958 impellebantur.

1428 4973 1500 5044 Hic
1515 4973 1625 5062 igitur
1638 4968 1751 5040 multa
1766 4981 1906 5047 monet,
1928 4963 2084 5038 ostendit
2096 4955 2315 5031 horrendam

1329 5100 1403 5148 esse
1425 5075 1629 5147 coecitatem
1648 5071 1812 5140 omniurn
1837 5065 2045 5145 hominnm,
2071 5061 2135 5158 qni
2156 5084 2232 5130 non
2256 5081 2316 5129 re-

1328 5192 1462 5269 guntur
1483 5177 1563 5245 luce
1575 5169 1762 5259 Evangelii
1789 5185 1825 5243 et
1845 5192 1865 5239 a
1887 5165 2026 5259 Spiritu
2049 5174 2191 5244 sancto,
2223 5161 2317 5232 sicut

1328 5279 1486 5369 exempla
1497 5276 1702 5347 ostendunt.
1754 5268 1901 5343 Ethnici
1923 5267 2082 5364 quotidie
2104 5283 2217 5334 novos
2237 5261 2317 5332 cnl-

1327 5396 1385 5454 tns
1406 5377 1670 5467 excogitabant,
1695 5368 1932 5445 Athenienses
1951 5371 2047 5440 bello
2060 5362 2188 5434 Xersis
2211 5363 2315 5430 insti-

1328 5493 1472 5556 tuerunt
1489 5477 1658 5548 sacrificia
1676 5472 1826 5558 Boreae,
1850 5472 2017 5543 dicebant
2031 5489 2106 5541 esse
2121 5464 2209 5553 ipsis
2223 5461 2316 5532 ami·

1329 5608 1428 5668 cum,
1454 5579 1538 5674 quia
1556 5579 1642 5647 olim
1658 5600 1699 5646 es
1716 5569 1885 5669 Orithyia
1900 5573 2077 5663 genuisset
2093 5566 2198 5635 filios.
2233 5561 2316 5632 Me-

1328 5683 1471 5754 retriees
1484 5683 1524 5750 in
1538 5679 1599 5749 illa
1617 5677 1693 5769 ipss
1707 5678 1798 5748 urbe
1805 5669 1983 5747 Corintho
1996 5696 2062 5764 pro
2074 5666 2188 5738 salute
2202 5659 2316 5734 Grae·

1329 5785 1404 5856 eise
1427 5803 1616 5855 commune
1640 5791 1764 5849 votnm
1785 5777 1955 5847 fecerunt.
2005 5768 2171 5859 Denique
2191 5761 2316 5834 nullus

297 5874 388 5950 nium
404 5883 608 5974 civitatum,
629 5901 665 5961 et
677 5890 876 5962 necessario
889 5891 1064 5962 accidere:
1088 5883 1197 5966 κοινὰ
1212 5881 1278 5962 stoi
1328 5887 1397 5962 init
1417 5884 1499 5957 bnis
1515 5881 1641 5957 talium
1664 5881 1839 5951 iurornrn.
1888 5875 1936 5950 Et
1954 5871 2088 5946 similia
2110 5866 2317 5939 recidemus
