5825 6950
326 690 418 769 use
479 685 580 763 xur.
619 682 653 761 ι.
681 678 1020 775 couuexran.
1052 680 1100 757 tu
1126 678 1279 757 uorsa.
1307 674 1556 769 causano
1578 676 1907 765 contarenus.
1958 693 2065 772 oxu.
2091 700 2197 779 χω,
2257 712 2354 787 n„

321 861 451 933 oratioe
479 858 566 933 Sine
583 854 776 929 dilectione.
792 848 884 925 nibil
901 878 991 927 sum.
1045 850 1198 945 Oportet
1216 854 1312 923 enlm
1366 844 1452 924 baec
1487 848 1656 939 patientia
1691 854 1805 929 virtus
1834 862 2016 950 pertinens
2043 874 2088 943 ad
2111 893 2354 972 praereptum:

285 956 356 1033 'in
380 963 609 1035 reconciliato
632 983 694 1031 seu
717 961 826 1042 iusto,
854 961 888 1029 id
916 974 983 1043 est,
1012 958 1049 1029 in
1076 983 1135 1043 eo,
1171 960 1232 1051 qui
1255 982 1313 1027 ac·
1364 950 1445 1021 Non
1463 956 1614 1027 occides.
1665 951 1713 1029 Et
1730 973 1780 1029 est
1796 962 1953 1052 iusticia,
1977 986 2040 1042 ιιιιι
2056 977 2171 1048 vicina
2194 980 2353 1056 iusticias

318 1081 441 1161 ceptus
465 1080 517 1137 est
538 1064 634 1147 Deo,
661 1085 734 1131 esse
758 1062 998 1135 dilectionem.
1051 1060 1097 1133 Ut
1124 1084 1231 1152 snpra
1255 1060 1310 1129 di.
1363 1054 1540 1149 oequitis,
1582 1057 1679 1140 aliis,
1722 1060 1859 1133 etiamsi
1894 1070 2057 1143 videatur
2090 1104 2164 1151 esse
2198 1090 2351 1159 nocendi

316 1185 414 1241 ctum
432 1181 499 1239 est:
524 1164 680 1259 Spiritus
693 1178 835 1233 sanctus
853 1164 939 1234 tales
956 1176 1075 1235 motus
1092 1164 1171 1248 ciet,
1194 1163 1309 1257 qualis
1362 1182 1483 1241 causa,
1508 1163 1627 1228 t'arnen
1647 1178 1792 1252 propter
1806 1162 1921 1240 Deum
1941 1186 1975 1242 et
1997 1178 2145 1250 salutem
2170 1186 2349 1283 publicam

318 1288 368 1343 aa
385 1273 471 1363 ipae,
523 1266 596 1339 Nec
613 1266 711 1339 aliud
740 1264 816 1335 vult
832 1260 934 1335 Patxli
956 1266 1110 1351 dictum,
1135 1291 1241 1361 quam
1261 1266 1305 1335 il·
1359 1282 1525 1351 ptarccns,
1551 1283 1589 1333 ιιι
1605 1262 1721 1335 David
1739 1266 1850 1355 parcit
1867 1275 1990 1345 multis
2006 1278 2144 1355 civibus
2161 1288 2349 1379 seditiosis,

318 1376 379 1445 lud
410 1368 595 1445 lobannis:
628 1368 701 1459 Qui
727 1392 800 1437 nean
821 1366 957 1457 diligit,
983 1382 1101 1438 manet
1125 1369 1164 1441 in
1182 1382 1305 1437 morte.
1358 1376 1398 1433 nt
1414 1363 1594 1436 calamitas
1614 1367 1754 1457 publica
1772 1372 1964 1463 mitigetur.

320 1476 412 1547 Vera
429 1490 481 1547 est
496 1472 627 1552 oratio,
655 1470 737 1563 quia
756 1470 793 1538 in
810 1470 1036 1541 reconciliato
1054 1485 1105 1543 est
1121 1472 1304 1542 conversio
1719 1538 1761 1609 X
1884 1538 1893 1565 ,

315 1594 350 1650 ct
371 1581 511 1649 incoata
538 1572 760 1659 obedientia,
786 1572 880 1643 iuxta
897 1573 1002 1641 illud:
1034 1570 1126 1643 Vivo
1142 1596 1226 1675 ego,
1250 1573 1305 1640 di·
1761 1564 1984 1635 l’imwm'·

312 1682 361 1755 cit
375 1678 563 1757 Dominus,
590 1674 675 1746 nolo
693 1690 842 1747 mortem
858 1674 1062 1765 peccatoris,
1088 1678 1147 1745 scd
1166 1689 1203 1746 nt
1219 1698 1305 1743 cou-
1457 1667 1619 1759 Benigne
1644 1686 1695 1744 est
1715 1679 1787 1745 sen'
1805 1680 1967 1754 benefica.
2029 1684 2241 1782 Reprimere
2265 1700 2346 1773 vin-

312 1797 474 1854 vertotur
490 1793 523 1851 et
539 1778 645 1849 vivat.
699 1774 768 1845 Hic
786 1776 916 1866 inipso
933 1776 1132 1847 iuramento
1150 1778 1186 1848 lit
1204 1798 1305 1845 meu·
1356 1770 1506 1857 dictam,
1533 1798 1613 1845 cum
1630 1775 1784 1868 videaris
1799 1781 1932 1869 laesus,
1961 1791 2130 1881 patientia
2148 1812 2218 1885 est,
2244 1817 2277 1873 et
2293 1822 2344 1877 est

311 1888 362 1957 tio
379 1881 636 1957 conversionis.
689 1874 736 1950 Et
754 1878 937 1947 notissima
957 1894 1041 1949 scrut
1066 1880 1174 1949 dicta:
1201 1876 1303 1947 Dabo
1357 1872 1411 1941 vel
1430 1874 1586 1955 iusticia,
1611 1878 1666 1947 vel
1684 1883 1841 1973 aequitas
1862 1886 1975 1958 vicina
1995 1894 2164 1974 iusticias.
2215 1900 2343 1977 Sebe-

309 1990 424 2075 legem
442 1982 888 2057 meamincordaeorum.
942 1978 1045 2051 Item:
1075 1978 1146 2071 Qui
1175 1981 1302 2071 spiritu
1355 1976 1509 2065 nignitas
1535 2002 1597 2047 seu
1626 1982 1855 2057 beneficentia
1879 1990 2025 2084 iusuper
2057 2013 2107 2067 est
2138 2004 2344 2079 benefacere

307 2088 377 2161 Dei
396 2099 569 2179 aguntur,
596 2080 633 2153 bi
654 2082 816 2153 snutlilii
837 2082 912 2153 Dei.
975 2082 1228 2153 Nondubium
1253 2098 1302 2153 est
1354 2098 1415 2147 seu
1441 2082 1563 2150 amicis
1579 2104 1639 2151 seu
1656 2085 1821 2160 inimicis.
1854 2086 2054 2165 Lenitatem
2070 2100 2133 2196 alii
2149 2122 2341 2195 verterunt,

307 2194 438 2283 igitur,
472 2186 556 2259 baec
578 2190 669 2256 dicta
695 2182 795 2253 l‘suli
818 2198 852 2253 et
880 2179 1068 2268 lobannis,
1093 2210 1184 2280 quae
1207 2186 1303 2255 aflir-
1355 2202 1444 2274 qnae
1460 2196 1510 2251 est
1526 2209 1599 2253 non
1613 2186 1717 2256 facile
1736 2188 1879 2265 irritari.
1905 2195 1974 2265 Sed
1989 2198 2025 2267 id
2042 2205 2265 2295 perspicuum
2283 2230 2344 2299 est,

307 2307 408 2365 rnant
452 2290 683 2361 necessariam
725 2312 798 2355 esse
839 2286 1085 2369 dilectionem,
1126 2290 1303 2377 postulare
1353 2305 1432 2351 cum
1450 2284 1579 2357 bcuebt
1596 2286 1699 2357 etiam
1718 2291 1892 2377 inimicis,
1917 2297 2145 2375 ntCamillus
2166 2334 2241 2381 non
2256 2315 2342 2385 alie·

308 2396 563 2471 dilectionem,
605 2406 644 2464 ut
675 2390 857 2473 ellectum,
897 2390 958 2482 qui
991 2390 1152 2483 seqnitur
1185 2392 1303 2476 fidem,

309 2525 375 2569 uec
390 2513 441 2567 est
460 2520 563 2567 causa
582 2510 641 2568 ιιιιι
660 2494 825 2561 rnecitum
844 2490 1061 2589 remissionis
1080 2506 1300 2591 peccatorum

308 2618 368 2673 snt
393 2596 667 2671 iustificationis.
718 2592 814 2663 Haec
833 2618 912 2663 cnm
930 2596 1213 2665 manifestissima
1231 2596 1298 2663 sint

312 2720 402 2775 nete
425 2699 617 2779 institutis,
656 2720 729 2765 uon
755 2720 816 2765 ero
842 2693 1025 2789 prolixior.
1090 2694 1237 2769 Caetera
1262 2697 1299 2765 iu

309 2806 374 2877 boc
392 2804 505 2897 capite
521 2800 747 2892 grammatica
763 2812 858 2870 sunt·

561 2968 611 3045 ‘H
633 2962 760 3070 ἀγάπη
781 2968 1038 3065 μακροθυμεῖ.

415 3108 528 3185 Antea
546 3110 655 3193 dixit,
671 3108 709 3178 iu
728 3106 966 3177 reconciliatis
981 3107 1213 3177 necessariam
1228 3130 1300 3179 esse

308 3218 556 3293 dilectionem,
581 3222 758 3306 quaeest,
785 3222 928 3301 proptor
947 3206 1059 3277 Derim
1079 3210 1173 3279 iuxta
1199 3236 1300 3279 mau-

308 3328 390 3391 data
406 3315 472 3388 Dei
491 3316 639 3405 diligere
655 3312 867 3402 proximum.
900 3306 1003 3378 Nunc
1020 3307 1175 3383 recenset
1193 3337 1298 3405 opera

309 3418 535 3504 dilectionis,
560 3430 600 3490 ut
623 3415 775 3486 discerni
805 3413 941 3505 possint
965 3412 1152 3502 diligentes
1177 3438 1195 3484 a
1226 3438 1298 3486 non

308 3524 553 3614 diligentibus.
606 3517 652 3588 Et
669 3539 812 3586 exorsus
829 3529 879 3586 est
897 3513 1029 3584 Paulus
1049 3521 1092 3586 ab
1111 3539 1216 3608 opere
1234 3543 1296 3587 no-

306 3633 399 3702 tiore
423 3623 588 3708 caeteris,
630 3619 793 3688 videlicet
823 3641 842 3686 a
875 3615 1080 3686 remissione
1111 3619 1298 3696 vindictae.

304 3733 455 3820 Semper
470 3723 710 3815 conspectiores
731 3734 813 3789 scrut
831 3720 929 3789 vitia.
984 3717 1067 3787 ldeo
1091 3743 1132 3788 ex
1156 3738 1296 3792 contra.

305 3836 362 3904 rio
378 3843 539 3900 sumatur
556 3824 757 3894 declaratio.
812 3818 996 3912 Cupiditas
1020 3821 1195 3892 vindictae
1220 3849 1297 3892 ma·

306 3937 434 4006 nifeste
451 3941 582 4022 pugnat
599 3951 680 3994 ctam
703 3923 910 4004 dilectione,
937 3947 1018 3993 cunr
1045 3925 1208 3996 videlicet
1231 3927 1295 3994 ali-

306 4039 388 4132 qois
405 4048 532 4125 putans
549 4053 583 4097 sc
608 4028 741 4098 laesum
761 4048 852 4110 esse,
880 4029 979 4095 ardet
1003 4028 1086 4094 odio
1110 4042 1143 4096 et
1168 4027 1237 4112 ira,
1264 4043 1297 4100 et

306 4142 386 4210 cult
410 4137 481 4204 illis
498 4156 642 4213 nocere,
667 4155 685 4198 a
709 4126 840 4222 quibus
862 4149 898 4196 se
921 4128 1053 4198 laesum
1079 4153 1152 4198 esse
1175 4131 1293 4202 existi·

307 4257 393 4314 mat.
449 4235 493 4308 Ut
509 4233 626 4303 civilia
652 4230 743 4300 bella
767 4229 923 4315 ingentia
940 4254 980 4299 ex
999 4231 1193 4322 cupiditate
1217 4233 1296 4300 viu-

307 4347 423 4416 dictae
449 4341 543 4408 iulec
564 4333 721 4404 Marium
744 4345 777 4399 et
802 4332 938 4422 Syllam
960 4349 1035 4402 orta
1061 4349 1154 4402 stud.
1223 4333 1297 4406 lle-

306 4446 430 4518 missio
447 4440 623 4509 uindictae
645 4434 782 4504 sedavit
803 4433 912 4514 bella,
939 4449 979 4505 ut
1002 4459 1080 4503 crtrn
1098 4433 1294 4506 'limacibu-

308 4554 366 4620 lus
396 4545 513 4615 sanxit
541 4533 766 4629 ἀμνηστίαν.
833 4534 953 4624 Scipio
984 4538 1086 4607 cessit
1110 4539 1298 4620 Tribunis,

306 4675 354 4722 ne
369 4649 521 4718 maiores
536 4657 653 4711 motus
676 4642 714 4707 in
733 4638 913 4728 republica
937 4640 1128 4714 orirentur.
1182 4641 1293 4710 blaxi-

306 4753 479 4824 rniliauus
504 4748 616 4814 victur
637 4743 717 4812 fecit
743 4762 861 4830 pacem
887 4763 965 4808 cum
986 4738 1152 4824 ferretis,
1180 4767 1224 4811 ne
1247 4757 1297 4812 at-

304 4853 462 4928 tralteret
488 4849 636 4918 'l'urcos
696 4841 804 4913 Arius
834 4842 956 4911 dolore
979 4845 1139 4930 repulsae
1163 4845 1199 4912 in
1228 4847 1291 4912 ele·

305 4961 428 5028 ctiorse
449 4950 637 5040 Episcopi,
669 4946 781 5014 movit
808 4957 927 5033 postea
954 4961 1129 5013 certamen
1156 4949 1199 5012 de
1225 4949 1297 5018 filio

305 5061 395 5130 Dei.
447 5053 492 5124 Et
509 5054 663 5118 vidimus
679 5049 743 5138 ipsi
762 5041 818 5114 bis
836 5045 940 5114 annis
960 5047 1133 5134 quosdam
1158 5049 1298 5116 inflam-

306 5175 423 5232 matos
441 5147 632 5242 cupiditate
649 5150 827 5218 virsdictae
843 5173 934 5216 nova
951 5150 1114 5234 dogmata
1137 5174 1298 5242 spargere

307 5281 341 5334 ct
362 5285 503 5330 ruovere
522 5255 786 5339 rexstpublicatn.

412 5359 518 5428 llsrnc
542 5357 704 5424 allectum
732 5352 922 5439 reprimere
946 5375 1071 5440 magna
1097 5353 1211 5420 virtus
1235 5367 1299 5440 est,
1323 5388 1327 5404 ·

306 5491 400 5560 quae
420 5459 477 5530 bic
495 5461 615 5528 nomin
630 5475 698 5524 stuc
713 5449 985 5544 μακροθυμία,
1006 5455 1042 5522 id
1063 5467 1133 5537 est,
1161 5455 1299 5544 patien-

306 5575 368 5640 tia.
424 5563 471 5635 Ut
487 5561 619 5640 Dasvid,
644 5581 725 5624 cum
738 5557 883 5646 quidem
899 5579 1043 5643 magnas
1055 5579 1177 5624 causas
1193 5551 1299 5624 balse-

305 5687 359 5740 ret
385 5663 535 5736 tollendi
563 5660 723 5735 Saulem,
759 5673 876 5726 tamen
901 5657 1050 5726 iniurias
1076 5658 1233 5744 perfert,
1267 5672 1299 5726 et

305 5791 358 5844 est
385 5769 523 5838 illustre
549 5761 746 5850 exemplum
775 5753 883 5828 husius
912 5761 1023 5828 dicti:
1068 5760 1225 5828 Dilectio
1251 5773 1300 5826 est

305 5876 465 5967 patiens,
495 5869 616 5948 idest,
641 5887 713 5932 nam
732 5862 859 5950 cupida
878 5861 1066 5935 vindictae.
1104 5859 1169 5930 Est
1186 5877 1301 5932 autem

361 5975 546 6044 blecxsru.
577 5973 679 6034 Ocra.
705 5969 786 6032 Vox..
817 5965 894 6030 XV.

1353 2398 1461 2457 natttr
1476 2408 1494 2453 a
1510 2388 1648 2457 civibus
1665 2392 1787 2461 ‹lolore
1803 2394 1973 2486 iniuriae,
1996 2408 2056 2473 sed
2080 2408 2258 2486 benefacit
2279 2418 2341 2499 eis,

1353 2502 1384 2557 et
1404 2488 1496 2557 redit
1511 2493 1553 2559 ad
1570 2494 1703 2581 patriae
1718 2494 1976 2585 liberationem,
1994 2530 2197 2604 quanquam
2215 2517 2343 2591 iniuste

1352 2591 1527 2680 expulsos.
1579 2592 1707 2685 losepb
1727 2599 1897 2671 benefacit
1914 2605 2104 2693 fratribus,
2134 2638 2345 2715 quanquamv

1353 2694 1500 2787 perdere
1514 2716 1594 2765 euru
1611 2699 1729 2767 conati
1746 2700 1900 2775 fuerant.

1642 2862 1694 2939 ‘H
1715 2863 1844 2968 ἀγάπη
1865 2870 1910 2946 οὐ
1932 2874 2045 2973 ζηλοῖ.

1361 3000 1368 3011 ’
1457 2995 1539 3068 Non
1559 3015 1610 3071 est
1628 3004 1837 3075 aemulatrix
1859 3031 1919 3079 seu
1948 3014 2082 3091 invida.
2137 3018 2341 3101 Aemulatio

1355 3112 1406 3169 est
1425 3100 1516 3169 velle
1541 3103 1652 3172 alium
1674 3106 1815 3192 tollere,
1840 3134 1913 3179 non
1936 3118 2018 3209 quia
2037 3121 2153 3208 laesit,
2180 3131 2240 3197 sed
2259 3134 2343 3223 quia

1350 3202 1512 3272 dolemus
1535 3230 1614 3273 earm
1641 3206 1746 3277 nobis
1767 3215 1988 3288 antecellere.
2043 3218 2091 3292 Ut
2106 3222 2216 3315 Cain,
2241 3229 2340 3320 Saul,

1348 3300 1487 3388 Chore,
1511 3303 1675 3394 Datban,
1701 3312 1862 3398 Abiron,
1888 3317 1960 3386 imo
1984 3336 2018 3390 et
2035 3322 2157 3397 Aaron
2181 3344 2215 3401 et
2238 3356 2341 3406 soror

1349 3410 1592 3480 accenduntur
1621 3412 1871 3489 aemulatione.
1945 3420 1985 3491 ld
2020 3429 2152 3500 malum
2182 3436 2342 3526 proxime

1350 3511 1466 3580 oritur
1488 3533 1528 3580 ex
1552 3517 1738 3603 superbia,
1776 3543 1867 3610 quae
1900 3547 2055 3596 amorem
2090 3538 2202 3605 nostri
2223 3520 2355 3638 prima⁸

1350 3614 1549 3684 comitatur.
1614 3619 1758 3710 Sinpnli
1795 3623 1890 3690 enim
1927 3629 2092 3700 soleamus
2131 3642 2339 3714 antecellere

1350 3715 1449 3798 aliis,
1481 3731 1515 3786 et
1537 3741 1610 3786 esse
1626 3715 1692 3788 Dei
1720 3721 1876 3808 similes,
1919 3741 1956 3797 ut
1985 3731 2101 3824 iuquit
2126 3762 2272 3831 serpens
2294 3749 2338 3816 ad

1350 3813 1475 3903 Evam,
1529 3816 1613 3888 ldeo
1639 3819 1762 3892 tollere
1785 3849 1844 3894 eos
1869 3853 2057 3920 conamur,
2083 3841 2145 3928 qui
2172 3845 2341 3919 videntur

1348 3921 1528 3994 anteferri.
1592 3920 1673 3992 Hoc
1697 3925 1823 3994 vitium
1849 3933 2055 4005 nominatur
2078 3937 2284 4019 Aemulatio
2306 3966 2339 4022 et

1353 4019 1568 4095 luvidentia.
1635 4023 1731 4096 Hinc
1755 4029 1816 4097 illa
1840 4031 2055 4108 dictasunt:
2096 4039 2228 4118 Omnis
2255 4075 2338 4122 cura

1348 4123 1449 4208 ciris,
1474 4139 1553 4195 uter
1568 4141 1655 4198 esset
1673 4128 1917 4221 induperator.
1959 4135 2046 4208 Item
2062 4139 2204 4234 Cicero,
2223 4150 2339 4224 Lahes

1347 4237 1398 4296 est
1421 4229 1549 4313 seculi,
1575 4229 1736 4300 irtvidere
1752 4235 1891 4306 virtuti.

1419 4393 1469 4469 ‘H
1488 4391 1615 4497 ἀγάπη
1645 4396 1691 4473 oti
1724 4400 1992 4497 nepnepe'veeou.
2059 4409 2150 4486 Non
2183 4421 2266 4513 agit

1739 4503 1929 4582 insidiose.

1449 4633 1694 4708 Aemulatioui
1712 4654 1745 4711 et
1766 4641 1983 4716 invidentiae
1999 4653 2200 4738 proximum
2215 4673 2265 4730 est
2282 4661 2338 4730 in·

1348 4738 1482 4821 sidiari,
1506 4741 1602 4832 quod
1618 4757 1668 4811 est
1684 4757 1757 4810 arte
1773 4743 1861 4814 alios
1879 4749 2008 4836 pellere
2023 4770 2083 4823 aut
2102 4757 2235 4844 tollere,
2250 4761 2339 4836 sicut

1350 4841 1501 4912 Pericles
1526 4858 1600 4910 arte
1623 4844 1757 4934 expulit
1773 4843 1970 4922 Cimonem.
2022 4851 2069 4925 Et
2084 4855 2257 4932 Asebiues
2277 4891 2337 4936 co.

1349 4946 1502 5013 artabatur
1525 4946 1696 5032 expellere
1714 4945 2011 5037 Demosthenem,
2038 4971 2073 5026 et
2093 4961 2263 5033 usitatum
2286 4987 2337 5040 est

1350 5071 1420 5114 non
1447 5047 1563 5116 solum
1578 5047 1725 5132 aulicis,
1749 5053 1809 5118 sed
1829 5065 1864 5119 et
1879 5057 2209 5152 concionatoribus,
2236 5069 2336 5138 iuve-

1350 5149 1425 5218 nire
1442 5145 1572 5239 τέχνας
1588 5151 1631 5217 ad
1651 5155 1891 5220 extendendos
1907 5159 2076 5246 collegas,
2100 5178 2139 5234 ut
2157 5164 2336 5242 Maximus

1350 5265 1423 5318 arte
1446 5253 1599 5322 extrudit
1622 5251 1836 5339 Gregorinnx
1859 5255 2131 5338 Nazianzeutuo.
2206 5270 2334 5342 Graeci

1351 5367 1524 5440 arsurpaut
1567 5355 1778 5424 vocalxnlnm
1821 5358 1996 5454 nspnapoi
2033 5367 2078 5432 de
2109 5364 2335 5461 Cecropibus,

1351 5455 1410 5546 qui
1436 5479 1515 5520 cnm
1541 5470 1655 5524 esseut
1678 5457 1851 5540 latrones,
1875 5463 2047 5552 singulari
2069 5473 2196 5539 astutia
2221 5476 2335 5544 viato-

1351 5579 1403 5624 res
1419 5557 1678 5644 opprimebant.
1730 5557 1852 5646 Quare
1866 5568 2028 5634 vocabuli
2044 5569 2254 5656 significatio
2271 5601 2333 5663 pe·

1351 5657 1537 5726 talantiam
1554 5673 1589 5726 et
1605 5660 1752 5730 iusidias
1774 5665 2032 5752 complectitur.
2085 5671 2223 5741 Nomen
2247 5673 2331 5745 Per-

1354 5758 1425 5850 pcri
1460 5773 1553 5829 extat
1585 5761 1622 5828 in
1645 5762 1878 5850 explicatione
1908 5767 2078 5842 l'roverb.
2103 5776 2198 5862 apud
2225 5773 2334 5848 Eras-

1354 5885 1470 5930 xuum:
1495 5860 1538 5931 lu
1553 5859 1820 5957 blelampygum
1837 5890 1883 5936 ue
1899 5868 2047 5944 incidas.

1800 5965 1849 6037 72
