5825 6950
347 704 416 781 929
621 700 722 778 Xlll.
775 708 812 779 δ.
839 698 1139 781 ENARRATIO
1166 698 1320 779 Ertsr.
1346 700 1496 779 PAULI
1520 698 1589 775 ΑΙ)
1615 699 1878 785 Romanos,
1927 707 2034 791 CAP.
2060 714 2125 796 Vl.
2301 728 2380 805 ost)

348 874 555 963 Christum,
606 876 851 949 ostendentem
902 875 1011 947 uobis
1055 875 1335 949 misericordiam
1388 876 1549 949 tintinnis
1564 890 1600 950 et
1616 876 1792 951 efficaciae
1801 876 1936 955 Christi
1953 882 1992 955 in
2006 886 2112 961 nobis
2128 890 2371 973 testimoninm

348 981 474 1053 ,mgni
510 980 636 1071 pateis,
681 1003 749 1073 qua
775 980 893 1070 agnita
916 978 1117 1049 accedimus
1139 980 1184 1049 ad
1207 980 1334 1067 Deum,
1387 996 1421 1051 et
1444 980 1572 1071 pignus
1600 995 1651 1051 est
1675 981 1889 1073 baptismus,
1921 999 1954 1057 et
1976 1012 2058 1059 cum
2086 993 2138 1064 sic
2159 996 2296 1073 inenata
2318 1018 2373 1079 est

349 1108 417 1155 aaa
438 1085 594 1173 fugimus
611 1094 651 1154 ιιι
668 1082 777 1166 Saul,
802 1085 861 1151 sed
879 1106 960 1152 vere
977 1083 1199 1171 agnoscimus
1214 1084 1332 1155 Deum
1385 1083 1609 1153 mortificatio
1641 1098 1676 1155 et
1709 1085 1921 1180 vivificatio,
1966 1093 2158 1183 sepelimur
2182 1123 2256 1174 nna
2287 1128 2369 1177 rum

348 1210 416 1257 esse
440 1188 578 1256 bonum
601 1198 635 1256 et
661 1198 897 1273 praesentem,
924 1207 988 1253 nos
1013 1184 1123 1275 recipi
1142 1198 1175 1255 et
1197 1186 1332 1256 servari
1383 1180 1540 1257 Christo.

348 1291 389 1361 ,b
404 1311 448 1359 ,ο
466 1300 613 1380 propter
628 1287 762 1371 titium,
789 1287 827 1357 in
843 1282 909 1357 bac
924 1286 989 1355 lilii
1011 1286 1089 1358 luce
1108 1310 1330 1381 unaquoque
1484 1284 1549 1357 Est
1571 1299 1689 1357 autem
1711 1310 1823 1359 massa
1849 1293 1984 1382 peccati
2007 1300 2143 1390 sepulta
2161 1302 2366 1396 dupliciter:

347 1390 655 1475 uanstoemsmuc,
697 1389 838 1475 idest,
888 1388 1081 1479 accipimus
1113 1390 1235 1459 radios
1266 1413 1331 1482 per
1382 1385 1544 1459 Primum
1561 1390 1813 1481 imputatione,
1838 1393 1922 1486 quia
1936 1398 2169 1475 remittuntur
2186 1406 2294 1481 nobis
2307 1433 2367 1483 re-
2476 1394 2480 1403 ¹

348 1493 509 1565 illumin
526 1514 591 1563 nus
605 1513 747 1579 sparsos
769 1494 852 1563 dato
869 1490 1005 1583 Spiritu
1029 1504 1172 1573 sancto,
1199 1491 1328 1562 videli-
1381 1490 1514 1585 liquiae
1536 1493 1680 1584 peccati.

347 1610 394 1667 eet
426 1595 599 1666 noticiam
613 1591 681 1667 Dei
712 1607 747 1665 et
766 1606 1030 1678 novosmotus,
1056 1617 1146 1686 quos
1168 1596 1330 1668 accendit
1481 1592 1667 1679 Secundo,
1707 1596 1803 1687 qnod
1827 1598 1871 1666 ad
1900 1597 2065 1674 ellectum
2093 1608 2240 1703 attinet,
2280 1616 2368 1709 quia

346 1698 574 1771 ettonfirmat
592 1695 748 1786 Spiritus
770 1692 1328 1787 sanctusauditavnceEvange.
1380 1687 1468 1765 baec
1492 1718 1604 1767 massa
1634 1709 1820 1790 postquam
1848 1701 2053 1775 mortificari
2080 1710 2217 1803 coepit,
2257 1716 2365 1791 desiit

347 1800 383 1871 lii
447 1798 522 1869 Nec
538 1799 712 1888 significat
730 1798 887 1882 novitas,
914 1797 1141 1887 cogitationes
1158 1813 1192 1869 et
1209 1814 1327 1870 motus
1380 1818 1454 1867 esse
1477 1798 1622 1882 efficax,
1652 1798 1777 1883 idest,
1801 1824 1874 1870 nnn
1890 1820 2025 1891 regnet.

346 1902 494 1975 rationis
518 1902 595 1971 sine
620 1899 759 1993 Spiritu
782 1914 922 1985 sancto,
946 1925 1011 1969 nec
1032 1901 1203 1989 siguificat
1222 1902 1327 2002 spiri·
1479 1896 1553 1969 Nec
1574 1913 1713 1971 tantum
1735 1904 1780 1969 de
1793 1904 2065 1977 mortificatione
2086 1909 2246 2008 loquitur
2268 1916 2363 1993 Pau-

342 2020 393 2079 tus
420 2005 616 2089 rationem,
648 2006 708 2073 sed
733 2005 871 2075 tertiam
904 2026 1088 2095 personam
1114 2002 1327 2091 divinitatis,
1378 1998 1455 2085 lus,
1480 2005 1542 2072 sed
1567 2005 1665 2074 addit
1683 2020 1930 2093 argumentum
1946 2009 1991 2077 de
2013 2010 2266 2091 vivificatione:
2292 2023 2365 2096 nisi

341 2130 443 2201 quam
459 2118 623 2177 aeternus
647 2119 746 2197 pater
767 2107 827 2177 dat
847 2130 910 2198 per
932 2106 1045 2175 lilium
1068 2105 1105 2173 in
1130 2107 1235 2176 corda
1258 2128 1326 2176 uo·
1378 2104 1664 2177 euimacccderet
1679 2107 1750 2176 vita
1762 2119 1794 2176 et
1810 2108 1987 2195 vinceret,
2012 2113 2112 2183 nulla
2128 2120 2362 2195 essetliben.

340 2222 419 2285 stra'.
472 2207 554 2279 Erit
575 2222 693 2281 autem
712 2207 851 2280 novitas
874 2204 1030 2278 bominis
1049 2207 1186 2299 integra
1200 2208 1239 2278 in
1257 2204 1325 2279 Ec·
1378 2205 1442 2277 tio.
1488 2203 1757 2302 ldeoetsupra
1782 2208 2007 2283 dictumest:
2041 2211 2363 2301 Gratiaexnberat

340 2312 440 2383 elesia
463 2310 625 2396 coelesti,
653 2308 777 2405 inqua
802 2307 1120 2381 eritDensnmuia
1145 2310 1183 2381 in
1205 2310 1324 2381 omui·
1377 2330 1484 2398 supra
1509 2309 1688 2386 delictum.
1741 2308 1847 2385 item:
1880 2310 2020 2404 Regnat
2036 2318 2147 2408 gratia
2168 2348 2232 2417 per
2258 2326 2362 2401 iurgi.

339 2414 424 2495 bus,
449 2414 486 2483 id
504 2429 575 2499 est,
599 2414 649 2485 sie
665 2412 815 2503 fulgebit
831 2413 869 2481 iu
893 2415 1016 2492 nobis,
1044 2425 1084 2482 nt
1105 2412 1220 2502 palam
1237 2437 1324 2483 cou-
1377 2410 1468 2481 ciam
1481 2413 1526 2481 ad
1543 2411 1652 2482 vitam
1668 2425 1858 2489 aeternam.
1887 2412 1974 2486 lude
1986 2418 2037 2489 sic
2052 2441 2335 2513 argumentatur:

340 2516 523 2605 spiciatur,
549 2540 622 2587 nnn
638 2538 700 2605 per
715 2514 952 2585 ministerium
969 2511 1175 2603 Evangelii,
1202 2529 1238 2588 et
1253 2516 1324 2585 cie·
1547 2510 1640 2583 Viva
1661 2528 1787 2585 natura
1811 2530 1863 2587 est
1886 2516 2021 2592 efficax.

340 2618 388 2689 bit
408 2640 535 2690 omnes
558 2634 694 2702 motus,
717 2618 786 2703 ita,
814 2630 854 2689 ut
877 2640 952 2687 non
976 2617 1022 2687 sit
1039 2616 1147 2687 simul
1163 2618 1201 2689 in
1219 2616 1325 2688 nobis
1478 2608 1555 2684 Nos
1570 2616 1736 2687 vivificati
1752 2640 1874 2690 sumus
1890 2622 1955 2710 per'
1968 2618 2171 2714 Christum,
2198 2630 2263 2726 qui
2279 2632 2360 2704 ideo

340 2733 530 2811 peecatum,
634 2755 637 2761 ·
1376 2716 1542 2788 assumsit
1570 2712 1664 2789 hauc
1686 2744 1854 2800 massam,
1896 2736 1935 2793 ut
1961 2724 2065 2794 uobis
2087 2753 2230 2823 quoqne
2250 2735 2360 2807 vium

436 2821 539 2892 Atia
556 2814 620 2889 hac
638 2822 709 2891 vita
725 2818 819 2887 idem
836 2814 944 2889 bomo
959 2832 1122 2907 renatus,
1145 2832 1196 2890 est
1211 2817 1323 2889 Vetus
1374 2816 1553 2889 redderet:
1581 2834 1613 2889 et
1630 2815 1717 2891 baec
1738 2822 1928 2892 vivificatio
1951 2824 2115 2898 incoatur
2133 2830 2171 2900 iu
2187 2826 2254 2905 hac
2276 2836 2360 2921 rita,

338 2940 367 2995 et
381 2921 526 3009 Novus,
557 2922 687 3004 idest,
721 2919 854 2991 Paulus
874 2936 925 2991 est
950 2946 1081 3004 novus,
1109 2923 1194 3016 quia
1218 2922 1256 2991 in
1281 2946 1322 2991 eo
1375 2942 1455 2988 enm
1480 2920 1575 2992 filius
1598 2920 1665 2991 Dei
1690 2946 1752 3013 per
1769 2922 2005 3014 Euangelium
2029 2942 2064 3001 et
2078 2928 2252 3023 Spiritum
2277 2961 2359 3008 san.

337 3020 469 3097 habitat
485 3024 599 3109 Deus,
615 3024 819 3094 etillustrat
836 3047 917 3093 eum
938 3026 1047 3095 verbo
1061 3050 1126 3095 suo
1142 3037 1176 3095 et
1190 3024 1322 3093 sancti·
1374 3034 1470 3091 ctum
1493 3024 1699 3095 consolatur
1721 3028 1850 3111 corda,
1885 3040 1920 3097 et
1941 3026 2069 3100 liberat
2094 3058 2159 3105 nos
2181 3060 2222 3107 ex
2245 3055 2360 3114 morte

335 3128 410 3199 beat
447 3126 585 3218 Spiritu
611 3138 754 3211 sancto,
788 3139 823 3196 et
847 3148 947 3195 mens
978 3140 1012 3199 et
1039 3150 1101 3196 cor
1143 3126 1322 3217 accipiunt
1373 3136 1534 3212 esterna,
1558 3126 1655 3197 iuxta
1676 3126 1830 3198 dictum:
1858 3124 2036 3202 lustilicati
2061 3133 2130 3205 fide
2151 3160 2272 3232 pacem
2294 3136 2359 3211 ba-

335 3232 472 3323 aliquns
506 3230 623 3301 radios
652 3228 742 3298 lucis
775 3225 918 3297 divinae
950 3241 984 3301 ιι
1017 3242 1134 3299 motus
1165 3229 1321 3320 Spiritus
1373 3226 1508 3296 bemus.
1559 3226 1664 3301 ltem:
1691 3224 2358 3320 0morscromnrstua,etoinierne

334 3332 455 3405 sancti.
502 3330 620 3403 Sentit
642 3332 736 3399 enim
765 3328 897 3399 Paulus
919 3330 1201 3415 invocationem,
1228 3332 1320 3403 bdu-
1373 3350 1432 3397 ero
1450 3328 1611 3400 infernus
1627 3344 1709 3401 tuus
1722 3344 1787 3401 ete.
1838 3329 1934 3421 Quia
1949 3357 2033 3406 vero
2050 3332 2135 3407 haec
2150 3340 2241 3428 vita,
2265 3367 2356 3439 qnae

333 3435 435 3518 eiam,
476 3433 645 3504 laetitiam
672 3433 709 3502 in
734 3430 827 3502 Deo:
870 3447 1013 3502 eatenus
1036 3447 1244 3512 estonum,
1286 3445 1321 3505 et
1372 3430 1571 3504 restituitur
1586 3453 1648 3522 per
1660 3432 1772 3504 filium
1787 3434 1869 3506 dato
1885 3432 2022 3527 Spiritu
2038 3455 2169 3528 saneto,
2194 3459 2245 3517 est
2263 3446 2356 3531 talis,

332 3531 413 3608 baec
428 3537 571 3606 novitas
586 3557 733 3622 regnare
757 3537 872 3610 debet.
923 3531 992 3606 Sed
1017 3539 1181 3607 nondum
1199 3536 1237 3604 in
1254 3529 1320 3606 hac
1372 3533 1485 3624 qsralis
1503 3550 1552 3607 est
1570 3538 1645 3626 ipse
1659 3535 1816 3629 Spiritus
1832 3552 1990 3621 sanctus,
2007 3540 2080 3614 sint
2096 3545 2251 3617 actiones
2266 3572 2353 3618 con-

333 3641 544 3710 vitanatura
564 3636 666 3707 Pauli
689 3659 833 3728 prorsus
852 3649 905 3706 est
924 3637 1160 3728 sinepeccatn
1190 3639 1320 3710 etsine
1370 3651 1538 3724 grueutes
1564 3637 1715 3728 Spiritui
1738 3652 1870 3711 sancto.
1922 3637 1970 3712 Ut
1989 3643 2077 3713 alibi
2098 3647 2245 3722 dicitnr:
2279 3648 2353 3722 Nos

335 3755 461 3822 nocte,
485 3754 631 3810 eatenus
644 3752 695 3811 est
717 3753 815 3810 vetus
831 3733 956 3824 bomo,
981 3743 1043 3810 sed
1060 3737 1147 3812 baec
1164 3754 1319 3816 vetustas
1371 3750 1500 3808 retecta
1527 3739 1619 3810 faeie
1636 3741 1787 3832 gloriam
1812 3739 1960 3812 Domini
1989 3747 2208 3838 speculantes
2238 3765 2356 3824 traus-

336 3843 582 3926 mortificatur,
609 3866 683 3912 uon
705 3856 839 3931 regnat.
1236 3935 1238 3940 Ι
1370 3840 1568 3912 formamur
1589 3843 1628 3912 in
1655 3845 1802 3914 eandem
1826 3844 2015 3933 imaginem
2036 3863 2102 3924 etc.

450 4013 458 4030 ‚
607 4013 615 4029 ‚
1471 3939 1524 4013 Ιιι
1548 3943 1736 4014 necessitas
1762 3946 1854 4016 bene
1882 3949 2055 4037 operandi
2076 3973 2118 4021 er
2144 3973 2248 4023 causa
2276 3953 2356 4026 eili-

376 4007 454 4112 Qffl
475 4020 612 4084 ’ΨΜ
633 4035 762 4084 'mmm
790 4019 955 4110 ΡΜῙΟ»
995 4005 1178 4112 9⁰⁰m⁰d⁰
1206 4020 1269 4088 ⁶¹⁶·
1371 4041 1504 4128 ciente,
1530 4046 1904 4119 etbnaliostenditur.
1956 4046 2000 4119 ln
2022 4047 2079 4122 bis
2099 4050 2354 4145 comprehensa

430 4149 593 4222 Primum
619 4161 868 4239 argumentum
890 4161 1047 4220 sumtum
1065 4171 1085 4218 a
1103 4149 1218 4221 causis
1240 4148 1317 4220 elii·
1369 4154 1421 4215 ιιι
1445 4157 1479 4214 ιι
1501 4148 1688 4220 necessitas
1708 4149 1842 4235 debiti,
1875 4146 1958 4243 quia
1987 4144 2046 4223 bic
2067 4159 2158 4226 ordo
2187 4157 2355 4230 immotus

333 4252 514 4328 cientibus.
1369 4261 1420 4318 est
1427 4296 1439 4332 ,
1465 4264 1507 4321 nt
1528 4264 1688 4323 creatura
1706 4251 1891 4324 rationalis
1905 4248 1984 4324 Deo
2004 4255 2166 4328 obediat:
2192 4272 2227 4330 et
2251 4263 2355 4332 resti·

376 4355 522 4426 Mortua
546 4366 673 4426 natura
696 4375 770 4421 nnn
797 4351 843 4423 sit
866 4351 1004 4424 edicas.
1369 4350 1483 4421 luitur
1509 4367 1658 4441 natura,
1697 4367 1737 4424 ut
1770 4355 1815 4425 ad
1837 4350 1930 4426 banc
1957 4357 2196 4430 obedientiam
2224 4364 2352 4435 redeat.

380 4455 417 4530 ln
444 4457 549 4528 uobis
573 4471 673 4528 vetus
702 4468 852 4544 natura,
892 4478 980 4548 quae
1013 4466 1064 4523 est
1096 4477 1208 4523 massa
1236 4478 1315 4544 pec·
1367 4448 1475 4522 Hune
1491 4456 1658 4526 ordinem
1672 4455 1835 4530 nominat
1851 4456 1984 4529 Paulus
1999 4459 2172 4534 debitum.

423 4560 491 4630 cati
516 4573 567 4630 est
589 4572 748 4642 mortua,
779 4557 818 4626 id
843 4569 916 4642 est,
952 4554 1068 4648 coepit
1089 4556 1315 4642 mortificari,

425 4686 491 4732 ner
515 4673 655 4752 regnat:
1419 4647 1501 4750 Qui
1511 4662 1679 4728 mortuus
1695 4665 1768 4742 ιιι,
1792 4650 2016 4751 iustificetur
2029 4660 2301 4756 estapeseesr's.

374 4757 469 4852 Ergo
493 4787 565 4832 nou
589 4765 635 4832 sit
659 4761 794 4834 efficax.

421 4863 605 4936 Minorem
635 4866 781 4957 probat,
821 4861 904 4954 quia
928 4883 992 4952 per
1013 4860 1229 4950 baptismum
1252 4883 1312 4930 eu·

333 4987 404 5034 mus
424 4969 463 5036 iu
490 4981 640 5038 mortem
663 4961 797 5037 Christi
822 4964 989 5052 baptizati
1035 4978 1072 5034 et
1111 4963 1310 5054 consepulti

329 5087 399 5136 eum
424 5093 487 5141 eo:
532 5069 615 5161 quia
649 5067 844 5167 baptismus
878 5078 932 5137 est
963 5065 1207 5136 testimonium
1241 5090 1314 5161 quo

332 5172 519 5258 mergimur
557 5187 725 5261 tanquam
757 5169 796 5236 in
831 5166 1039 5252 sanguinem
1078 5166 1233 5248 Christi,
1274 5182 1314 5237 ut

332 5273 512 5342 abluamur
527 5287 562 5346 et
579 5272 792 5360 accipiamus
806 5267 1052 5338 remissionem
1077 5283 1313 5358 peecatorum.

331 5367 565 5445 ltaautemiit
584 5371 766 5456 remissio,
799 5385 837 5440 ut
861 5387 1007 5462 propter
1026 5384 1175 5440 mortem
1199 5382 1233 5441 et
1258 5395 1313 5438 re·
1465 5365 1682 5460 Respondeo
1710 5367 1986 5464 simplicissime:
2027 5369 2174 5442 Dictum
2194 5363 2263 5442 hoe
2294 5372 2350 5444 ln·

332 5477 578 5546 surrectionem
597 5472 730 5546 Christi
750 5473 856 5542 etiam
880 5496 918 5541 re
942 5475 1016 5562 ipsa
1041 5473 1077 5542 in
1102 5470 1207 5541 uobis
1225 5473 1313 5541 abo·
1365 5470 1489 5566 quitur
1504 5474 1549 5540 de
1567 5472 1765 5542 actssalibue
1780 5471 1929 5562 peccatis
1946 5463 2054 5542 huius
2072 5471 2183 5557 vitae,
2207 5473 2350 5544 utdiei·

333 5573 437 5648 leatur
459 5591 661 5669 peccatum,
688 5576 773 5668 quia
792 5573 886 5644 iilius
904 5598 965 5664 per
979 5571 1213 5663 Evangelium
1230 5574 1314 5644 dato
1366 5587 1427 5645 tur
1449 5567 1582 5664 scepsis
1611 5569 1658 5646 nri
1676 5566 1824 5660 doleres,
1855 5573 1892 5642 id
1917 5586 1988 5660 est,
2020 5573 2081 5669 qni
2102 5587 2263 5644 mortuns
2280 5588 2351 5659 est,

332 5673 462 5768 Spiritu
488 5697 610 5750 sancto
652 5675 895 5766 arguitcorda
924 5677 1145 5766 depeccatn,
1179 5691 1210 5744 et
1229 5697 1312 5744 rnr-
1367 5673 1439 5744 iam
1462 5669 1557 5746 nibil
1573 5675 1645 5764 agit
1661 5675 1698 5744 in
1714 5669 1779 5746 bec
1794 5676 1883 5746 vita:
1909 5688 1950 5746 ιιι
1961 5675 2203 5764 strangulatus
2218 5673 2349 5748 desinit

331 5801 386 5852 sus
407 5781 578 5864 vivificat,
610 5792 646 5852 et
662 5776 823 5850 accendit
846 5799 976 5848 novam
1005 5777 1120 5848 lucem
1145 5787 1183 5848 et
1202 5798 1315 5847 novos
1365 5776 1489 5848 lucari.
1550 5773 1620 5848 Vel
1652 5776 1768 5848 dicas:
1809 5771 1979 5848 Mortuus
2012 5775 2220 5850 iustificetur
2247 5789 2352 5850 este

331 5899 443 5950 notus
459 5882 498 5952 in
516 5883 632 5953 nobis.
683 5877 802 5950 Huius
823 5877 1045 5953 remissionis
1066 5900 1133 5950 seu
1156 5877 1314 5950 reconci·
1366 5892 1530 5974 pesato,
1549 5876 1879 5969 quiesces-sciuros
1894 5899 1977 5950 eum
1996 5871 2153 5952 Christo·

377 5977 563 6054 Macen.
583 5987 689 6054 Orsa.
716 5977 804 6054 Vos..
826 5981 908 6056 XV.
1521 5975 1578 6056 69

1471 4823 1527 4898 De
1572 4821 1642 4900 boe
1680 4827 1776 4900 dicto
1814 4827 1946 4900 multae
1994 4826 2236 4902 cavillationes
2276 4831 2353 4926 egi·

1365 4940 1498 5010 tamur·
1518 5029 1688 5104 Mortuus
1708 5029 1916 5102 iustihcatur
1938 5044 1990 5102 est
2015 5055 2036 5103 a
2056 5047 2219 5126 peceato,

1519 5133 1626 5204 ludas
1647 5145 1700 5203 est
1722 5146 1901 5218 mortuns,

1519 5233 1651 5326 igitur:
1680 5231 1889 5307 lustibeatus
1910 5247 1975 5310 est.
