5825 6950
562 722 662 801 xtn
714 725 750 798 s.
777 720 1075 801 arnasano
1101 724 1255 805 uersu.
1280 722 1432 797 raum
1459 716 1527 797 tn
1554 702 1816 800 nonanus.
1868 721 1971 804 car.
2000 724 2066 800 ru.
2247 726 2322 806 aas

292 900 390 971 stides
411 880 776 979 nominatur'inslns,
816 896 1031 989 intelligitur
1053 898 1110 967 vir
1135 896 1274 969 nullius
1407 856 1501 969 'sed
1525 898 1637 987 cogita
1663 896 1855 984 Davidem,
1882 902 1945 997 qni
1966 926 2046 973 eum
2071 899 2321 992 obiurgatura

292 1000 450 1095 criminis
464 1024 565 1085 reus,
598 1002 657 1071 sed
684 1002 855 1072 obediens
878 1002 1045 1071 omnibus
1073 1002 1211 1091 legibus
1234 1002 1274 1070 in
1330 992 1493 1086 Nathan,
1519 1002 1673 1071 sentiens
1696 1004 1785 1072 iram
1809 1000 1895 1084 Dei,
1929 1017 1963 1075 et
1986 1006 2112 1075 videns
2138 1005 2320 1093 ingentem

292 1118 423 1175 esterna
443 1103 648 1197 disciplina.
698 1101 759 1175 Sic
782 1104 909 1177 usitate
926 1104 1058 1175 dicitur
1072 1104 1117 1173 de
1136 1102 1276 1215 iusticia
1330 1103 1460 1171 molem
1478 1117 1720 1196 peccatorum,
1740 1106 1927 1193 adulterii,
1955 1101 2161 1189 homicidii,
2184 1122 2218 1177 et
2233 1102 2321 1177 bor·

294 724 361 803 857

292 1205 489 1279 universali.

356 1371 519 1449 Iustt'cia
543 1373 583 1445 in
609 1396 685 1447 sese
709 1372 858 1446 virtutes
883 1372 1041 1446 continet
1064 1398 1198 1447 omnes.

383 1513 433 1583 Et
456 1513 552 1602 apud
574 1508 783 1583 Horatium:
810 1508 947 1581 lustum
964 1526 999 1583 et
1018 1526 1175 1584 tenacem
1193 1538 1276 1606 pro-

296 1616 388 1709 positi
407 1614 544 1699 virum‚
575 1612 654 1683 Non
678 1614 798 1685 vultus
815 1615 980 1685 instantis
997 1616 1141 1710 tyranni
1158 1630 1276 1686 mente

296 1720 399 1813 quatit
415 1716 550 1802 solida,
579 1714 620 1786 Si
640 1717 771 1787 fractus
794 1715 965 1789 illabatur
980 1719 1097 1805 urbis,
1124 1720 1275 1811 impavi-

296 1826 369 1891 dum
390 1820 524 1890 ferient
545 1819 681 1894 ruinae.

386 1922 489 1991 Alias
506 1920 680 2011 significat
693 1920 871 1992 iusticiam
890 1922 1159 2015 particularem,
1187 1947 1276 2012 qnae

294 2039 336 2097 est
355 2022 606 2116 aequalitatem
631 2024 668 2091 in
692 2024 934 2095 contractibus
950 2048 1111 2112 servare,
1139 2040 1178 2095 ut
1193 2024 1277 2096 Me-

295 2149 409 2197 menas
435 2126 473 2194 in
500 2125 718 2196 emtionibus
744 2124 857 2195 iustus
885 2140 956 2209 est,
989 2129 1125 2199 etiamsi
1149 2128 1189 2199 in
1213 2154 1276 2198 vo-

296 2229 486 2321 luptatibus
509 2251 582 2297 nou
606 2243 722 2300 servat
745 2229 903 2303 modum.

387 2328 467 2399 llae
491 2344 575 2399 snnt
604 2331 891 2419 significationes
907 2331 976 2422 legi
1013 2324 1275 2420 convenientes,

297 2456 395 2528 qnare
419 2446 453 2503 et
468 2426 668 2523 Prophetae
694 2447 729 2503 et
743 2430 926 2525 Apostoli,
960 2458 1040 2504 cum
1068 2437 1154 2528 legis
1179 2461 1277 2506 more

297 2542 331 2607 de
353 2534 523 2627 operibus
547 2536 760 2624 loquuntur,
786 2536 974 2607 incurrunt
998 2537 1035 2607 in
1062 2534 1125 2609 has
1142 2539 1278 2630 signiti-

298 2638 464 2722 cationes,
491 2649 531 2708 ut
540 2634 703 2707 Psalmus
718 2637 764 2706 de
780 2638 973 2707 universali
989 2640 1167 2734 loquitur:
1195 2640 1279 2712 Feci

299 2741 460 2811 iudicium
485 2752 520 2810 et
542 2738 738 2824 iusticiam,
763 2750 797 2807 et
814 2738 983 2812 loannes:
1019 2740 1093 2831 Qui
1116 2744 1202 2815 iacit
1222 2744 1279 2814 iu·

300 2844 445 2926 stiriam,
464 2842 577 2913 iustos
591 2854 654 2913 est.
692 2840 874 2911 lnterdum
892 2844 936 2913 de
951 2846 1157 2935 particulari
1177 2846 1286 2917 iusti·.

301 2946 340 3015 cia
356 2944 510 3028 dicitnr,
535 2956 575 3014 ut
599 2943 727 3014 Psalm.
751 2942 804 3018 7.:
832 2941 953 3016 ludica
977 2970 1032 3017 me
1046 2948 1202 3019 Domine
1225 2972 1278 3019 se·

302 3049 446 3117 cundum
480 3046 654 3115 iusticiam
681 3070 815 3131 meam,
853 3048 987 3119 scilicet
1018 3052 1279 3141 particularem,

302 3146 357 3220 boc
377 3163 450 3234 est,
477 3148 670 3219 secundum
696 3142 788 3219 banc
809 3170 950 3219 causam
974 3150 1121 3234 iustam,
1150 3155 1278 3248 inqua

304 3250 375 3323 Saul
393 3275 451 3320 me
466 3251 555 3321 laiso
574 3249 800 3337 criminatur,
820 3253 916 3345 qnod
934 3249 1000 3325 sim
1020 3257 1227 3341 seditiosus,
1245 3269 1280 3327 et

303 3356 397 3424 selim
422 3375 503 3423 eum
523 3376 564 3423 ex
584 3375 694 3444 regno
718 3363 898 3440 exeruere,
925 3352 984 3425 Tu
1007 3357 1054 3426 sis
1076 3360 1195 3440 testis,
1221 3382 1279 3429 me

304 3452 517 3526 multabere
540 3450 632 3527 bane
655 3456 882 3532 iniustitiam.

391 3557 505 3630 Aliud
529 3571 580 3630 est
607 3560 707 3652 loqui
732 3561 776 3630 de
804 3559 941 3630 iusticia
967 3582 1138 3653 personae
1161 3583 1279 3633 coram

304 3658 386 3746 Deo,
412 3661 535 3742 idest,
561 3663 606 3730 de
623 3661 863 3753 acceptatione
878 3683 1065 3754 personae:
1107 3667 1167 3734 sed
1194 3661 1280 3734 Per-

304 3785 378 3832 sona
394 3763 463 3834 lide
480 3763 572 3834 insta
591 3786 651 3834 seu
668 3777 828 3854 accepta,
857 3779 976 3856 postea
996 3765 1127 3837 dicitur
1150 3763 1281 3839 babere

305 3865 424 3935 bonam
447 3865 718 3953 conscientiam,
742 3878 778 3937 et
794 3879 912 3956 petere
930 3891 949 3937 a
966 3863 1043 3941 Deo
1059 3869 1231 3940 araxilium
1248 3882 1282 3939 et

306 3967 537 4038 defensionem
554 3969 592 4038 in
608 3991 709 4039 causa
734 3969 841 4044 bona.
891 3967 962 4039 llic
984 3969 1134 4061 intelligi
1158 3984 1282 4063 potest,

305 4085 467 4160 quantum
483 4069 610 4142 referet
626 4071 838 4143 vocabulum
855 4069 1015 4146 iusticiae
1035 4073 1086 4145 ibi
1108 4088 1202 4145 recte
1224 4075 1283 4142 in·

306 4170 406 4262 telligi
428 4173 473 4242 de
500 4173 705 4264 particulari
722 4173 873 4248 iusticia.
926 4170 1074 4246 Genesis
1088 4176 1169 4250 30.:
1197 4171 1283 4246 Cras

305 4275 524 4365 respondebit
545 4269 635 4344 mihi
668 4273 804 4348 iusticia
833 4299 929 4362 mea,
962 4277 1095 4349 scilicet
1126 4279 1282 4370 particu-

306 4375 390 4458 laris,
406 4379 503 4470 qnod
523 4377 613 4448 iuste
628 4380 824 4448 mercedem
844 4378 1035 4470 postulem.
1088 4378 1217 4452 Matth.
1230 4385 1282 4455 8.:

307 4475 404 4550 Decet
419 4501 487 4549 nos
502 4479 652 4572 implere
665 4501 808 4550 omnem
826 4479 1020 4569 iusticiam,
1046 4483 1180 4554 scilicet
1201 4507 1284 4576 par·

308 4581 482 4651 ticularcm
507 4603 591 4652 suae
619 4581 791 4678 cultisque
814 4583 1028 4672 vocationis,
1070 4611 1127 4655 me
1152 4608 1286 4672 meam,

309 4695 336 4750 te
360 4698 470 4756 tuam.

1328 1204 1491 1275 ribilium
1517 1207 1784 1293 scandalorum,
1826 1210 1917 1299 fugit
1939 1206 2075 1293 Deum,
2112 1223 2144 1278 et
2166 1209 2324 1279 luctatur

1329 1330 1409 1376 cum
1428 1322 1554 1382 morte.
1606 1306 1676 1379 Hic
1694 1310 1959 1401 condisputat,
1977 1336 2065 1406 quas
2088 1312 2235 1381 virtutes
2250 1306 2317 1379 lta-

1330 1410 1429 1494 beat,
1444 1422 1478 1479 et
1492 1412 1588 1482 videt
1602 1436 1639 1481 se
1658 1437 1731 1481 non
1749 1408 1880 1483 habere
1894 1413 2068 1485 iusticiam
2086 1412 2321 1489 essentialem,

1329 1509 1383 1581 De
1402 1507 1470 1581 hoc
1493 1536 1607 1602 agone
1627 1512 1949 1608 loquiturPaulus,
1966 1516 2147 1610 inquiens:
2176 1510 2318 1585 Omnes

1331 1628 1582 1705 peccaverunt,
1617 1618 1749 1705 idest,
1784 1642 1908 1687 omnes
1932 1632 2015 1689 sunt
2037 1620 2109 1703 rei,
2144 1630 2177 1688 ct
2198 1632 2320 1689 carent

1330 1716 1441 1805 gloria
1464 1716 1551 1802 Ilei,
1587 1720 1622 1788 iu
1646 1733 1719 1799 est,
1761 1718 1839 1788 lnce
1865 1718 1931 1790 Dei
1953 1722 2111 1811 fulgente
2134 1722 2173 1788 in
2196 1733 2324 1790 natura

1330 1818 1535 1909 incorrupta
1546 1872 1557 1906 ‚
1592 1843 1654 1891 seu
1679 1822 1756 1913 ipso
1778 1819 1856 1891 Deo
1880 1837 2039 1907 carent‚'
2059 1824 2269 1893 ostendente
2285 1846 2322 1892 se

1330 1934 1364 1991 et
1380 1924 1592 1993 accendente¹
1611 1926 1793 1995 ardentem
1812 1924 2058 2004 dilectionem,
2085 1938 2120 1995 et
2136 1924 2225 2015 alios
2243 1948 2322 1993 nsu-

1330 2036 1387 2093 tus
1418 2022 1485 2105 legi
1520 2041 1773 2116 congruentes,
1818 2027 1897 2095 sine
1922 2028 1998 2097 ullo
2024 2042 2175 2117 peccato.
2229 2022 2321 2096 Cum

1331 2126 1424 2195 enirn
1447 2124 1580 2197 Paulus
1603 2130 1764 2200 nominat
1781 2126 1945 2199 Gloriam
1964 2123 2051 2213 Dei,
2093 2128 2254 2223 loquitur
2276 2132 2321 2197 de

1330 2228 1390 2295 ills
1409 2228 1505 2297 luce:
1521 2246 1555 2302 et
1573 2226 1662 2301 mihi
1679 2256 1752 2302 non
1769 2232 1932 2321 displicet
1948 2232 2112 2303 effectum
2130 2246 2163 2302 et
2179 2254 2320 2301 eausam

1331 2329 1538 2419 complecti,
1569 2348 1608 2404 ut
1631 2358 1713 2403 cum
1735 2333 1883 2404 dicitnr:
1918 2332 1998 2405 Erit
2014 2332 2110 2403 Deus
2136 2334 2256 2402 omnia
2281 2334 2319 2427 ip

1330 2433 1509 2506 omnibus.
1549 2432 1671 2529 lnquit
1692 2450 1809 2507 autem
1831 2434 1982 2523 Paulus,
2016 2458 2230 2507 omnescsse
2252 2435 2321 2503 im·

1333 2537 1486 2605 mundos
1502 2550 1538 2605 et
1552 2561 1631 2607 reos
1647 2562 1764 2608 coram
1779 2534 1869 2607 Deo.

1419 2634 1511 2707 Cum
1528 2638 1637 2728 igitur
1651 2637 1768 2711 David
1785 2640 1823 2709 in
1838 2635 1905 2710 hoc
1920 2662 2026 2709 sensu
2041 2636 2115 2709 irae
2131 2634 2198 2708 Dei
2214 2659 2322 2732 quae-

1330 2740 1377 2809 rit
1402 2738 1599 2827 iusticiam,
1630 2743 1718 2836 quid
1740 2746 1845 2814 offert
1859 2742 2047 2835 promissio
2064 2756 2096 2812 et
2115 2736 2323 2830 uox‘Evan-

1331 2840 1441 2933 gelli?
1489 2838 1573 2914 Nou
1591 2846 1641 2916 ait
1658 2868 1738 2915 eum
1753 2846 1886 2919 iustum
1904 2866 1977 2915 esse
1992 2844 2200 2935 impletione
2222 2841 2323 2931 legis,

1331 2946 1392 3015 sed
1418 2960 1595 3018 monstrat
1616 2948 1785 3019 beneficia
1812 2946 2036 3032 mediatoris,
2075 2945 2322 3015 remissionem

1332 3060 1555 3139 peccatorum
1582 3063 1616 3122 et
1639 3049 1963 3121 reconciliationem
1997 3049 2213 3139 gratuitam,
2260 3069 2323 3114 seu

1331 3148 1603 3239 imputationem
1625 3151 1785 3223 iusticiae
1801 3166 1945 3244 propter
1962 3150 2214 3231 mediatorem,
2240 3170 2322 3215 cnm

1332 3274 1402 3344 qna
1428 3250 1536 3321 simul
1563 3254 1603 3325 fir
1626 3254 1835 3335 vivificatio,
1877 3277 1958 3323 cum
1981 3252 2094 3323 credit
2118 3274 2154 3321 se
2177 3262 2327 3343 propter

1332 3353 1571 3427 obedientiam
1596 3356 1805 3428 mediatoris
1833 3355 1955 3448 recipi.

1434 3453 1718 3554 Quibuscunque
1734 3460 1843 3550 igitur
1859 3459 1975 3529 verbis
1989 3454 2042 3528 uti
2059 3454 2167 3538 velis,
2183 3474 2322 3524 necesse

1333 3571 1384 3629 est
1408 3559 1593 3650 complecti
1617 3563 1861 3634 remissionem
1886 3573 2127 3653 peccatorum,
2160 3555 2320 3628 reconci-

1333 3662 1544 3741 liationem,
1590 3685 1652 3734 seu
1684 3663 1954 3752 imputationem
1985 3661 2143 3732 iusticias
2177 3659 2324 3751 pr'opter

1333 3763 1577 3834 mediatorem.
1612 3764 1702 3836 Nam
1718 3762 1775 3837 his
1789 3765 1906 3837 verbis
1923 3788 2083 3857 expresse
2099 3765 2214 3835 utitur
2229 3760 2326 3830 Pau·

1334 3867 1408 3950 lus,
1443 3879 1476 3934 et
1494 3867 1631 3959 quaerit
1657 3867 1793 3954 David,
1828 3893 1902 3938 non
1927 3892 2017 3961 qnae
2043 3867 2192 3935 virtutes
2218 3863 2256 3932 in
2281 3885 2324 3931 eo

1335 3965 1514 4053 habitent,
1536 3983 1596 4038 aut
1618 3972 1733 4065 qualis
1757 3973 1803 4042 sit
1826 3965 2038 4042 inhabitatio
2058 3968 2096 4037 in
2120 3969 2196 4060 ipso
2220 3963 2325 4036 iusti-

1334 4071 1409 4140 ciae
1430 4071 1645 4159 essentialis,
1685 4074 1745 4144 sed
1768 4075 1950 4168 quomodo
1972 4070 2119 4162 accipiat
2144 4065 2324 4138 remissio·

1335 4197 1418 4242 nem
1446 4189 1669 4263 peccatorum
1693 4190 1726 4245 et
1751 4175 2102 4256 reconciliationem,
2141 4170 2323 4265 quomodo

1337 4276 1489 4366 placeat,
1516 4288 1551 4345 et
1568 4279 1615 4346 sit
1631 4295 1792 4372 acceptus
1811 4277 1900 4352 Deo.
1950 4273 2027 4345 Has
2048 4273 2236 4343 relationes
2259 4293 2324 4337 ne-

1337 4400 1429 4448 cesse
1445 4390 1496 4448 est
1512 4378 1719 4474 complecti,
1752 4383 2024 4477 quibuscunque
2045 4378 2190 4448 tandem
2207 4371 2327 4441 verbis

1336 4479 1388 4552 uti
1414 4479 1524 4552 voles.

1437 4579 1529 4652 Cum
1557 4580 1666 4671 igitur
1688 4582 1994 4654 considerabimus
2025 4604 2146 4650 veram
2176 4598 2326 4648 conver-

1339 4685 1497 4767 sionem,
1533 4683 1673 4754 sacilius
1695 4685 1953 4774 intelligemus,
1993 4682 2080 4778 quid
2105 4681 2236 4751 Paulus
2257 4701 2327 4748 no-

398 4785 463 4856 Est
481 4799 516 4857 et
534 4786 594 4855 illa
612 4785 736 4876 legalis
751 4785 930 4872 delinitio,
948 4790 1185 4884 complectens
1200 4787 1285 4857 uni·
1340 4785 1452 4858 minet
1477 4783 1675 4871 lustitiam,
1701 4810 1761 4855 seu
1780 4785 2078 4860 lustilicationem.
2131 4779 2231 4854 Nihil
2255 4782 2326 4849 du·

311 4889 468 4958 rersalem
493 4900 527 4957 et
554 4887 802 4980 particularem
826 4889 1027 4963 iusticiam:
1069 4884 1288 4984 δικαιοσύνη
1341 4889 1441 4958 bium
1467 4900 1536 4970 est,
1570 4887 1690 4956 doceri
1711 4885 1778 4957 lroc
1806 4887 1908 4974 loco,
1943 4887 2124 4981 quomodo
2148 4880 2258 4954 bomo
2281 4880 2329 4953 sit

313 4985 375 5061 loci
387 4986 568 5062 κοινωνία
585 4989 681 5064 θεοῦ
693 4987 770 5086 μετ’
785 4983 965 5088 ἰσότητος.
1014 4991 1121 5065 Prior
1138 5017 1218 5088 pars
1233 4993 1289 5063 lo·
1341 4991 1455 5060 iustus
1478 5012 1597 5058 coram
1622 4987 1718 5076 Deo,
1743 5014 1825 5060 cum
1846 5004 1965 5059 tamen
1986 5001 2107 5058 nostra
2131 5000 2258 5056 natura
2280 4983 2328 5053 sit

314 5093 671 5184 quiturdenovitate‚
702 5115 772 5188 qua
788 5091 885 5165 Deus
902 5095 993 5168 lucet
1012 5095 1051 5164 in
1069 5097 1220 5183 renatis,
1255 5106 1288 5164 et
1342 5093 1550 5174 immunda,
1583 5115 1747 5183 oppressa
1780 5091 1874 5161 mole
1907 5105 2151 5185 peccatorum,
2191 5101 2225 5157 et
2256 5109 2328 5156 rea.

314 5195 461 5265 accendit
484 5194 608 5276 fidem,
635 5195 823 5277 timorem,
850 5197 987 5267 etalias
1009 5197 1173 5270 virtutes.
1224 5195 1289 5268 Se·
1341 5191 1411 5264 llic
1434 5194 1551 5286 inquit
1575 5191 1706 5263 Paulus
1727 5183 1910 5266 flumin:
1946 5188 2180 5264 iustificamur
2204 5186 2330 5278 gratis,

315 5300 415 5368 conda
441 5321 522 5388 pars
546 5296 707 5391 loquitur
727 5299 771 5368 de
794 5299 963 5392 operibus
988 5303 1162 5370 secundae
1185 5301 1289 5370 tabu·
1343 5319 1406 5388 per
1420 5294 1691 5380 redemtionem,
1718 5311 1872 5388 quaeest
1887 5295 1926 5364 in
1942 5291 2085 5366 Christo
2102 5290 2199 5372 lesu,
2220 5312 2327 5382 quem

317 5397 376 5484 lac,
400 5423 490 5494 quae
511 5403 746 5470 concionatur
768 5402 813 5471 de
836 5402 1047 5495 aequalitate
1064 5425 1144 5494 erga
1168 5400 1290 5493 prori—
1344 5398 1528 5489 proposuit
1563 5393 1660 5466 Deras
1700 5396 1973 5488 propiciatorem
2012 5419 2077 5489 per
2119 5393 2361 5482 sangninem,

320 5523 422 5589 utam,
446 5501 654 5572 utdicitur:
689 5499 825 5590 Diliges
849 5503 1048 5597 proximum
1074 5518 1175 5575 tuum
1199 5503 1290 5572 sicut
1343 5501 1465 5590 ipsius.
1515 5495 1605 5568 ltem
1630 5495 1735 5571 Rom.
1754 5497 1807 5568 6.:
1842 5496 2021 5570 lustificati
2045 5495 2218 5584 sanguine
2239 5493 2327 5562 cius.

321 5605 483 5696 teipsum.
535 5601 639 5674 ltem:
676 5601 782 5694 Quod
803 5605 869 5676 tibi
892 5629 967 5676 non
988 5605 1042 5674 vis
1060 5605 1157 5692 fieri,
1189 5605 1289 5674 alteri
1343 5599 1454 5671 ltem:
1481 5596 1717 5670 Reconciliati
1741 5601 1819 5671 Deo
1841 5625 1905 5690 per
1925 5615 2075 5672 mortem
2099 5598 2175 5667 filli.
2272 5695 2282 5712 ι

322 5729 355 5774 ne
379 5703 514 5776 leceris.
563 5703 634 5778 Sed
659 5705 878 5796 intelligatur
905 5706 1098 5801 aequalitas
1126 5707 1290 5777 ordinata
1446 5703 1539 5772 Cum
1561 5700 1670 5790 igitur
1693 5703 1892 5774 iustificatio
1910 5703 1954 5774 sit
1969 5701 2123 5794 acceptio
2145 5695 2330 5768 remissio·

324 5805 382 5896 lege
409 5806 500 5892 Dei,
542 5805 636 5877 iuxta
661 5804 746 5881 haee
770 5810 879 5880 dicta:
918 5805 1004 5880 Nou
1028 5805 1290 5894 moechaberis,
1343 5803 1399 5873 nis
1424 5817 1646 5894 peccatorum
1670 5818 1705 5874 et
1727 5805 2044 5892 reconciliationis,
2083 5825 2144 5872 seu
2169 5811 2330 5890 accepts-
2385 5851 2411 5884 ,

323 5903 388 5980 Non
407 5911 544 5982 lurtum
567 5909 686 5982 iacies.
739 5967 743 5974 .
1344 5905 1451 5978 tionis
1473 5929 1593 5977 coram
1615 5902 1712 5996 Deo,
1744 5929 1808 6000 per
1828 5905 2267 5988 ddecuiwmediatorem,
2291 5899 2331 5967 in
2442 5908 2452 5930 ²
