5825 6950
568 714 644 789 907
1158 699 1288 777 PHlL.
1313 698 1433 779 MEL.
1461 692 1675 779 SCRIPTA
1697 684 2003 822 monstra
2520 700 2587 777 908

568 884 682 983 cepti,
710 898 744 955 et
766 878 961 973 gloriamur
974 901 1035 973 spe
1053 876 1190 969 gloriae
1201 873 1290 962 Dei,
1324 875 1360 947 id
1387 891 1459 962 cst,
1491 877 1565 947 lae·
1617 871 1710 948 listis
1732 867 1923 970 quotidie,·
1955 883 1988 938 et
2013 867 2184 941 accedunt
2208 866 2344 941 sorores
2366 868 2589 958 diabolorum,

570 1007 737 1063 sansures
758 986 964 1075 statuimus,
990 992 1086 1077 quod
1104 982 1200 1055 Deos
1222 982 1268 1053 sit
1285 1000 1349 1052 nos
1364 982 1478 1071 gloria
1500 1006 1565 1055 sua
1617 983 1678 1075 qui
1703 983 1739 1049 iu
1762 976 2036 1071 bancsssisesasss
2060 988 2091 1042 et
2120 975 2296 1046 desertam
2322 990 2482 1045 naturam
2506 1005 2592 1051 eser.

576 1112 718 1165 aeterna
748 1104 956 1171 orrsatssrus,
981 1086 1018 1154 io
1042 1101 1113 1171 est,
1146 1086 1218 1155 visa
1248 1100 1390 1155 aeterna
1412 1100 1446 1157 et
1469 1110 1566 1155 eom·
1616 1100 1696 1155 cent
1722 1076 1935 1154 horribilem
1957 1076 2161 1161 servideus,
2190 1079 2273 1172 quia
2297 1094 2382 1149 sunt
2400 1073 2593 1153 homicidae.

574 1190 886 1267 suossicatiossesssi
922 1189 1054 1281 ipsius,
1079 1188 1245 1259 videlicet
1279 1189 1486 1272 snaelucis,
1511 1212 1564 1259 sa·
1616 1190 1687 1258 Sed
1712 1210 1823 1281 quare
1845 1181 2003 1257 Ecclesia
2025 1181 2138 1270 magis
2167 1194 2220 1251 est
2253 1204 2474 1253 aerumnosa.
2534 1183 2591 1255 llic

573 1300 749 1399 pientiae,
778 1294 936 1365 iusticias
954 1308 987 1362 et
1006 1282 1160 1361 laetitiae
1180 1306 1356 1361 aeternae.
1396 1290 1442 1363 Et
1460 1288 1568 1383 plsra-
1618 1291 1773 1383 psisnusn
1799 1293 2010 1382 repetendae
2036 1298 2123 1359 sunt
2144 1306 2349 1355 communes
2366 1308 2504 1372 causae,
2523 1291 2594 1379 quia

572 1405 621 1471 sis
637 1406 862 1471 observetur:
882 1392 1007 1467 Gloria
1026 1394 1108 1479 Dei,
1127 1394 1279 1477 scilicet,
1297 1408 1472 1486 quatenns
1491 1420 1566 1463 essu
1619 1418 1743 1463 omnes
1764 1393 1947 1464 nascimur
1964 1417 2044 1463 curn
2064 1402 2221 1483 peccato.
2275 1386 2363 1457 Vult
2378 1402 2495 1459 antem
2512 1388 2594 1461 Deos

574 1506 679 1575 ssulsis
709 1500 970 1577 communicat,
1005 1512 1038 1568 et
1063 1499 1146 1567 lacit
1170 1522 1235 1565 rsus
1254 1498 1388 1567 similes
1412 1500 1500 1583 sibi,
1527 1512 1574 1585 ιιι
1618 1497 1656 1565 iss
1671 1492 1827 1567 Ecclesia
1843 1494 2033 1591 praecipue
2050 1495 2203 1587 intelligi
2227 1494 2317 1567 icam
2335 1494 2504 1565 adversus
2527 1517 2594 1583 pcr-

577 1611 730 1679 loannes
748 1602 917 1696 loquitur.
1619 1616 1754 1688 catum,
1781 1602 1877 1695 quod
1896 1601 2052 1669 mundns
2068 1622 2213 1669 securos
2237 1594 2447 1670 cosstemoit.
2498 1588 2595 1667 Eser·

679 1706 861 1798 Signifieat
876 1718 995 1775 autem
1013 1703 1182 1797 gloriari,
1198 1690 1340 1789 laetari,
1365 1716 1399 1773 et
1416 1714 1568 1773 statuere
1619 1717 1717 1774 cetur
1741 1727 1823 1793 ergo
1847 1696 2003 1773 Ecclesia
2027 1703 2175 1785 durius,
2217 1717 2258 1773 ut
2288 1698 2537 1773 cosnmosscfiat
2559 1703 2594 1769 de

433 1806 446 1874 ‚⁸
575 1814 711 1907 aliquid
731 1808 1042 1897 nobisgloriosnsn
1061 1829 1154 1891 esse,
1182 1808 1217 1875 id
1241 1822 1313 1895 est,
1343 1831 1415 1877 reus
1437 1808 1567 1875 bonam
1619 1807 1670 1875 ira
1699 1808 1775 1877 oei.
1835 1802 1917 1874 Hoc
1946 1806 2124 1896 pertinent
2157 1799 2397 1897 doxassoos'us,
2430 1807 2524 1879 iusta
2548 1803 2594 1873 di·

574 1942 636 1987 sess
651 1916 840 1984 salutarem
858 1932 940 1983 esse.
976 1908 1026 1979 lta
1044 1909 1216 1980 laetamur
1231 1932 1291 1999 spe
1309 1920 1478 1979 venturae
1492 1911 1568 2001 glo·
1620 1927 1741 1981 ctumz·
1760 1907 1894 1978 Filium
1912 1932 2019 2001 quem
2039 1908 2173 1997 diligit,
2200 1912 2358 1998 castigas.

574 2022 669 2104 riae,
695 2032 728 2085 ct
750 2015 914 2083 discimus
936 2013 1033 2082 illam
1057 2012 1205 2103 gloriam
1232 2036 1305 2083 esse
1331 2038 1449 2083 veram
1472 2016 1568 2083 salu·
1721 2011 2095 2094 secuturam-abolus
2110 2012 2196 2081 odio
2213 2009 2345 2083 Christi
2364 2012 2517 2083 atrocius
2532 2038 2592 2085 sae-

576 2138 647 2193 sem
664 2133 698 2189 et
715 2118 975 2187 liberationem.
1621 2114 1696 2185 vire
1720 2129 1869 2185 conatur
1887 2116 1924 2183 in
1942 2113 2145 2188 Ecclesiam.

679 2220 747 2291 llic
763 2236 798 2291 et
814 2218 974 2290 delinitio
992 2218 1064 2307 spei
1082 2230 1257 2289 teneatur:
1284 2216 1372 2310 Spes
1397 2231 1449 2289 est
1474 2230 1567 2290 certa
1724 2216 1867 2299 'l'ertia,
1895 2217 2006 2286 l'alde
2020 2218 2131 2287 uudta
2148 2230 2232 2289 sont
2256 2232 2287 2289 et
2308 2216 2461 2289 actualia
2484 2218 2591 2289 delicta

574 2323 769 2417 expectatio
790 2336 954 2392 aeterssae
976 2322 1088 2406 vitae,
1115 2319 1239 2392 Gratis
1261 2322 1399 2390 dandae
1424 2338 1571 2415 propter
1622 2321 1659 2389 in
1682 2318 1857 2409 Ecclesia,
1897 2334 1937 2391 ut
1963 2318 2113 2389 Davidis
2142 2320 2383 2405 adulterium,
2428 2319 2593 2393 Marianae

575 2430 828 2507 mediatorem,
857 2438 890 2495 et
908 2424 1140 2513 mitigationis
1159 2426 1397 2517 praesentium
1424 2426 1565 2495 caland-
1622 2422 1799 2495 idolatria.
1850 2420 1947 2493 Haec
1970 2423 2076 2494 etiam
2094 2421 2192 2493 Dens
2211 2424 2319 2515 possit
2335 2425 2513 2495 atrocibus
2525 2449 2593 2516 poe-

577 2548 710 2615 saturn,
737 2530 834 2599 iusta
857 2528 1046 2599 consilium
1063 2526 1141 2601 Dei.
1621 2527 1678 2596 nis
1696 2529 1733 2595 in
1751 2523 1815 2597 bac
1832 2528 1923 2613 vita,
1948 2539 1989 2599 ut
2010 2527 2049 2595 in
2062 2526 2144 2602 aliis
2162 2521 2385 2606 hominibus.
2435 2524 2514 2599 Huc
2528 2552 2592 2621 per·

653 2693 739 2768 ῙῙΗΟ
766 2692 877 2763 mam
899 2689 987 2789 61οΓ
988 2690 1114 2764 imm
1142 2692 1181 2797 ’.Ρ
1211 2689 1496 2795 ‘'sffiffimbu‘·
1625 2645 2084 2825 uuenbiddur‘dd:&Stispplicia
2105 2730 2144 2803 iu
2169 2730 2396 2803 consessione
2411 2746 2494 2803 sunt
2512 2733 2589 2805 testi-

685 2834 792 2925 Legis
812 2847 846 2905 et
868 2834 1018 2905 rationis
1043 2834 1216 2905 iudicium
1243 2850 1312 2921 est,
1340 2834 1446 2909 Iustis
1468 2840 1572 2911 debet
1623 2836 1764 2920 monia,
1788 2840 1886 2929 quud
1901 2837 2014 2908 sancti
2031 2859 2113 2906 vere
2127 2835 2178 2907 sic
2192 2835 2350 2905 sentiant
2364 2834 2590 2909 sicotdoceot.

581 2943 675 3011 bene
698 2961 784 3010 esse.
835 2934 874 3007 ld
899 2961 1023 3007 venam
1044 2954 1114 3022 est,
1138 2940 1197 3009 sed
1225 2940 1495 3031 intelligendum
1520 2955 1573 3015 est
1622 2942 1716 3011 Sum
1731 2940 1815 3009 item
1826 2939 2038 3023 testimonia,
2053 2962 2145 3031 quae
2157 2939 2355 3009 ostendunt
2370 2953 2499 3011 restare
2512 2940 2590 3009 aliud
2622 3003 2623 3018 ,

575 3046 674 3115 iusta
693 3040 876 3129 Evangelii
893 3040 1192 3122 declarationem,
1220 3045 1316 3135 quod
1333 3047 1452 3128 docet,
1478 3071 1572 3139 qno.
1622 3044 1814 3112 iodicium:
1837 3043 1921 3136 quia
1940 3045 2035 3111 enim
2046 3042 2145 3111 Deus
2164 3054 2267 3112 antea
2283 3042 2444 3114 ostendit
2459 3038 2591 3111 sePaolo

574 3146 684 3215 modo
708 3139 872 3213 homines
894 3142 980 3219 fiant
1004 3142 1107 3225 iusti,
1142 3158 1178 3215 et
1210 3146 1355 3238 quando
1380 3148 1452 3219 sint
1472 3173 1575 3233 acce-s
1622 3147 1742 3216 adesse
1762 3146 1984 3218 resssscitanti
2010 3158 2188 3230 mortuos,
2219 3156 2255 3215 et
2279 3143 2414 3215 deiude
2438 3146 2588 3216 finitcom

574 3248 673 3342 pturi
694 3246 872 3339 proemia,
910 3259 944 3317 et
975 3270 1039 3315 cur
1070 3248 1108 3315 in
1131 3240 1197 3316 hac
1231 3249 1301 3321 vita
1325 3250 1476 3323 subiecti
1498 3253 1572 3325 sint
1623 3249 1774 3343 interfici
1789 3248 1982 3334 aNcrone‚
2004 3246 2177 3339 siguificat
2192 3260 2314 3340 postea
2333 3246 2520 3319 discrimen
2532 3248 2590 3317 fors

575 3350 684 3425 croci.
745 3346 815 3420 Sed
847 3350 1005 3419 mundns
1036 3346 1121 3421 haec
1154 3350 1341 3441 ignorans,
1375 3353 1511 3429 iudicat
1531 3380 1573 3427 ex
1623 3353 1718 3422 inter
1734 3349 1887 3421 Paulum
1901 3364 1937 3423 et
1949 3350 2141 3421 Neronem.

577 3449 790 3526 tristissimis
811 3452 1019 3542 spectaculis
1037 3453 1479 3546 suiseriarumEcclesiae,
1506 3485 1570 3530 ne·
1725 3452 1881 3543 Quinta,
1906 3452 2001 3545 Quia
2019 3455 2095 3524 volt
2110 3450 2206 3522 Deus
2223 3449 2434 3525 excellentia
2457 3454 2589 3525 membra

579 3557 664 3649 gligi
683 3578 758 3624 eam
779 3577 798 3623 a
818 3551 906 3629 Deo.
1624 3555 1662 3625 in
1676 3551 1835 3629 Ecclesia
1850 3556 1927 3629 beri
1944 3553 2140 3627 conformia
2162 3552 2236 3624 filio
2257 3551 2342 3631 Dei.

681 3655 863 3728 Adversus
886 3652 953 3727 boc
980 3657 1152 3768 iudicium
1174 3659 1359 3733 confirmat
1383 3686 1449 3736 nos
1474 3663 1573 3741 Deus
1725 3659 1848 3748 Sexta,
1877 3659 1963 3732 Vult
1977 3658 2073 3732 Deus
2089 3657 2245 3750 conspici
2260 3678 2365 3728 suam
2382 3660 2588 3750 praesentiam

576 3764 617 3833 in
643 3773 716 3833 tota
746 3760 910 3832 doctrina
942 3755 1139 3850 Ecclesiae,
1166 3776 1208 3835 ut
1225 3761 1355 3844 Psalm.
1375 3767 1454 3840 SE:
1473 3770 1574 3843 Mul.
1623 3761 1661 3831 in
1679 3783 1806 3853 genere
1823 3762 1999 3845 humano,
2025 3775 2060 3834 et
2080 3759 2286 3853 praesertim
2314 3761 2356 3831 in
2372 3757 2538 3847 Ecclesia,
2558 3773 2587 3831 ot

577 3881 634 3936 tae
661 3862 912 3936 tribulationes
935 3864 1131 3945 iustorum,
1171 3867 1232 3937 sed
1259 3889 1300 3936 ex
1322 3873 1493 3946 omuibus
1517 3869 1574 3946 his
1623 3865 1822 3940 refutentur
1838 3866 2019 3961 Epicurei·
2052 3863 2138 3935 ldw
2153 3858 2587 3962 110111111111Ε1110111111·

580 3966 752 4038 liberabit
774 3989 835 4038 eos
857 3965 1048 4040 Dominus.
1117 3965 1167 4040 Et
1186 3967 1322 4042 Paulus
1352 3970 1410 4046 bic
1435 3975 1573 4074 inquis:
1623 3970 1821 4042 sensionem
1839 3987 1880 4044 ut
1894 3970 2043 4062 imperia
2057 3966 2205 4054 mundi,
2225 3978 2262 4037 et
2281 3969 2450 4042 accidunt
2471 3966 2588 4048 sancus,

586 4069 798 4150 Gloriamur
820 4069 859 4138 in
875 4069 1150 4159 afflictionibus,
1176 4073 1367 4146 Laetamur
1382 4091 1425 4170 ,et
1449 4087 1575 4156 statui.
1625 4074 1736 4143 multa
1751 4073 2011 4148 inextricabilia
2028 4067 2187 4144 hnmano
2202 4068 2374 4157 oonsilio,
2391 4071 2479 4145 sicut
2493 4069 2588 4164 inquis

580 4196 660 4245 mus
683 4195 740 4242 eas
762 4193 836 4242 esse
862 4196 937 4242 non
962 4175 1062 4265 signa
1082 4175 1155 4268 irae
1181 4174 1266 4262 Dei,
1295 4179 1353 4249 sed
1377 4205 1432 4252 res
1447 4185 1572 4275 bonas,
1625 4175 1808 4249 Ieremias:
1841 4177 1924 4251 Scio
1947 4176 2122 4262 Domine,
2155 4173 2252 4269 quod
2272 4196 2350 4244 non
2377 4175 2425 4248 sit
2454 4171 2587 4244 bominis

579 4272 951 4372 ntPsalmusinqnit:
979 4275 1122 4348 Bonum
1145 4273 1235 4348 mihi
1260 4285 1357 4377 quod
1375 4280 1574 4367 humiliasti
1624 4280 1793 4354 1111θὶ111·
1854 4281 1961 4354 ltem:
1997 4277 2089 4350 Cum
2118 4276 2585 4372 11111Ῑ1ὓ11·’111111118111111ω

579 4401 658 4466 nse,
681 4391 723 4450 ut
739 4375 911 4450 discerem
924 4378 1189 4453 iustificationes
1213 4396 1378 4460 tuasetc.⁴
1624 4384 1691 4465 sit,
1717 4384 1811 4457 oculi
1828 4387 1942 4458 nostri
1965 4384 2011 4453 ad
2036 4396 2071 4454 te
2086 4377 2245 4452 Domine
2272 4379 2466 4452 tolluntur:
2493 4390 2529 4451 ut
2545 4377 2586 4446 ls-

685 4478 817 4552 lntexit
832 4496 950 4554 autem
968 4481 1101 4554 Paulus
1114 4480 1207 4556 hanc
1222 4490 1455 4565 necessariam
1474 4519 1572 4568 com.
1626 4491 1839 4580 psusAdae,
1857 4486 2017 4560 venditio
2030 4478 2171 4577 loseph,
2186 4480 2338 4556 Davidis
2350 4483 2586 4566 exiliummos·

582 4582 879 4654 memorationem
898 4587 944 4656 de
959 4586 1237 4674 afflictionibus,
1262 4603 1302 4662 ut
1324 4613 1488 4670 occurrat
1506 4595 1576 4672 hu·
1626 4596 1692 4663 bus
1706 4595 1798 4685 regis
1814 4587 2148 4664 Nabuchodonosor
2168 4600 2235 4658 rte·

475 4731 480 4742 ·
582 4709 709 4776 manae
725 4686 938 4764 obiectioni:
965 4686 1006 4760 si
1022 4711 1146 4761 sumus
1160 4691 1245 4764 iusti
1261 4707 1296 4766 et
1312 4697 1385 4768 cari
1401 4698 1490 4789 Deo,
1511 4728 1577 4777 cur
1727 4695 1957 4791 Conspicitur
1982 4693 2095 4784 igitur
2121 4687 2320 4783 praesentis
2343 4687 2428 4773 Dei,
2455 4707 2528 4758 cum
2544 4681 2584 4751 sis

583 4811 707 4860 sumus
729 4788 769 4857 in
783 4789 1109 4863 tantisaerumnis?
1627 4800 1827 4874 liberantur
1851 4798 1983 4882 sancti,
2008 4807 2050 4869 ut
2069 4793 2173 4870 fateri
2193 4792 2290 4886 ipsos
2310 4805 2347 4864 et
2368 4792 2454 4867 alios
2467 4805 2583 4860 necusr

684 4888 892 4984 Respondet
920 4909 1038 4969 autem
1066 4893 1236 4968 breviter:
1283 4895 1363 4972 Hae
1383 4925 1577 4980 aerumnae
1626 4905 1692 4992 sit,
1717 4905 1890 4976 divinitus
1912 4911 2069 4974 servatos
2090 4919 2178 4970 esse.
2235 4892 2299 4968 sie
2319 4907 2397 4966 orat
2411 4889 2533 4964 usim
2551 4886 2582 4954 ir

585 5005 669 5064 sunt
686 4995 849 5066 exercitia
864 4997 946 5068 bdei
963 5010 996 5069 et
1011 4997 1103 5091 spei,
1120 5022 1195 5071 non
1211 5015 1294 5072 sunt
1310 5007 1408 5094 signa
1424 5007 1499 5078 irae
1509 5008 1577 5083 Dei
1626 5008 1787 5080 numeris
1803 5004 1892 5099 Cap.
1909 5002 1989 5076 tt:
2022 4999 2071 5074 Ut
2086 5000 2235 5074 audiant
2246 4993 2429 5092 Aegyptii,
2454 4990 2540 5086 ‘1⁰⁰d
2553 5001 2584 5058 ω

586 5095 757 5166 adversus
778 5121 855 5174 nos.
909 5097 983 5172 lam
1008 5095 1080 5172 buc
1110 5102 1327 5194 adiungatur
1349 5109 1485 5200 integra
1511 5117 1577 5187 do.
1626 5112 1780 5184 Domine
1795 5111 1843 5180 sis
1858 5101 1896 5180 in
1917 5103 1984 5178 boe
2001 5101 2147 5198 populo.
2195 5090 2583 5188 Ειι.Ιιες.17·ἱ1ι1ῑι

587 5196 723 5289 ctrina,
754 5223 864 5293 quare
887 5215 1001 5275 totum
1023 5226 1136 5294 genus
1161 5200 1360 5280 humanum
1383 5212 1430 5283 sit
1457 5217 1578 5290 subie-
1626 5213 1762 5288 David:
1789 5212 1840 5288 Ut
1855 5214 1943 5286 sciat
1965 5209 2084 5282 omnis
2106 5220 2222 5286 terra,
2245 5201 2344 5295 quod
2368 5197 2580 5272 estDomiout

586 5315 682 5372 ctum
704 5303 812 5376 morti
829 5305 959 5377 etaliis
980 5307 1266 5399 calamitatibus?
1315 5309 1455 5388 Deinde
1468 5343 1578 5413 quare
1625 5314 1723 5390 Deus
1745 5319 1784 5390 in
1809 5314 1934 5390 lsraiil.
1992 5309 2043 5384 Et
2062 5305 2231 5379 Ieremias
2254 5301 2328 5379 tt:
2355 5302 2414 5376 Tu
2434 5294 2579 5372 rutenio

584 5397 744 5477 Ecclesia
775 5407 886 5498 magis
917 5431 1129 5486 aerumnoso
1154 5410 1221 5500 sit,
1269 5434 1376 5508 quarn
1415 5420 1480 5492 alii
1510 5418 1578 5494 bo.
1626 5422 1733 5494 nobis
1755 5444 1793 5494 es
1808 5421 1986 5503 Domine,
2011 5427 2048 5484 ct
2069 5433 2201 5482 nomen
2222 5407 2579 5480 suuminvocstunest

586 5504 714 5589 mines,
1534 5542 1538 5555 ·
1625 5547 1835 5619 supernos,
1861 5547 1907 5592 ne
1928 5516 2155 5608 derelinquas
2176 5533 2255 5586 nos.

689 5606 809 5682 Prima
824 5633 929 5684 eausa
944 5625 998 5684 est
1008 5614 1135 5687 mortis
1158 5629 1193 5688 et
1215 5626 1461 5698 communium
1482 5629 1578 5702 cala-
1729 5627 1809 5701 Hae
1824 5647 1962 5711 musae,
1976 5641 2086 5717 quare
2099 5613 2259 5692 Ecclesia
2275 5599 2576 5686 cmcisssbisctasit,

584 5709 750 5782 miratum
775 5712 814 5782 i'sr
835 5727 912 5787 toto
935 5738 1063 5806 genere
1086 5713 1266 5806 humano,
1298 5723 1419 5818 lapsus
1440 5729 1578 5824 primo-
1626 5753 1767 5826 semper
1787 5733 1861 5804 sint
1880 5731 1920 5800 in
1942 5735 2154 5814 conspectu,
2185 5731 2222 5790 et
2240 5715 2388 5789 sciamus
2401 5711 2508 5822 Deum
2522 5723 2574 5795 ΡΟ·

585 5835 668 5882 111111
685 5824 893 5905 virtulum·
917 5831 952 5890 et
966 5833 1149 5912 peccatum
1170 5828 1268 5918 quod
1284 5845 1468 5906 nascentes
1489 5836 1577 5907 affe·
1627 5837 1763 5909 stulare
1776 5830 2018 5908 obedientiam
2035 5824 2075 5894 in
2089 5821 2236 5916 poenis,
2262 5833 2298 5892 et
2311 5821 2350 5891 in
2363 5833 2474 5893 cruor,
2493 5815 2573 5879 11111

585 5916 711 5992 rimus.
743 5911 885 5990 Deinde
898 5921 1128 5998 cumulantur
1148 5949 1285 6020 poenae
1297 5935 1499 6010 actualibus
1514 5941 1578 6012 de-
1597 5993 1605 6019 .
1625 5941 1777 6012 dictum:
1792 5914 2461 6022 HumilisrninisubpotentimanssDei.
2484 5908 2571 5983 Item
