5825 6950
585 659 661 732 ott
745 622 751 630 ’

595 829 680 902 ldeo
696 830 796 900 iubet
811 816 908 896 Deus
924 846 1082 919 sperare,
1109 819 1194 942 quis
1217 819 1411 912 indignitas
1435 834 1509 890 nos'
1525 821 1586 941 de-

593 943 713 1006 terret.
764 925 860 1018 Ergo
885 950 959 997 non
982 941 1033 997 εει
1057 925 1256 997 abiicienda
1272 947 1351 1014 spes
1368 937 1512 1013 propter
1528 947 1585 992 rn-

593 1034 821 1126 dignitatem‚
853 1029 927 1099 imo
949 1029 1162 1122 opponenda
1187 1040 1239 1097 est
1265 1023 1474 1116 indignitati
1502 1048 1585 1116 pro-

596 1151 675 1232 pter
694 1133 978 1228 promissionem.

698 1251 758 1324 Sic
773 1249 915 1320 Psalmo
930 1246 992 1321 42.
1018 1243 1176 1335 agnoscit
1198 1253 1233 1312 et
1248 1241 1378 1312 latetur
1392 1241 1586 1334 indignita-

595 1375 676 1434 tem.
743 1349 883 1424 Deinde
914 1350 1063 1439 opponit
1098 1369 1218 1438 spem:
1254 1341 1375 1433 Quare
1408 1345 1518 1415 tristis
1549 1366 1586 1413 es

597 1461 716 1531 anima
739 1477 835 1537 mea,
869 1465 905 1522 et
936 1473 1045 1543 quare
1074 1447 1266 1516 conturbas
1293 1448 1374 1517 me?
1414 1447 1525 1541 Spera
1547 1447 1587 1516 iu

596 1565 699 1650 Deo,
726 1555 810 1650 quia
824 1547 941 1624 adhuc
957 1551 1152 1621 confitebor
1167 1547 1231 1618 illi.

697 1675 759 1748 Sic
777 1670 918 1742 Psalmo
944 1668 1027 1738 tao.
1049 1668 1153 1737 initio
1181 1663 1369 1738 confitetur
1387 1680 1587 1756 peccatum:

597 1782 637 1854 Si
655 1776 860 1870 iniquitates
875 1771 1119 1841 observaveris
1134 1766 1310 1854 Domine,
1341 1771 1421 1863 quis
1433 1771 1586 1840 sustine-

598 1881 677 1954 bit?
714 1874 854 1948 Deinde
879 1887 1050 1944 sustentat
1079 1895 1114 1940 se
1137 1895 1223 1962 spe:
1266 1869 1445 1942 Sustinuit
1469 1872 1588 1942 anima

600 2006 678 2056 mea
696 1981 734 2049 in
760 1969 992 2060 verbosius,
1028 1973 1183 2066 speravit
1209 1972 1328 2041 anima
1351 1997 1428 2042 mea
1452 1974 1491 2042 in
1513 1969 1589 2043 Do-

597 2086 710 2157 mino.
764 2079 859 2169 Quia
876 2079 970 2168 apud
985 2076 1182 2148 Dominum
1196 2074 1440 2146 misericordia
1455 2089 1520 2147 etc.

699 2197 744 2270 ln
760 2198 890 2270 talibus
903 2195 1007 2266 dictis
1020 2217 1160 2284 semper
1182 2191 1419 2283 intelligatur,
1445 2215 1526 2285 spes
1548 2215 1590 2262 cx

599 2301 751 2398 gratuita
768 2298 1004 2392 promissione
1022 2299 1195 2386 pendere,
1220 2314 1295 2365 non
1321 2319 1362 2364 ex
1384 2295 1589 2366 conditione

598 2406 809 2478 meritorum
833 2414 868 2472 et
889 2399 1073 2490 dignitatis
1097 2412 1254 2481 nostrae,
1297 2419 1359 2466 seu
1391 2420 1432 2466 ex
1465 2397 1590 2466 condi-

599 2511 698 2582 tione
712 2488 818 2595 legis.
892 2499 944 2572 lta
971 2501 1174 2571 dulcescent
1199 2499 1282 2567 illae
1309 2499 1525 2582 sententiae,
1558 2509 1592 2567 ει

600 2611 741 2703 parient
755 2629 874 2675 veram
889 2617 923 2673 ει
938 2603 1111 2671 efficacem
1126 2600 1415 2670 consolationem.
1441 2597 1490 2669 Et
1505 2594 1591 2668 haec

600 2735 679 2803 spes
693 2711 733 2777 in
748 2699 974 2775 invocatione
991 2704 1181 2772 exercenda
1196 2714 1267 2787 est,
1285 2699 1517 2772 sicutPsalm.
1528 2703 1591 2774 ΩΒ.

601 2804 757 2882 ἀίεἰιιιεε
786 2806 827 2876 lu
852 2806 927 2896 ipso
954 2804 1110 2893 speravit
1135 2827 1358 2888 cormeum,
1391 2816 1426 2875 et
1447 2804 1591 2873 adiutus

601 2938 691 2984 sum.
764 2905 812 2980 Et
834 2907 927 2980 Psal.
950 2903 1028 2976 bb:
1068 2902 1198 2975 Beatus
1226 2905 1282 2974 vir
1314 2904 1376 2998 qui
1406 2920 1524 3004 sperat
1553 2903 1592 2973 in

602 3041 644 3086 eo
663 3027 727 3086 etc·
774 3007 823 3080 Et
844 3007 935 3078 Psal.
952 3002 1031 3080 25st
1060 3005 1228 3080 Universi
1249 3005 1310 3099 qui
1338 3021 1373 3078 ιε
1397 3018 1593 3098 expectant,

600 3141 675 3188 nou
693 3114 969 3183 confundentur.
1022 3107 1152 3178 Psalm.
1168 3104 1222 3182 4.:
1248 3107 1592 3180 Sacrificatesacrili·

600 3219 695 3289 cium
713 3214 892 3299 iusticias,
917 3225 952 3281 et
965 3224 1101 3302 sperate
1118 3209 1155 3277 in
1172 3207 1341 3281 Domino.

703 3332 884 3404 Hactenus
912 3332 957 3400 de
981 3341 1108 3423 quarto
1138 3340 1346 3417 argumento
1370 3328 1505 3400 dictum
1529 3341 1594 3414 est,

601 3436 778 3521 uidelicet,
803 3433 900 3528 quod
917 3433 956 3501 in
975 3429 1172 3523 praesentia
1189 3429 1299 3499 simus
1316 3430 1472 3518 liberati,
1496 3433 1593 3526 quod

601 3542 647 3611 ad
672 3538 942 3629 imputationem
969 3532 1106 3603 attinet.
1183 3528 1323 3602 Deinde
1355 3534 1451 3626 quod
1482 3533 1592 3604 simus

602 3665 664 3733 spe
688 3637 847 3721 liberati,
874 3636 971 3729 quod
995 3634 1120 3705 attinet
1135 3633 1179 3703 ad
1197 3633 1368 3722 integram
1386 3634 1592 3705 novitatem.

602 3740 746 3815 Dictum
762 3752 813 3810 εει
828 3738 933 3811 etiarn
950 3735 1010 3822 id,
1036 3737 1132 3829 quod
1151 3737 1195 3804 de
1210 3757 1270 3826 spe
1287 3736 1439 3805 maxime
1455 3737 1592 3807 moneri

602 3829 838 3920 necessust,
870 3838 1030 3924 scilicet,
1074 3839 1170 3931 quod
1205 3849 1430 3929 praeceptum
1455 3837 1521 3923 sit,
1554 3852 1594 3908 ut

602 3966 781 4037 speremus
797 3941 981 4033 promissa,
1007 3951 1042 4009 et
1057 3940 1153 4032 quod
1170 3963 1244 4008 nou
1260 3940 1431 4009 assuenda
1444 3939 1490 4013 sit
1505 3963 1593 4011 con-

601 4046 692 4116 ditio
723 4041 905 4135 dignitatis
934 4054 1094 4126 nostrae,
1136 4062 1199 4111 seu
1228 4041 1449 4111 meritorum.
1533 4038 1592 4111 Sic

602 4146 713 4236 igitur
748 4143 948 4216 delinienda
980 4154 1032 4212 est
1060 4163 1152 4230 spes.
1227 4140 1315 4231 Spes
1338 4153 1390 4210 est
1416 4154 1509 4213 certa
1534 4166 1593 4211 ex·

599 4248 754 4341 perlatio
779 4244 972 4337 promissae
993 4242 1117 4313 salutis
1142 4256 1287 4334 propter
1305 4238 1491 4314 Christum
1516 4267 1592 4313 cre-

601 4349 788 4435 dentibus,
814 4369 887 4416 uon
903 4358 1049 4438 propter
1064 4344 1270 4435 dignitatem
1287 4358 1457 4421 nostram.

801 4522 872 4601 Per
888 4524 1114 4625 patientium
1138 4534 1385 4623 expectamus.

703 4661 843 4736 Diserte
866 4661 1002 4757 inquit:
1029 4662 1099 4733 Per
1125 4662 1332 4753 patientiam
1359 4677 1581 4754 expectamus

601 4783 644 4840 ut
658 4767 831 4855 significet
846 4788 920 4834 nou
937 4778 1075 4834 tantum
1094 4764 1232 4834 differri
1247 4764 1511 4851 liberationem,
1527 4768 1587 4835 sed

603 4871 652 4940 ita
676 4866 832 4947 differri,
866 4878 906 4935 ut
931 4866 1065 4934 interea
1088 4887 1216 4955 magna
1241 4880 1274 4936 et
1299 4866 1456 4955 iugentia
1480 4881 1592 4937 certa-

601 4972 700 5041 mina
715 4968 920 5037 sustinenda
936 4967 1019 5036 sint.
1069 4966 1195 5038 Sancti
1209 4982 1382 5038 vexantur
1396 4970 1591 5039 terroribus

602 5069 753 5164 peccati,
777 5067 918 5137 insidiis
936 5066 1091 5152 diaboli,
1117 5068 1311 5151 scandalis,
1336 5070 1592 5159 persecutione,

602 5183 637 5242 et
657 5170 763 5240 variis
785 5168 943 5252 casibus,
975 5168 1105 5260 quibus
1130 5167 1217 5236 tides
1238 5170 1459 5255 concutitur,
1494 5186 1528 5243 et
1550 5172 1590 5241 in

602 5272 782 5367 aliquibus
812 5268 1040 5357 extinguitur.
1098 5268 1149 5341 Ut
1178 5270 1287 5360 igitur
1319 5266 1405 5342 haec
1434 5273 1590 5365 pericula

597 5370 858 5469 prospiciamus
880 5381 915 5441 et
936 5369 1196 5459 intelligamus,
1220 5384 1254 5443 et
1277 5386 1317 5443 ut
1334 5388 1592 5466 praeparentur

602 5474 714 5547 animi
743 5472 788 5543 ad
818 5465 906 5543 haec
935 5472 1146 5559 certamina,
1184 5472 1269 5543 addi
1299 5474 1398 5546 iubet
1426 5476 1500 5569 spei
1528 5500 1591 5571 pa·

601 5576 775 5649 tientiam.

701 5692 772 5763 Hic
793 5691 1091 5762 considerandum
1107 5706 1178 5776 est,
1202 5691 1289 5786 quid
1311 5692 1455 5788 proprie
1477 5696 1591 5788 sigma

601 5798 680 5867 ticet
704 5793 895 5885 patientia,
921 5795 1018 5887 quod
1039 5817 1080 5863 ex
1106 5795 1295 5867 collatione
1313 5798 1423 5887 magis
1439 5798 1592 5891 intelligi

1175 647 1301 724 Pfltu.
1328 645 1448 722 bllil.
1474 647 1684 722 SCRIPTA
1711 645 2015 726 exsolutos.

2523 675 2584 758 672

1638 835 1761 914 potest.
1814 819 1977 894 Primum
2001 822 2110 918 igitur
2133 827 2266 916 dicam,
2292 830 2585 938 quidPhilotophis

1637 925 1807 1014 significet
1832 923 2015 1015 patientia.
2088 925 2154 1000 Est
2176 931 2270 1004 enim
2298 936 2475 1034 patientia,
2509 945 2586 1022 iuxta

1637 1026 1809 1098 iudicium
1826 1027 1997 1116 rationis,
2038 1034 2210 1122 quaedam
2236 1036 2432 1112 obedientia
2456 1068 2527 1136 erga
2545 1074 2589 1120 ra.

1638 1128 1792 1213 tionem,
1819 1153 1909 1224 quae
1925 1131 2129 1206 moderatur
2142 1135 2305 1225 dolores,
2331 1154 2364 1211 ει
2378 1139 2540 1234 prohibet,
2555 1176 2589 1224 ue

1638 1231 1780 1318 dolore,
1804 1229 1875 1316 ira,
1900 1245 1961 1302 aut
1976 1234 2170 1325 cupiditate
2183 1236 2303 1334 aliqua
2327 1243 2427 1330 victi,
2450 1245 2590 1324 sacianos

1638 1347 1760 1404 contra
1778 1331 1966 1409 iusticiam.
2020 1333 2120 1408 Sicut
2136 1337 2311 1430 impulsus
2326 1341 2410 1417 Saul
2426 1349 2536 1420 dolore
2549 1375 2592 1422 ac·

1638 1448 1758 1524 ceptae
1783 1434 1916 1521 cladis,
1955 1435 2023 1506 sibi
2048 1439 2222 1512 conscivit
2242 1459 2404 1521 mortem.
2464 1447 2592 1526 Catilina

1639 1536 1885 1625 indignatione
1907 1551 2075 1629 concepta
2098 1557 2250 1634 pmpter
2279 1549 2469 1641 repulsam,
2503 1557 2593 1628 movit

1640 1638 1772 1708 bellum
1789 1637 1904 1708 civile.
1942 1637 1985 1708 ln
2000 1642 2132 1712 talibus
2149 1647 2317 1737 exemplis
2334 1653 2482 1742 conspici
2495 1668 2595 1744 potest,

1640 1739 1728 1832 quid
1744 1740 1791 1811 sit
1804 1737 2044 1830 impatientia:
2077 1767 2096 1814 e
2120 1746 2264 1834 regione
2286 1750 2395 1839 igitur
2413 1749 2594 1857 Philosophi

1640 1855 1771 1914 vocant
1803 1842 2010 1934 patientiam
2040 1849 2222 1938 quandam
2249 1855 2487 1925 moderantem
2512 1861 2594 1930 dolo-

1636 1967 1735 2019 rem,
1775 1957 1809 2014 et
1841 1939 2109 2036 prohibentem,
2150 1972 2196 2020 ne
2234 1975 2381 2024 ruamus
2414 1971 2526 2032 contra
2552 1963 2596 2032 lu·

1639 2045 1790 2119 stiriam.
2280 2121 2284 2127 ,

1742 2143 1813 2217 Sed
1829 2147 1932 2236 longe
1949 2149 2068 2240 plures
2082 2150 2366 2228 circumstantiae
2379 2173 2458 2232 sunt
2472 2159 2597 2234 inChrl·

1641 2245 1752 2317 stiana
1772 2249 1952 2339 patientia.
2003 2250 2306 2328 Primomcausae
2320 2259 2496 2339 differunt.
2544 2263 2597 2338 llic

1642 2347 1735 2418 enirn
1753 2361 1822 2420 tres
1841 2374 1965 2420 causae
1980 2353 2069 2424 aliae
2087 2368 2182 2426 suot.
2216 2354 2337 2429 Prima
2356 2376 2406 2433 est
2423 2366 2597 2438 mandatum

1642 2449 1720 2523 Dei.
1767 2445 1920 2544 Oportet
1936 2454 2029 2524 enim
2046 2456 2134 2526 scire
2150 2481 2284 2546 omues,
2311 2465 2409 2556 quod
2424 2469 2598 2538 mandatum

1642 2548 1708 2620 Dei
1728 2551 1792 2631 sit,
1819 2567 1860 2625 ut
1885 2555 2093 2628 obediamus
2114 2558 2150 2628 in
2177 2559 2448 2653 afflictionibus,
2473 2583 2506 2640 et
2524 2575 2596 2663 quod

1643 2652 1862 2743 indignatio,
1909 2677 1971 2728 seu
2018 2658 2239 2750 impatientia
2287 2665 2534 2742 indictionibus
2560 2673 2594 2742 sit

1643 2767 1836 2854 peccatum.
1887 2751 1972 2828 ldeo
1996 2762 2167 2854 praecipit
2189 2758 2371 2840 Christus:
2396 2767 2439 2842 In
2461 2773 2598 2866 patientia

1644 2857 1820 2947 possidete
1835 2858 1970 2930 animas
1988 2876 2131 2934 vestras.
2182 2857 2230 2936 Et
2247 2864 2381 2941 Psalm.
2394 2872 2517 2968 inquit:
2542 2875 2600 2945 lra-

1644 2958 1804 3044 scimini,
1831 2974 1865 3030 et
1881 2963 1993 3034 nolite
2008 2988 2162 3054 peccare,
2187 2965 2223 3036 id
2241 2983 2303 3051 est,
2333 2996 2413 3046 cum
2427 2977 2601 3061 irascimini,

1644 3084 1724 3130 cum
1751 3060 1790 3128 iu
1812 3061 2066 3136 afflictionibus
2092 3067 2213 3141 fremit
2239 3084 2387 3156 natura,
2421 3079 2523 3148 nolite
2542 3104 2602 3150 soc·

1645 3162 1830 3250 cumbere,
1855 3166 1915 3235 sed
1938 3165 2071 3238 vinoite
2092 3169 2390 3258 indignationem.
2439 3177 2484 3254 Et
2497 3179 2601 3252 Paulus

1645 3263 1778 3356 inquit:
1805 3262 1879 3337 Pax
1894 3261 1962 3337 Dei
1977 3269 2149 3358 gubernet
2165 3275 2272 3344 corda
2291 3290 2419 3356 vestra.

1747 3365 1911 3438 Secunda
1934 3392 2037 3440 causa
2060 3385 2112 3445 est
2125 3365 2384 3463 Evangelium,
2411 3385 2499 3477 quod
2517 3383 2603 3452 inter-

1645 3480 1805 3559 pretator
1818 3469 2029 3541 afflictiones
2045 3498 2118 3543 nou
2133 3498 2205 3544 esse
2222 3479 2323 3567 signa
2341 3484 2412 3555 irae
2425 3486 2498 3559 Dei.
2529 3484 2603 3555 llaec

1644 3583 1819 3641 causaest
1843 3572 1961 3660 ignota
1978 3575 2110 3644 rationi
2127 3589 2162 3646 et
2184 3577 2271 3666 legi,
2297 3594 2435 3656 tantum
2456 3590 2602 3656 revelatur

1644 3672 1682 3740 in
1698 3668 1906 3761 Evangelio.
1948 3672 2053 3747 Tunc
2068 3678 2177 3767 igitur
2190 3693 2303 3769 potest
2314 3686 2508 3760 obedientia
2524 3712 2605 3780 prae·

1645 3773 1750 3859 stari,
1777 3798 1857 3845 cum
1871 3798 1972 3846 meos
1986 3800 2061 3847 uon
2080 3794 2216 3851 tantum
2242 3782 2404 3860 intuetur
2427 3794 2604 3862 mandatum

1645 3872 1730 3959 Dei,
1758 3877 1819 3947 sed
1844 3876 1948 3948 etiarn
1971 3881 2122 3951 alterum
2145 3878 2325 3958 obiectum
2348 3892 2463 3977 videt,
2486 3893 2604 3974 scilicet,

1645 3997 1700 4045 res
1724 3977 1817 4069 ipsas
1837 4002 1911 4050 non
1933 4002 2006 4055 esse
2025 3982 2123 4070 signa
2141 3984 2235 4073 irae,
2259 3992 2322 4060 sed
2339 3993 2452 4063 bonae
2466 3996 2604 4066 volunta-

1644 4080 1690 4149 tis
1706 4074 1785 4149 Dei.
1825 4077 1894 4149 Hic
1912 4083 1957 4149 de
1973 4083 2229 4157 afflictionibus
2242 4092 2443 4183 colligenda
2461 4108 2536 4167 sunt
2548 4096 2606 4175 illa,

1645 4202 1735 4274 quae
1758 4203 1864 4271 supra
1887 4182 1980 4253 dicta
2003 4199 2106 4270 sunt,
2138 4192 2232 4281 quod
2254 4199 2513 4272 noneveuiant
2532 4218 2606 4273 casu,

1645 4280 1742 4377 quod
1759 4306 1832 4351 nou
1850 4296 1932 4353 sunt
1948 4283 2047 4375 signa
2067 4286 2140 4358 irae
2157 4286 2230 4371 Dei,
2244 4306 2310 4365 etc.

1745 4381 1868 4454 Tertia
1884 4407 1987 4458 causa
2004 4401 2055 4457 εει
2072 4392 2260 4480 promissio
2283 4396 2427 4484 auxilii,
2452 4425 2535 4495 quae
2553 4400 2606 4471 mi-

1643 4482 1725 4555 nuit
1739 4498 1774 4555 ει
1790 4483 1884 4556 levat
1898 4486 2048 4578 speciem
2066 4490 2152 4563 mali
2169 4492 2208 4563 in
2225 4496 2494 4581 afflictionibus,
2538 4501 2606 4573 ldco

1643 4585 1739 4653 enirn
1759 4581 1876 4657 David
1902 4589 2139 4680 obtemperat,
2174 4596 2259 4688 quia
2284 4614 2320 4671 et
2344 4603 2439 4677 videt
2462 4629 2529 4675 uon
2551 4626 2608 4673 esse

1582 4719 1592 4750 s
1643 4687 1742 4777 signa
1765 4688 1858 4777 irae,
1885 4703 1920 4761 et
1941 4706 2099 4783 expectat
2119 4694 2382 4775 liberationem.
2432 4702 2480 4777 Αι
2510 4700 2608 4797 philo-

1643 4784 1787 4881 sophica
1803 4790 1974 4884 patientia
1992 4794 2068 4867 sine
2082 4818 2143 4889 spe
2159 4800 2284 4871 auxilii
2310 4818 2382 4892 est,
2406 4808 2537 4878 amissis
2554 4804 2608 4879 hu·

1642 4892 1756 4962 manis
1771 4894 1969 4983 praesidiis.

1743 4991 1807 5065 Est
1823 4993 1932 5083 igitur
1946 4990 2149 5069 Christiana
2169 5004 2341 5093 patientia
2359 5008 2525 5102 quaedam
2541 5010 2609 5079 obe·

1643 5093 1775 5163 dientia
1797 5094 1835 5164 in
1860 5096 2137 5186 afflictionibus,
2168 5107 2228 5176 sed
2256 5123 2403 5200 propter
2424 5112 2609 5183 mandatum

1643 5192 1731 5281 Dei,
1758 5195 1929 5297 adquam
1954 5202 2089 5272 accedit
2110 5205 2216 5289 fides,
2244 5233 2334 5302 quae
2358 5211 2453 5285 iuxta
2468 5208 2609 5303 Evange-

1641 5295 1753 5383 lium,
1780 5300 1899 5371 sentit
1924 5300 2135 5374 afflictiones
2156 5330 2230 5379 non
2254 5333 2326 5381 esse
2351 5313 2450 5405 signa
2475 5315 2556 5401 irae,
2582 5326 2609 5383 et

1644 5411 1800 5490 expectat
1814 5413 1849 5473 et
1864 5403 1952 5492 petit
1967 5404 2159 5493 auxilium,
2182 5409 2277 5485 iuxta
2295 5414 2404 5487 illud:
2432 5416 2551 5489 lnvoca
2565 5437 2609 5485 roe

1643 5501 1682 5569 in
1700 5499 1758 5570 die
1775 5501 2036 5592 tribulationis,
2062 5523 2097 5581 et
2119 5512 2267 5605 eripiam
2290 5528 2342 5602 te,
2370 5532 2405 5591 et
2420 5516 2608 5609 glorificabis

1643 5625 1700 5671 mc
1724 5614 1790 5677 etc.
1859 5602 1986 5675 Talem
2016 5610 2224 5699 patientiam
2258 5610 2326 5688 hoc
2354 5618 2432 5691 loco
2461 5618 2607 5691 describit

1643 5699 1787 5778 Paulus.
1832 5702 1994 5793 Postulat
2007 5711 2101 5779 enim
2118 5734 2191 5783 non
2209 5717 2343 5805 solum,
2370 5735 2411 5792 ut
2425 5722 2607 5795 obediamus

1644 5802 1683 5872 in
1702 5804 1974 5891 afflictionibus,
1999 5812 2181 5885 sedetiam
2196 5831 2236 5888 ut
2252 5832 2447 5894 statuamus
2469 5844 2528 5893 uos
2546 5843 2604 5889 non
