5825 6950
326 655 412 740 sss.
622 627 740 739 'mu
789 665 829 738 a
861 655 1233 736 connumerati
1252 655 1492 736 tuaene.
1517 655 1667 735 raum
1691 651 2049 737 mnonnnos.
2291 659 2369 740 ses

326 829 399 904 Dei
421 844 616 922 regnante,
639 831 703 928 qsi
724 833 824 920 ajdest
847 835 955 907 nobis
978 847 1149 929 tanquam
1165 834 1258 919 dus,
1290 844 1327 907 et
1375 832 1450 904 essi
1476 832 1517 902 in
1547 843 1736 926 utramque
1764 843 1919 926 partera.-
1966 833 2211 930 Hypucritae,
2253 849 2294 908 ut
2313 849 2366 912 est

325 933 506 1026 Spiritum
519 949 681 1010 unctum
696 935 872 1028 impertit:
885 937 1323 1028 ·Nonenimcegitsndom
1375 948 1523 1006 naturae
1537 934 1746 1016 iubemitss,
1771 937 1842 1008 sibi
1856 936 2015 1031 placent,
2039 939 2264 1010 admirantur
2285 961 2365 1012 suas

326 1051 382 1108 est
401 1033 587 1108 Christum
609 1059 760 1128 regnam
772 1039 934 1112 otiosum
955 1041 1047 1112 siccet
1070 1041 1208 1129 lingunt
1231 1037 1324 1110 Poti-
1377 1037 1544 1123 virtutes,
1569 1053 1761 1112 extenuant
1775 1054 1925 1111 naturae
1945 1040 2207 1119 infirmitatem,
2231 1064 2273 1112 ae
2294 1065 2365 1132 pu·

327 1152 406 1222 tae,
440 1138 562 1210 lovem
596 1141 753 1215 otiosum
782 1141 824 1212 in
855 1143 955 1214 coelo
984 1143 1149 1214 convivia
1178 1141 1327 1230 sgitsre,
1373 1151 1452 1211 tant
1475 1161 1513 1210 se
1535 1139 1614 1210 sine
1634 1153 1777 1230 peccato
1799 1162 1891 1228 esse,
1917 1157 1952 1214 et
1974 1144 2043 1234 legi
2062 1140 2131 1213 Dei
2153 1142 2364 1230 satisfacere,

327 1239 438 1312 Tales
451 1255 535 1314 sunt
550 1243 715 1315 tenebrae
728 1243 767 1316 iu
782 1247 966 1318 mentibus
976 1241 1321 1331 homiuumdelieo.
1372 1263 1409 1312 se
1423 1242 1640 1334 digestans
1655 1242 1727 1314 vita
1742 1257 1902 1331 aeterna,
1923 1271 1966 1316 ac
1979 1245 2107 1316 mereri
2123 1246 2231 1318 vitam
2248 1258 2363 1316 aeter·

325 1341 398 1413 Sed
425 1338 465 1412 hi
490 1359 627 1416 emeres
647 1345 727 1416 luce
748 1344 938 1437 Evangelii
959 1362 995 1441 et
1017 1348 1086 1420 bde
1108 1347 1322 1419 emendandi
1373 1367 1469 1414 nam.
1520 1343 1628 1414 Tales
1653 1357 1736 1415 sunt
1758 1369 1832 1415 nou
1857 1349 1964 1418 modo
1982 1343 2363 1442 hypocritarumcogi·

325 1458 425 1517 sunt.
478 1442 533 1518 De
546 1439 604 1516 bis
623 1446 709 1520 lidei
719 1449 915 1536 exercitiis,
943 1463 980 1521 et
1002 1452 1047 1521 de
1069 1471 1153 1518 vera
1175 1449 1320 1520 iuvoca-
1372 1447 1544 1531 tationes,
1570 1447 1630 1516 sed
1651 1445 1812 1518 omnium
1836 1442 2022 1522 hominurn
2045 1449 2279 1522 indicantium
2306 1473 2361 1519 se-

326 1547 428 1618 tione
448 1549 537 1642 quid
558 1561 706 1640 possunt
730 1539 850 1622 dicere
874 1552 1069 1624 adversarii
1094 1551 1227 1634 nostri,
1258 1549 1322 1643 qni
1370 1551 1531 1619 cundum
1552 1549 1741 1622 rationem.
1792 1547 1854 1620 Sic
1874 1548 1997 1638 Plato,
2022 1554 2073 1624 sie
2090 1550 2215 1624 Cicero
2238 1552 2361 1644 dispuf

322 1673 391 1740 pro
409 1646 610 1740 Evangelio
625 1654 671 1721 ds
687 1653 774 1737 fide,
800 1655 931 1728 docent
951 1664 1019 1726 uos
1034 1649 1320 1750 Pyrrhoniorum
1370 1663 1448 1722 tant
1472 1653 1516 1720 de
1539 1649 1804 1723 immortalitate
1827 1653 1986 1741 animae,
2024 1654 2186 1748 puriores
2212 1653 2360 1740 animas,

321 1747 592 1844 philosophiam
606 1754 651 1824 de
666 1755 901 1830 dubitatione.
1369 1777 1462 1846 quae
1486 1753 1608 1822 minus
1641 1748 1774 1824 habent
1803 1758 2004 1845 contagiis
2033 1757 2258 1848 corporibus,
2292 1751 2361 1826 hoc

426 1851 485 1924 De
501 1855 605 1926 tertia
620 1857 839 1949 quaestione.
873 1855 991 1932 -Haec
1004 1858 1125 1930 minus
1147 1857 1319 1948 explicata
1369 1868 1438 1938 est,
1465 1877 1555 1948 quae
1568 1855 1762 1928 modestius
1776 1856 1960 1941 viserunt,
1983 1858 2171 1930 subvolare
2186 1858 2224 1928 in
2241 1851 2360 1931 aethe·

322 1955 442 2029 estin
465 1957 645 2030 veteribus
664 1982 770 2051 qnam
791 1961 953 2053 priores,
985 1973 1067 2032 'cum
1091 1962 1140 2032 sit
1166 1960 1320 2042 maxime
1370 1980 1431 2043 ra,
1456 1959 1516 2027 sed
1537 1957 1731 2048 pigriores,
1762 1981 1852 2053 quae
1876 1960 1958 2050 plus
1980 1961 2134 2052 contagii
2158 1985 2176 2031 a
2200 1960 2360 2052 corpori·
2450 1977 2453 1984 ⁴

320 2060 536 2130 necessaria.
594 2059 718 2134 Manet
733 2061 773 2131 iu
789 2065 921 2136 renatis
936 2063 1062 2153 iugens
1082 2062 1318 2146 imbecillitas,
1369 2055 1602 2139 bushabent,
1629 2055 1697 2130 hoe
1719 2073 1792 2146 est,
1821 2084 1911 2155 quae
1933 2064 2175 2156 voluptatibus
2197 2061 2358 2154 corporis

321 2163 449 2231 minus
463 2161 590 2232 timent
607 2159 745 2254 Deum,
772 2189 879 2257 quam
896 2167 1078 2256 oportuit,
1103 2165 1320 2238 uonardent
1368 2183 1407 2230 se
1435 2162 1736 2254 inquinaverunt,
1779 2157 1880 2234 humi
1909 2165 2001 2236 circa
2033 2166 2193 2260 sepulcra
2226 2165 2358 2254 vagari.

323 2265 393 2334 fide
415 2276 453 2334 et
483 2265 693 2350 dilectione,
739 2267 920 2339 interdum
955 2281 1132 2360 quaeruut
1162 2263 1318 2338 humana
1368 2261 1469 2352 Quid
1484 2265 1583 2335 aliud
1600 2265 1714 2354 reipsa
1731 2265 1856 2338 dicunt
1870 2263 2041 2340 Monachi
2050 2319 2060 2352 ‚
2094 2293 2174 2338 curu
2195 2266 2356 2340 innitent

327 2365 503 2456 praesidia
520 2366 632 2450 aliter,
656 2391 764 2460 quam
777 2391 985 2440 concessum
1002 2384 1065 2454 est,
1080 2384 1213 2454 errant,
1232 2380 1317 2440 sunt
1367 2367 1494 2436 merita
1509 2366 1598 2436 sua?
1631 2361 1710 2438 Etsi
1731 2382 1848 2441 sutem
1868 2372 1960 2442 ratio
1985 2366 2140 2442 humans
2162 2392 2239 2441 non
2253 2368 2356 2440 aliter

333 2469 545 2557 negligentes
557 2469 595 2538 in
608 2471 744 2553 officie,
768 2471 860 2544 fiunt
880 2462 1073 2544 insolentes
1091 2473 1132 2542 in
1154 2470 1318 2542 secundis
1367 2468 1502 2540 iudicat
1526 2491 1591 2539 suo
1616 2467 1774 2557 lumine,
1802 2484 1920 2542 tamen
1946 2474 2095 2543 verbnm
2118 2471 2187 2544 Dei
2207 2483 2355 2544 testatur

335 2573 457 2655 rebus,
498 2564 633 2642 habent
670 2571 924 2647 immoderatos
961 2575 1132 2659 affectus,
1167 2595 1318 2670 amores,
1367 2572 1545 2644 nemiuem
1571 2572 1640 2660 legi
1656 2574 1874 2656 satisfacere,
1899 2590 2040 2647 accusat
2061 2572 2223 2647 homiues
2244 2573 2354 2649 conbe

327 2673 428 2752 odia,
468 2687 642 2764 appetunt
663 2674 885 2748 inconcessas
906 2677 1121 2769 voluptates,
1155 2675 1195 2746 iu
1223 2675 1317 2745 aflli—
1367 2675 1491 2745 dentes
1514 2675 1659 2765 propria
1683 2674 1842 2760 iusticia,
1875 2691 1908 2746 et
1931 2679 2100 2770 proponit
2121 2677 2354 2749 mediatorem

326 2775 508 2846 ctionibus
531 2775 688 2847 tremum
711 2780 881 2851 adversus
900 2776 1046 2865 Deum,
1086 2779 1252 2850 dubitant
1272 2778 1317 2848 de
1367 2777 1480 2846 stium
1496 2773 1582 2860 Dei,
1607 2792 1814 2848 uecesseest
1829 2779 2191 2870 igiturarrogantiarn
2206 2791 2238 2848 et
2254 2799 2354 2848 secu-
2472 2828 2479 2847 .

325 2868 572 2948 misericordia
593 2874 680 2968 Dei,
713 2875 895 2968 suguntur
915 2881 1133 2966 diffidentia,
1174 2879 1318 2952 iniiam·
1366 2880 1507 2950 ritatem
1531 2874 1797 2971 hypocritarum
1819 2877 2042 2972 reprehendi.
2093 2879 2234 2953 Rursus
2253 2879 2355 2972 pavi-

324 2993 474 3050 mantue
487 2979 618 3052 iniusta
632 2982 827 3071 eupiditate
842 2984 1038 3063 vindictae,
1062 3007 1137 3056 nen
1151 2983 1318 3078 ardenter
1366 2983 1421 3052 dis
1451 2981 1677 3050 conscientiis
1702 3005 1794 3072 opus
1825 2995 1877 3052 est
1911 3009 1992 3054 vera
2019 2982 2281 3064 consolatione,
2313 2993 2354 3052 ut

326 3083 474 3152 student
504 3083 756 3170 gratitudinem
780 3107 880 3163 snam
905 3082 981 3156 Deo
1004 3087 1203 3169 declarare,
1242 3106 1316 3154 uon
1365 3085 1504 3154 discant
1519 3077 1596 3152 Deo
1612 3105 1686 3154 nou
1704 3084 1842 3174 plaeere
1865 3087 2118 3170 diffidentiam,
2145 3087 2204 3154 sed
2228 3085 2351 3158 fidem:

324 3185 572 3274 aguntgratias
583 3184 745 3274 flagranti
754 3187 1227 3278 pectoreprototbenebciis,
1241 3209 1316 3256 non
1365 3187 1504 3256 discant
1527 3183 1619 3254 idem
1640 3189 1822 3276 quomodo
1844 3189 1936 3270 vita,
1977 3212 2112 3272 rueres,
2152 3209 2215 3256 seu
2244 3207 2352 3275 opere

327 3287 412 3356 satis
434 3286 554 3376 magni
576 3289 765 3360 aestimant
780 3285 1037 3380 Evangelium,
1060 3288 1190 3378 frigide
1212 3288 1316 3357 adiu·
1365 3289 1543 3379 placeant:
1569 3307 1651 3356 nam
1668 3282 1910 3382 haecquoqne
1928 3290 2065 3380 placere
2083 3302 2232 3380 oportet.
2283 3286 2353 3358 Pe-

327 3403 413 3460 vant
443 3381 634 3480 Evangelii
663 3391 975 3483 propagationem,
1012 3414 1087 3463 non
1113 3391 1317 3460 afficiuntur
1365 3403 1443 3462 trus
1462 3387 1501 3458 in
1527 3389 1652 3483 cymba
1674 3393 1959 3481 perterrefactus,
1994 3393 2129 3487 iuquit:
2163 3387 2232 3462 tttri
2256 3413 2275 3460 a
2296 3411 2354 3464 me

326 3490 482 3585 publicis
509 3492 770 3565 oahm‘itatibus
799 3485 977 3567 Ecclesiae
1007 3508 1043 3565 et
1071 3493 1317 3586 Reipublicae,
1365 3492 1540 3573 Domine,
1565 3492 1650 3583 quia
1668 3506 1937 3583 pcccatorsum.
1989 3494 2068 3567 Etsi
2086 3496 2180 3563 inea
2196 3506 2353 3565 constec-

326 3620 401 3665 non
426 3594 564 3663 iaciunt
589 3608 670 3667 vota
701 3618 765 3683 pro
785 3594 958 3682 Ecclesia,
991 3620 1056 3687 pro
1077 3594 1317 3688 Principibus,
1364 3594 1511 3665 natione
1526 3593 1655 3676 animi,
1682 3596 1768 3685 quid
1785 3597 1930 3681 diceret,
1954 3622 2028 3668 non
2042 3596 2205 3679 attendit,
2221 3610 2353 3673 tamen,

326 3698 572 3767 incenduntur
587 3697 730 3770 iniustis
748 3699 875 3771 studiis
891 3699 1174 3791 quaerendarum
1195 3720 1317 3788 opum,
1363 3710 1404 3767 ut
1420 3698 1459 3767 ht
1474 3695 1511 3765 in
1530 3695 1845 3778 contristantibus,
1872 3700 1949 3771 sine
1963 3699 2191 3769 simulatione
2212 3718 2354 3788 expres-

327 3794 528 3881 houornm,
561 3800 761 3889 potentias,
788 3800 953 3871 inrident
977 3802 1059 3871 aliis
1079 3823 1173 3894 quos
1193 3800 1317 3871 vident
1364 3801 1430 3885 sit,
1453 3800 1551 3890 quod
1576 3796 1718 3867 animus
1738 3800 1929 3885 sentiebat,
1959 3802 2118 3892 fugiebat
2139 3800 2271 3881 Deum,
2295 3797 2354 3868 in-

323 3901 536 3973 antecellere
556 3901 706 3982 virtute,
739 3918 801 3975 aut
827 3903 907 3977 aliis
937 3902 1060 3989 bonis,
1100 3916 1138 3973 et
1158 3900 1316 3978 aemula·
1363 3917 1467 3974 tuens
1481 3923 1581 3972 snam
1598 3899 1864 3989 indignitatem:
1887 3902 1940 3972 sie
1954 3926 2077 3975 omues
2092 3898 2254 3972 homines
2267 3924 2354 3971 cou-

324 4007 435 4078 tioue.
486 4000 856 4103 interdum-scaudala
879 4006 1048 4079 sscitant:
1081 4004 1174 4077 sieut
1194 4026 1316 4078 semu·
1364 4017 1480 4097 specte
1500 4002 1713 4093 indignitate
1732 4024 1814 4087 sua,
1838 4004 1981 4095 lugiunt
2001 4006 2137 4089 Deum,
2169 4018 2204 4074 et
2224 4016 2353 4095 putant

325 4109 413 4179 latio
428 4107 690 4181 contumaciam
713 4108 849 4196 peperit
863 4107 902 4180 iu
925 4130 1049 4181 sorore
1062 4105 1170 4177 Moisi
1192 4120 1229 4179 et
1241 4102 1314 4175 Aa·
1363 4132 1401 4179 se
1415 4118 1509 4176 recte
1529 4106 1665 4191 iacere,
1689 4107 1789 4199 qood
1805 4106 1945 4197 indigni
1961 4109 2079 4179 nolint
2095 4108 2140 4179 ad
2156 4104 2272 4177 Deum
2292 4128 2353 4175 ac·

324 4232 429 4283 rone.
473 4202 569 4279 Haec
583 4224 757 4284 nonsnnt
772 4209 863 4282 levia
878 4210 973 4282 nata
987 4210 1233 4290 existimanda,
1253 4208 1317 4279 sed
1364 4210 1498 4280 cedere.
1557 4204 1664 4277 Hunc
1686 4230 1843 4279 errorem
1867 4210 2014 4280 inlisum
2038 4204 2205 4279 humanis
2226 4205 2354 4279 animis

324 4326 414 4385 sunt
425 4308 512 4381 vitia
528 4312 720 4399 pugnantia
734 4335 814 4382 cum
830 4312 907 4400 lege
922 4308 1006 4395 Dei,
1025 4325 1064 4381 et
1078 4312 1186 4401 digua
1202 4323 1316 4381 morte
1364 4305 1594 4403 reprehendit
1616 4333 1685 4379 vos
1706 4308 1917 4399 Evangelii,
1954 4334 2055 4405 quas=
2066 4312 2167 4381 iubet
2188 4310 2352 4379 accedere

323 4428 490 4495 aeterna,
514 4423 550 4482 et
571 4413 937 4502 oriuutnrnmaguis
952 4414 1108 4503 pestibus
1124 4428 1161 4484 et
1175 4423 1315 4503 peccato
1364 4425 1570 4505 quanquam
1588 4412 1766 4500 indignos,
1783 4413 1962 4485 sedicetos
1976 4414 2171 4483 mediatore
2186 4412 2259 4481 lilio
2272 4406 2351 4483 Dei.
2423 4464 2436 4485 ,

322 4516 497 4605 originis,
535 4514 703 4587 videlicet
723 4538 766 4588 ex
793 4514 1017 4603 ignoratione
1040 4516 1124 4599 Dei,
1156 4528 1193 4587 et
1214 4534 1316 4585 aver·
1363 4512 1443 4585 Etsi
1459 4514 1568 4603 igitur
1582 4515 1776 4585 necessaria
1794 4527 1845 4585 est
1869 4540 1963 4605 nora
1984 4512 2206 4598 obedientia,
2231 4526 2272 4583 ut
2294 4510 2353 4581 di-

323 4622 429 4690 sione
447 4612 622 4688 humanae
637 4617 865 4691 voluntatisa
881 4614 977 4702 Deo,
997 4617 1189 4711 'dequibus
1211 4616 1317 4700 vitiis,
1365 4632 1460 4691 ctum
1485 4630 1557 4699 est,
1590 4638 1630 4685 ac
1650 4614 1790 4687 iusticia
1811 4616 2199 4701 bunaecouscientiae,
2234 4629 2351 4685 tamen

325 4744 411 4793 tum
433 4714 727 4812 inquiepsutnr:
758 4718 891 4795 Sensus
911 4719 1030 4790 caruis
1051 4733 1104 4791 est
1127 4716 1317 4791 inimicitia
1365 4718 1481 4789 renati
1496 4740 1569 4786 non
1585 4716 1804 4788 satisfaciunt
1821 4717 1910 4809 legi,
1937 4732 1970 4789 et
1986 4730 2105 4787 manet
2127 4717 2166 4787 iu
2183 4716 2232 4786 eis
2255 4738 2353 4785 mer·

325 4828 498 4895 adversus
521 4817 655 4902 Deum,
683 4845 757 4891 nou
774 4822 886 4892 levem
901 4819 1162 4893 deformitatem
1182 4820 1317 4891 descri-
1365 4824 1433 4893 bus
1453 4819 1619 4910 originis:
1649 4820 1731 4911 qui,
1755 4833 1795 4892 ut
1818 4842 1920 4912 saepe
1945 4820 2171 4891 iamdictum
2194 4830 2265 4904 est,
2290 4844 2352 4887 ne-

324 4929 400 5009 bit,
425 4925 488 4993 sed
512 4924 636 5013 ingens
658 4938 692 4995 et
714 4935 815 4993 atrox
836 4924 982 4994 malum.
1038 4922 1188 4995 Constat
1208 4923 1318 5011 igitur
1366 4919 2047 5017 quaquamexistimeturlevemslum,
2070 4918 2181 4991 ethic
2205 4922 2352 4991 morbus

326 5028 510 5101 neminem
525 5025 594 5115 legi
607 5022 674 5097 Dei
691 5025 889 5098 satisfacere
903 5036 1043 5118 praeter
1057 5021 1259 5102 Christum,
1284 5038 1318 5091 et
1364 5026 1479 5115 gignit
1502 5023 1781 5095 innumerabiles
1799 5046 1926 5113 pravos
1946 5024 2115 5094 affectus.
2154 5021 2251 5093 Haec
2272 5048 2351 5091 cum

326 5136 368 5203 io
388 5131 522 5199 sanctis
544 5152 687 5202 manere
707 5128 795 5201 vitia
819 5127 1013 5218 pugnantia
1037 5152 1118 5197 cum
1139 5128 1216 5216 lege
1239 5122 1319 5209 Dei,
1366 5130 1438 5197 sint
1462 5127 1545 5197 vitia
1564 5128 1670 5214 digna
1692 5140 1807 5195 morte
1829 5138 1988 5208 aeterna,
2012 5128 2126 5197 renati
2147 5128 2252 5195 etiam
2276 5136 2355 5215 post

325 5257 421 5329 quse
437 5244 675 5321 suntpeceata
693 5229 956 5321 dignaaeterna
976 5242 1111 5312 morte,
1137 5227 1208 5301 nisi
1230 5250 1317 5296 con·
1366 5228 1654 5309 conversionem,
1695 5228 2006 5312 consentiunt,
2046 5226 2182 5307 idest,
2220 5227 2351 5315 accepti

326 5342 524 5407 donentur.
574 5330 653 5405 Hoc
669 5356 748 5403 cum
763 5333 812 5403 ita
827 5333 890 5417 sit,
917 5356 992 5401 nou
1008 5346 1147 5401 tautum
1160 5329 1201 5399 in
1215 5324 1315 5399 scho-
1367 5330 1443 5399 Deo
1465 5332 1507 5399 ad
1534 5330 1646 5401 vitam
1662 5343 1857 5411 aeternam,
1883 5341 2030 5421 propter
2053 5331 2216 5419 proprias
2238 5329 2351 5398 virtu-

327 5442 396 5518 lis,
423 5435 546 5505 sedin
569 5436 732 5508 omnium
754 5434 896 5526 piorum
913 5434 1093 5505 mentibus
1107 5426 1192 5503 haec
1210 5453 1318 5524 quae·
1367 5445 1437 5512 tes,
1463 5430 1529 5502 ted'
1541 5455 1605 5522 per
1620 5430 1898 5501 miscricordiam
1917 5433 2041 5521 gratis,
2067 5430 2195 5501 fiducia
2216 5430 2351 5499 media-

328 5540 398 5615 stio
420 5552 593 5631 perpetue
614 5535 788 5628 agitatur,
819 5548 854 5603 et
881 5557 956 5603 nen
977 5535 1136 5623 vulgaria
1160 5533 1318 5633 pericula
1368 5536 1455 5606 toris
1477 5529 1624 5606 Christi.
1685 5531 1773 5603 ltem
1798 5553 1872 5603 nen
1896 5547 2079 5602 merentur
2105 5534 2213 5603 vitam
2239 5542 2353 5599 aeter·

327 5661 362 5717 et
379 5637 575 5713 certamina
592 5650 726 5709 movet:
753 5634 898 5707 AuDeo
915 5637 1062 5727 placeat,
1089 5650 1123 5709 et
1138 5637 1318 5729 quomodo
1368 5660 1450 5705 nam
1473 5638 1546 5705 suis
1569 5634 1737 5724 operibus
1759 5656 1821 5705 seu
1843 5634 2049 5706 virtutibus.
2108 5633 2178 5704 Sed
2200 5640 2352 5704 statuere

325 5749 470 5840 placeat
509 5742 711 5832 imperfecta
750 5753 785 5810 et
823 5738 1062 5812 contaminata
1105 5738 1319 5811 obedientia.
1368 5739 1500 5809 debent
1532 5760 1569 5807 se
1598 5737 1674 5806 lieri
1697 5731 1865 5806 haeredes
1895 5737 1989 5806 vitae
2017 5746 2181 5807 aeternae
2209 5746 2355 5825 propter

328 5850 419 5923 ldee
440 5866 582 5946 necesse
605 5857 659 5917 est
679 5842 758 5937 pios
779 5843 824 5914 de
838 5834 905 5916 bae
921 5841 1128 5937 quaestione
1142 5854 1236 5915 recte
1252 5842 1317 5913 do·
1368 5838 1548 5915 Christum
1573 5840 1681 5931 gratis
1704 5838 1789 5911 fide:
1822 5837 1889 5911 etsi
1908 5838 2033 5925 fidem,
2073 5836 2269 5909 nt-dictum
2291 5850 2354 5921 est,
