5825 6950
330 686 382 758 so
754 687 835 763 xo.
895 680 1197 761 manuario
1225 684 1276 758 nv
1300 681 1488 762 avane.
1515 683 1730 802 loannis.
1787 689 1893 767 cae.
1920 692 1968 766 11.
2341 700 2391 772 70

332 879 487 949 tunm,
512 858 685 956 quicquid
700 873 840 954 petent,
867 860 929 931 bct
943 862 995 930 eis
1009 884 1028 928 a
1044 872 1144 950 patre
1157 881 1237 927 meo
1252 881 1334 926 coe·
1384 857 1537 950 gloriam
1564 863 1717 953 patriae,
1741 876 1776 935 ct
1797 867 1842 934 ad
1866 865 2134 958 reprimendum
2153 863 2385 949 Annibalem.

335 967 430 1036 lesti:
461 967 512 1036 ita
530 978 565 1034 et
580 964 790 1055 imprecatio
805 965 975 1054 adversus
991 962 1121 1050 impios
1135 973 1187 1030 est
1203 959 1335 1046 efficax,
1382 959 1447 1034 Sic
1480 965 1691 1054 generaliter
1724 967 1851 1036 ardere
1886 970 1960 1038 zelo
1994 969 2110 1041 bonos
2131 975 2385 1062 gubernatores

333 1067 545 1140 utDavidis
567 1091 653 1138 vos:
682 1066 823 1136 infatua
836 1063 934 1136 D‘cus
955 1064 1104 1134 consilia
1120 1056 1333 1154 Ahitophel.
1384 1079 1543 1156 oportet,
1577 1081 1616 1136 ut
1648 1091 1751 1159 saepe
1772 1068 1907 1139 Psalmi
1937 1071 2085 1146 dicunt:
2123 1074 2270 1170 lniquos
2300 1080 2383 1150 odio

335 1169 408 1242 Hac
442 1169 647 1241 sententiae
684 1163 875 1239 hortantur
908 1191 975 1238 nos
1004 1168 1048 1237 ad
1082 1163 1333 1258 precationem,
1385 1162 1516 1253 habui,
1544 1183 1578 1240 et
1605 1161 1716 1258 legem
1744 1185 1840 1243 tuam
1862 1173 1982 1243 dilexi.
2034 1177 2379 1274 Aurelianusimpe.

335 1277 412 1344 item
455 1277 505 1344 ad
541 1273 738 1343 timendam
768 1295 888 1340 veram
918 1268 1333 1352 excommunicationem,
1383 1285 1492 1356 rator,
1522 1295 1602 1339 cum
1618 1273 1777 1346 rescisset
1791 1276 1938 1346 militem
1957 1277 1990 1343 vi
2003 1292 2181 1371 stuprasse
2191 1277 2382 1373 hospitam,

336 1391 482 1448 monent
499 1375 608 1449 etiam
627 1399 718 1467 quae
732 1373 804 1444 sint
820 1397 918 1443 arma
927 1367 1125 1454 Ecclesiae,
1150 1366 1207 1438 his
1222 1371 1332 1439 armis
1382 1372 1570 1465 discerpsit
1585 1397 1665 1444 eum
1690 1377 1873 1466 alligatum
1890 1380 2031 1449 duabus
2051 1383 2240 1454 arboribus
2254 1385 2376 1455 ineur-

341 1481 568 1572 depelluntur
600 1477 753 1560 diaboli,
775 1475 1036 1566 'reprimuntur
1065 1473 1226 1568 tyranni,
1257 1472 1330 1542 imo
1382 1477 1485 1546 vatis.
1537 1475 1598 1547 Sic
1620 1479 1658 1547 in
1675 1481 1932 1568 gubernatione
1948 1503 2049 1552 arnor
2064 1485 2242 1579 iusticias,
2273 1494 2377 1581 pudi-

347 1582 484 1674 scipsis
502 1581 626 1672 regnis
639 1579 886 1661 excutiuntur,
911 1577 1146 1668 profligantur
1159 1575 1330 1644 exercitus
1381 1578 1507 1662 citiae,
1539 1579 1716 1661 veritatis,
1751 1598 1786 1652 et
1812 1587 1941 1654 arciens
1967 1587 2090 1654 odium
2116 1589 2304 1673 vitiorum,
2339 1609 2377 1662 ot

345 1681 627 1756 anateebirtcus.
680 1679 776 1772 Quia
798 1678 896 1751 Deus
918 1681 996 1749 vult
1011 1675 1208 1749 Ecclesiam
1229 1700 1329 1747 exer·
1382 1670 1464 1748 vera
1487 1680 1736 1770 indignatione
1754 1687 1921 1776 suscipiat
1938 1686 2096 1757 laborem
2114 1693 2157 1764 ad
2176 1694 2375 1782 puniendos

344 1815 406 1859 cere
427 1786 539 1857 tidem
562 1787 603 1855 in
627 1781 874 1862 invocatione,
901 1795 936 1852 et
955 1782 1099 1852 exaudit
1118 1775 1181 1850 bas
1198 1803 1330 1870 preces,
1381 1784 1586 1867 sceleratos,
1613 1802 1648 1856 et
1669 1781 1893 1856 sanciendam
1916 1789 2155 1880 disciplinam.
2205 1791 2275 1864 Hic
2289 1795 2375 1865 sile-

341 1919 378 1961 ne
402 1892 574 1966 funditus
597 1901 718 1980 pereat
739 1885 909 1956 Ecclesia.
977 1883 1087 1968 ltem,
1119 1896 1329 1953 attestetur
1380 1897 1456 1954 ctus
1489 1886 1682 1958 acerrimus
1705 1889 1774 1959 luit
1798 1890 1835 1957 in
1859 1888 1960 1972 Elia,
1993 1885 2154 1978 Elisaeo,
2187 1897 2254 1968 luit
2278 1913 2312 1970 et
2336 1900 2374 1968 in

339 1996 397 2066 sibi
413 2017 524 2064 curae
538 2015 615 2061 esse
629 1985 842 2074 Ecclesiam,
864 2002 899 2057 et
914 1986 1082 2056 exaudire
1098 2008 1228 2076 preces.
1379 1982 1540 2062 Christo.
1606 1990 1677 2062 Sed
1711 2015 1784 2060 non
1816 2015 1917 2083 saepe
1942 1993 1981 2062 in
2003 1995 2187 2085 puniendo
2209 1995 2375 2072 Christos

430 2095 525 2166 Nam
549 2107 592 2166 ut
607 2088 771 2164 Christus
792 2090 933 2161 ardenti
948 2090 1076 2181 spiritu
1095 2087 1228 2180 expulit
1243 2110 1327 2156 cau·
1379 2085 1477 2160 branc
1506 2092 1685 2181 ingentem
1711 2109 1848 2165 motum
1874 2097 2048 2181 exercuit,
2081 2100 2193 2189 magis
2218 2107 2373 2174 exercuit

341 2224 459 2294 pones,
485 2199 537 2268 ita
558 2218 699 2286 semper
720 2195 772 2286 pii
791 2195 954 2263 doctores
978 2193 1108 2276 verbo,
1134 2205 1169 2262 et
1185 2213 1327 2258 excom·
1378 2216 1459 2261 eum
1475 2193 1514 2260 in
1532 2195 1726 2264 tolerandis
1741 2197 1915 2284 adversis,
1942 2223 2032 2291 quae
2048 2202 2194 2272 serenda
2210 2221 2312 2274 erant
2328 2209 2370 2275 acl

342 2301 574 2374 mussitatione
599 2297 775 2388 expellere
796 2320 838 2366 ex
854 2293 1011 2365 Ecclesia
1031 2296 1162 2396 debent
1186 2291 1327 2382 impios,
1376 2299 1633 2366 restituendam
1664 2299 1812 2387 gloriam
1835 2302 1970 2370 aeterni
1995 2305 2123 2394 patris,
2155 2319 2189 2374 et
2214 2309 2256 2374 ad
2283 2307 2372 2376 libe-

258 2408 259 2437 ¹
350 2407 403 2499 qni
421 2415 639 2474 sacramenta
658 2401 698 2469 in
720 2412 905 2492 quaestum
919 2397 1107 2468 conterunt
1121 2408 1183 2466 aut
1200 2417 1325 2464 cumu-
1376 2399 1527 2466 randam
1551 2395 1765 2486 Ecclesiam,
1798 2427 1904 2496 qoam
1936 2419 1969 2474 et
1999 2409 2165 2476 ardenter
2188 2409 2371 2496 diligebat,

357 2510 419 2578 lant
446 2503 680 2582 ceremonias,
712 2516 753 2574 ut
781 2501 881 2571 lucra
905 2513 1067 2590 captent,
1100 2499 1192 2568 sicut
1215 2520 1323 2567 coena
1375 2514 1411 2570 et
1432 2500 1564 2574 sciebat
1586 2503 1689 2572 aliter
1703 2529 1776 2572 non
1793 2528 1892 2595 posse
1908 2505 2072 2592 liberari,
2098 2509 2167 2578 nisi
2184 2510 2258 2601 ipse
2273 2514 2368 2582 fieret

349 2608 474 2681 Domini
497 2610 696 2699 depravata
720 2607 819 2675 etad
843 2616 1028 2695 quaestum
1052 2603 1263 2682 collataest,
1290 2612 1324 2670 et
1376 2603 1530 2677 victima.
1581 2603 1667 2676 ldeo
1693 2607 1826 2676 dicitur
1847 2609 1884 2676 in
1903 2607 1994 2678 Psal.
2010 2609 2092 2679 68.:
2118 2610 2225 2682 Zelus
2241 2615 2370 2684 domos

344 2727 471 2804 possent
487 2709 633 2780 infinita
653 2707 811 2798 exempla
836 2705 989 2776 recitari.
1041 2703 1115 2774 Nec
1137 2727 1222 2774 vcro
1243 2703 1322 2772 ina·
1375 2719 1456 2777 tuae
1486 2707 1640 2778 comedit
1667 2733 1741 2794 me,
1775 2709 1812 2778 id
1841 2725 1912 2789 est,
1947 2712 2101 2783 absumit
2122 2739 2197 2798 me,
2231 2718 2369 2786 adduco

338 2819 385 2886 nis
406 2829 457 2886 est
479 2837 555 2882 vox
581 2812 644 2881 illa
659 2808 816 2900 Spiritus
840 2807 951 2878 sancti
969 2808 1008 2876 in
1023 2808 1092 2899 piis
1107 2806 1323 2892 doctoribus,
1375 2810 1483 2878 vitam
1524 2809 1560 2878 in
1597 2812 1788 2882 discrimen
1824 2815 1873 2882 ad.
1905 2814 2128 2884 liberandam
2163 2812 2369 2898 Ecclesiam,

335 2917 563 3010 urgerentibus
585 2915 666 2984 illas
688 2907 990 3004 prophanationes
1011 2925 1046 2981 et
1061 2911 1212 2980 nefarias
1228 2932 1323 2979 nun·
1375 2935 1482 3005 quam
1501 2911 1631 3002 diligo,
1658 2917 1751 2985 etad
1771 2917 1998 3006 depellendas
2013 2920 2262 3003 contumelias,
2287 2927 2367 3013 qui.

332 3020 551 3098 dinationes‚
578 3019 638 3087 sed
662 3013 818 3084 mirabili
841 3038 947 3104 opere
961 3011 1030 3083 Dei
1048 3029 1145 3099 ruet,
1171 3027 1206 3084 et
1223 3013 1321 3081 labe·
1373 3017 1440 3084 bas
1465 3011 1560 3085 Deus
1583 3018 1765 3097 allicitur,¹
1779 3042 1869 3110 quac
1890 3017 1979 3086 mihi
2004 3019 2183 3109 ingentem
2206 3023 2366 3092 dolorem

330 3125 380 3195 bet
406 3122 574 3215 potentia
606 3118 800 3212 impiorum
828 3117 1127 3202 sacrificulorum,
1158 3116 1221 3209 qui
1249 3114 1321 3185 illis
1372 3117 1545 3202 afferunt,
1588 3132 1621 3191 et
1653 3123 1697 3190 ad
1731 3119 1820 3188 iram
1850 3124 2050 3192 accendunt
2078 3125 2249 3194 adversus
2268 3125 2365 3196 blas·

327 3225 487 3317 aucupiis
503 3236 675 3318 quaestus
684 3222 974 3292 deformaverunt
988 3220 1124 3289 donum
1140 3218 1219 3292 Dei.
1374 3215 1534 3310 phemos.

424 3329 619 3400 Caeterum
642 3327 737 3418 quod
751 3322 989 3394 ‚sitaoibcium
1011 3322 1235 3411 magistratus
1254 3321 1320 3389 ad-

327 3455 447 3506 versus
477 3430 637 3501 cultores
667 3426 868 3507 idolorum,
901 3437 936 3497 et
959 3425 1180 3496 conferentes
1201 3445 1320 3493 sacra·

324 3552 440 3609 menta
460 3534 505 3603 in
526 3545 735 3627 quaestum,
761 3530 833 3599 alio
855 3531 935 3599 loco
950 3530 1100 3602 dicetur.
1150 3525 1221 3597 Hic
1234 3527 1320 3597 satis
1475 3528 1638 3603 Alterum
1662 3530 1796 3601 dictum
1814 3542 1906 3600 extat
1922 3534 2013 3621 apud
2032 3530 2174 3605 Esaiam
2189 3558 2265 3625 cap.
2283 3534 2364 3608 56.:

324 3656 371 3711 est
408 3635 662 3719 admonuisse,
683 3700 687 3707 ,
710 3634 806 3726 quod
840 3630 1083 3719 magistratus,
1130 3645 1318 3723 postquam
1372 3630 1509 3703 Domus
1537 3657 1632 3711 mea,
1666 3633 1793 3701 domus
1821 3634 1994 3703 orationis
2019 3638 2204 3708 vocabitur
2227 3640 2364 3711 cunctis

254 3807 255 3820 ,
327 3768 422 3813 error
446 3764 515 3832 per
539 3732 777 3825 Evangelium
800 3734 951 3803 reiectus
974 3748 1045 3814 est,
1078 3734 1184 3803 debet
1210 3740 1319 3803 manu
1370 3736 1547 3825 gentihus.
1607 3734 1733 3804 Brevis
1758 3738 1947 3826 descriptio
1972 3752 2023 3807 est
2047 3760 2149 3809 verae
2172 3738 2363 3823 Ecclesiae,

325 3846 466 3915 abolere
490 3854 656 3912 externos
676 3838 792 3909 cultus
815 3836 1015 3914 idolorum,
1042 3851 1076 3907 et
1090 3836 1152 3904 illa
1168 3836 1317 3924 aucupia
1371 3862 1411 3908 ac
1425 3839 1502 3907 veri
1519 3853 1552 3909 et
1568 3839 1747 3928 praecipui
1766 3838 1892 3910 cultus.
1945 3836 2104 3909 Primum
2122 3862 2205 3929 ergo
2219 3858 2361 3912 senten-

323 3961 540 4043 quaestuum
561 3942 603 4013 in
625 3940 785 4033 templis,
813 3951 850 4012 ct
869 3940 996 4029 punire
1018 3952 1171 4009 autores.
1221 3934 1320 4007 llaec
1370 3942 1417 4012 tia
1441 3937 1568 4009 Esaiae
1599 3941 1818 4029 intelligatur
1838 3941 1882 4009 de
1902 3941 1980 4029 ipso
2002 3943 2136 4031 populo
2159 3940 2244 4028 Dei,
2265 3968 2361 4013 nam

320 4048 497 4143 praecipit
529 4046 590 4115 lex
627 4044 750 4114 divina
789 4044 834 4113 de
868 4041 1062 4132 puniendis
1089 4034 1318 4131 blasphemis,
1369 4045 1414 4112 de
1437 4037 1505 4111 hoe
1527 4044 1687 4137 loquitur
1700 4037 1895 4131 Propheta:
1923 4038 2090 4113 Christus
2111 4058 2228 4115 autom
2244 4050 2287 4116 ad
2310 4048 2362 4115 lo·

320 4178 414 4247 quae
428 4153 539 4222 etiam
554 4150 600 4219 ad
616 4145 801 4237 politicum
815 4144 1062 4234 magistratum
1079 4144 1241 4235 pertinet.
1369 4169 1450 4214 eum
1475 4144 1661 4217 ministerii
1685 4150 1940 4215 accommodat.
1992 4144 2104 4215 Porro
2125 4148 2212 4239 quid
2228 4150 2274 4217 sit
2292 4148 2361 4217 Ec-

871 4254 877 4265 ’
1369 4243 1494 4332 clesia,
1520 4248 1607 4315 alias
1630 4247 1763 4316 dictum
1788 4261 1856 4328 est,
1884 4271 1979 4317 nrrne
2001 4249 2086 4317 satis
2106 4264 2157 4319 est
2176 4245 2241 4319 huo
2258 4252 2360 4333 scire,

1368 4352 1466 4442 quod
1493 4351 1538 4420 sit
1562 4348 1715 4440 populus
1737 4372 1818 4417 vere
1839 4350 2009 4419 invocans
2033 4348 2168 4435 Deum,
2193 4358 2288 4445 quod
2315 4356 2360 4422 sit

425 4457 530 4529 Duae
566 4454 762 4527 sententiae
796 4452 952 4523 citantur
987 4453 1025 4521 in
1054 4446 1120 4521 hac
1150 4445 1315 4522 historia:
1368 4452 1407 4519 in
1432 4453 1616 4540 agnitione
1637 4453 1714 4521 eius
1734 4453 1853 4531 verbi,
1887 4458 1982 4546 quod
2010 4454 2084 4544 ipse
2105 4450 2262 4524 tradidit.
2313 4455 2359 4523 Er

318 4566 431 4635 altera
462 4558 638 4642 declarat,
679 4557 775 4627 unde
807 4550 894 4625 haec
922 4556 976 4624 ira
997 4548 1133 4625 Christi
1159 4566 1235 4623 orta
1260 4554 1317 4638 sit,
1367 4556 1583 4623 transferant
1605 4557 1738 4624 dictum
1762 4555 1893 4643 singoli
1916 4558 1960 4624 ad
1984 4579 2075 4639 sese,
2101 4557 2186 4625 sciat
2209 4558 2359 4651 quisque

317 4683 354 4737 et
386 4668 495 4735 docet
527 4657 595 4730 hoc
623 4680 734 4753 opus,
764 4672 903 4728 motum
935 4680 1009 4727 csse
1031 4654 1251 4744 singularem
1278 4658 1315 4727 in
1367 4658 1466 4749 pius,
1501 4680 1538 4726 se
1561 4680 1635 4726 esse
1659 4660 1805 4725 domum
1829 4655 1908 4730 Dei.
1933 4706 1938 4713 -
1961 4656 2106 4745 Quare?
2158 4656 2238 4741 Non
2262 4664 2356 4752 quod

318 4768 471 4849 sanctis,
496 4778 532 4833 ct
554 4758 737 4842 bortatur,
760 4775 800 4832 ut
821 4760 950 4830 similis
971 4760 1024 4829 ira
1046 4782 1108 4828 seu
1124 4760 1314 4829 aemulatio
1367 4782 1495 4847 magna
1518 4782 1666 4831 munera
1690 4761 1749 4828 det
1762 4758 1857 4849 Deo,
1885 4761 1944 4829 sed
1963 4763 2058 4851 quod
2075 4754 2217 4829 invocet
2232 4760 2359 4843 Deum,

318 4869 504 4961 flagretin
520 4866 660 4936 sanctis.
712 4860 909 4933 Estautem
923 4862 1020 4933 aelus
1033 4860 1236 4948 indignatio
1253 4862 1315 4930 de·
1367 4876 1401 4932 et
1416 4864 1512 4955 quod
1528 4863 1663 4951 abipso
1677 4886 1758 4930 vere
1773 4875 1879 4952 petat,
1903 4875 1937 4929 et
1952 4876 2105 4954 expectet
2122 4864 2229 4937 bona.
2281 4862 2359 4932 Hoc

321 4976 457 5065 pellens
480 4969 652 5040 iniuriam
673 4970 720 5037 ab
740 4977 875 5045 amato,
907 4977 969 5034 aut
992 4986 1155 5055 pugnans
1176 4986 1222 5033 ne
1247 4962 1315 5033 sibi
1366 4985 1474 5054 opus,
1507 4965 1670 5035 videlicet
1701 4988 1781 5033 vera
1810 4964 2009 5046 invocatio,
2043 4966 2214 5036 discemit
2235 4964 2358 5036 Eccle-

321 5099 473 5169 parsurm
490 5085 606 5145 amata
622 5070 806 5160 eripiatur.
859 5065 910 5137 Ut
925 5090 1007 5137 cum
1022 5065 1191 5135 Samsoni
1206 5064 1314 5155 eripi·
1366 5068 1498 5135 siam'a
1522 5067 1705 5153 gentibus,
1738 5080 1778 5136 ut
1803 5067 1890 5134 alias
1910 5088 2013 5156 saepe
2035 5068 2178 5139 dicitur.
2231 5064 2277 5138 Et
2301 5065 2358 5139 hic

322 5200 379 5249 tur
399 5200 513 5259 uxor,
537 5173 695 5264 concipit
714 5172 770 5241 vic
790 5169 1039 5259 magnanimus
1053 5169 1232 5255 ingentem
1249 5168 1314 5237 do·
1365 5162 1440 5256 ipse
1455 5164 1633 5257 Propheta
1649 5164 1772 5238 Esaiam
1790 5189 1863 5259 cap.
1886 5167 1946 5237 48.
1964 5170 2137 5238 deliniens
2153 5166 2359 5250 Ecclesiam,

322 5286 452 5363 locem,
481 5276 661 5347 desiderio
677 5274 819 5357 uxoris,
844 5272 1051 5362 concipit‘et
1067 5271 1177 5355 iram,
1202 5283 1244 5339 nt
1256 5269 1313 5338 vel
1366 5270 1501 5362 inquit:
1536 5264 1714 5355 Omnem,
1745 5272 1807 5363 qui
1831 5270 1974 5341 invocat
1992 5296 2124 5341 nomen
2148 5294 2285 5357 meum,
2318 5274 2356 5341 in

323 5386 447 5475 puniat
467 5374 698 5458 Philistaeos,
733 5376 788 5446 vel
815 5375 962 5465 recipiat
989 5395 1156 5457 uxorem,
1189 5386 1224 5442 et
1245 5372 1314 5440 mi·
1365 5372 1515 5462 gloriam
1542 5392 1658 5445 meam
1679 5374 1793 5441 creavi
1818 5396 1919 5457 cum,
1953 5372 1989 5441 id
2015 5381 2083 5457 est',
2109 5374 2162 5461 pii
2185 5375 2254 5443 soli
2276 5398 2357 5445 vere

323 5500 462 5555 scantur
489 5481 598 5551 multi
624 5480 783 5550 affectus.
842 5476 943 5547 Sicut
971 5474 1147 5565 Virgilius
1177 5473 1328 5566 inquit:x
1366 5496 1423 5543 me
1445 5474 1660 5563 glorificant,
1688 5476 1754 5543 soli
1777 5486 1858 5544 sunt
1882 5472 2059 5545 Ecclesiae
2082 5475 2162 5545 viva
2187 5480 2356 5555 membra,

324 5588 432 5660 hlirta
451 5602 503 5657 est
518 5584 657 5653 insania
674 5584 784 5655 luctu.
835 5578 896 5650 Sic
912 5576 1033 5670 Scipio
1048 5578 1162 5647 trihus
1177 5576 1313 5665 magnis
1365 5576 1429 5669 quai
1459 5572 1554 5647 hunc
1584 5578 1740 5663 cultum,
1772 5576 1936 5647 videlicet
1963 5574 2225 5647 invocationem
2255 5604 2356 5671 prae-

324 5692 464 5780 praeliis
482 5685 714 5767 interfuerat,
738 5683 871 5774 quibus
885 5681 1024 5751 viderat
1040 5678 1135 5749 vinci
1151 5680 1314 5770 patriam,
1365 5693 1471 5749 stant.
1532 5676 1679 5751 Constat
1708 5694 1824 5749 autem
1855 5679 2117 5751 invocationem
2147 5704 2222 5749 non
2256 5704 2356 5769 posse

326 5792 388 5863 hae
413 5792 556 5871 clades,
585 5803 621 5857 et
647 5789 829 5877 ingentem
857 5785 1018 5854 dolorem
1047 5784 1080 5851 ei
1106 5782 1314 5864 attulemnt‚
1365 5782 1460 5865 fieri,
1487 5780 1557 5849 nisi
1575 5782 1613 5849 in
1630 5781 1811 5871 agnitione
1828 5780 1948 5863 verbi,
1974 5784 2068 5873 qood
2084 5778 2181 5852 Deus
2197 5784 2357 5867 tradidit,

326 5910 358 5967 et
382 5894 626 5968 accenderant
655 5890 745 5959 iram
775 5891 818 5959 ad
845 5886 1100 5958 restituendam
1125 5884 1313 5977 pristinam
1365 5898 1400 5954 et
1421 5884 1600 5975 agnitione
1625 5882 1708 5970 hlii,
1747 5900 1786 5956 ut
1810 5877 1974 5958 Christus
1998 5884 2132 5979 inquit:
2174 5884 2356 5981 Quicquid

1783 5982 1842 6057 5*

1434 3389 1584 3464 Domus
1608 3415 1707 3479 mea,
1742 3387 1872 3462 domus
1894 3391 2075 3468 orationis
2103 3391 2302 3470 vocabitur.

494 4314 613 4394 Zelus
639 4310 877 4423 domas'tuaa
901 4308 1053 4387 comedit
1076 4336 1142 4388 me.
